3263 5311
690 428 785 472 xv1
1686 428 2037 472 Puerum.

688 579 891 660 Neque
932 586 1137 659 potest
1186 578 1390 657 negari
1446 578 1602 640 haud
1664 579 1873 661 paucis
1927 579 1988 640 in
2046 577 2317 659 partibus
2361 580 2791 644 Tertullianum
2841 583 3034 666 11111110
3131 632 3136 639 2

686 682 990 764 puriorem
1035 688 1212 761 atque
1255 679 1719 741 emendatiorem
1764 680 2031 742 evasisse
2069 698 2144 742 ex
2180 680 2390 743 codice
2416 681 2821 756 Masburensi,
2865 684 3030 746 illum

685 762 884 845 tamen
928 781 1134 844 vellem
1172 780 1456 843 'Gelenius
1500 781 1581 853 ita
1625 780 1803 843 nobis
1849 780 2303 861 descripsisset,
2367 790 2437 861 ut
2477 784 2805 846 accuratius
2847 784 3032 846 hodie

680 884 969 947 iudicium
1012 883 1087 944 de
1130 900 1204 945 eo
1248 883 1518 962 proferre
1560 881 1799 955 liceret,
1856 881 2064 946 s'altem
2120 882 2175 944 si
2227 883 2372 963 qnid
2427 882 2566 945 inde
2618 892 2905 958 mutaret,
2966 886 3032 948 id

685 984 905 1065 ubique
949 1002 1018 1047 ex
1062 983 1307 1046 codicis-
1330 983 1425 1045 sui
1469 983 1822 1045 auctoritate
1863 991 2132 1045 mutasse
2174 1001 2244 1046 se
2284 983 2548 1047 indicare
2575 1004 2699 1047 non
2728 987 3029 1066 neffiexis-

686 1095 801 1148 set.
884 1085 1059 1147 Nunc
1096 1102 1240 1147 vero
1263 1130 1279 1158 ‚
1323 1092 1391 1146 ut
1432 1101 1642 1145 snmus
1687 1084 1877 1163 ignari
1919 1084 2022 1147 ubi
2065 1084 2184 1147 hoc
2225 1085 2334 1160 sit,
2381 1085 2481 1147 abi
2510 1104 2634 1147 non
2680 1087 2763 1148 sit
2791 1088 3032 1162 factum,

683 1186 842 1250 baud
880 1186 1197 1249 immemor
1228 1192 1513 1266 quantum
1552 1184 1668 1246 sibi
1704 1184 1767 1246 in
1809 1184 1938 1247 aliis
1969 1185 2389 1267 scriptoribus,
2414 1186 2709 1266 inprimis
2739 1187 3028 1263 Arnobio,

683 1287 1049 1368 corrigendis
1091 1286 1406 1349 indulserit
1446 1285 1672 1348 Gelenii
1713 1288 2093 1366 quantumvis
2136 1287 2325 1349 felicis
2375 1288 2650 1351 audaciae
2705 1288 3031 1368 ingenium,

685 1389 874 1453 sicubi
916 1407 1041 1451 non
1084 1386 1444 1451 contrarium
1488 1387 1642 1450 ratio
1683 1387 2053 1468 postulabat,
2116 1387 2302 1451 satius
2356 1389 2496 1451 duxi
2539 1407 2573 1451 a
2616 1390 3029 1469 Gangneianae

684 1490 963 1555 editionis
1006 1490 1300 1569 scriptura
1343 1507 1465 1551 non
1508 1489 1830 1563 recedere;
1884 1496 1954 1550 ut
2006 1489 2116 1551 teci
2160 1509 2214 1552 e.
2259 1508 2317 1569 g.
2373 1489 2544 1551 initio
2600 1490 2738 1552 libri
2781 1488 2867 1553 De
2907 1491 3026 1552 Ba-

680 1593 905 1674 ptismo
946 1592 1008 1653 in
1053 1590 1419 1655 memorabili
1458 1589 1561 1652 illo
1603 1590 1738 1653 loco
1769 1590 1870 1652 ubi
1909 1590 2247 1663 Quintillae
2287 1609 2507 1653 nomen
2547 1591 2687 1653 inde
2711 1610 2750 1652 a
2779 1591 3027 1653 Gelenio

678 1695 745 1756 in
790 1692 1068 1756 omnibus
1114 1691 1474 1754 editionibus
1517 1693 1728 1753 fertur.
1799 1690 1978 1763 Quod
2021 1708 2166 1753 vero
2211 1692 2472 1771 passim,
2518 1700 2584 1754 ut
2627 1692 2712 1753 De
2739 1692 3026 1755 Pudicitia

680 1813 809 1876 cap.
842 1798 903 1859 6.
948 1802 1011 1856 et
1050 1812 1178 1874 cap.
1214 1796 1336 1863 14„
1382 1792 1467 1854 De
1496 1792 1867 1871 Monogamia
1893 1810 2024 1872 cap.
2046 1795 2132 1867 3„
2177 1811 2303 1872 cap.
2335 1797 2418 1866 5„
2466 1810 2590 1873 cap.
2616 1796 2702 1868 9„
2747 1812 2875 1873 cap.
2901 1796 3025 1867 14„

682 1915 811 1977 cap.
847 1899 982 1969 16„
1044 1913 1173 1975 cap.
1210 1898 1343 1967 1⁷„
1416 1892 1652 1974 priores
1703 1893 2001 1956 editiones
2058 1893 2134 1955 de
2173 1892 2403 1955 Gelenii
2457 1894 2661 1957 codice
2717 1893 3026 1973 suppletae

684 2008 855 2072 sunt,
897 1997 1038 2068 huic
1063 1996 1334 2077 profecto
1370 1996 1458 2057 rei
1500 2012 1625 2056 non
1668 2001 1896 2057 tantum
1939 1994 2392 2058 adtribuendum
2436 2012 2577 2057 esse
2609 1994 2916 2068 existimo,
2957 2002 3030 2056 nt

679 2101 777 2163 ille
804 2107 1121 2180 propterea
1152 2097 1327 2159 etiam
1351 2095 1637 2174 Gangneii
1679 2103 1917 2170 vetusto
1948 2095 2218 2175 exemplo
2248 2096 2427 2176 longe
2454 2095 2668 2159 melior
2692 2104 3025 2158 censeatur.

678 2202 809 2263 floc
851 2201 1011 2264 enim
1056 2199 1195 2261 vitio
1239 2198 1396 2260 haud
1441 2215 1580 2259 raro
1623 2197 1717 2258 vel
1773 2197 2034 2277 optimos
2090 2196 2361 2259 laborare
2416 2197 2608 2261 libros
2671 2197 2869 2259 sciunt
2922 2197 3022 2276 qui

678 2303 769 2365 eis
813 2301 901 2363 uti
943 2308 1197 2373 norunt,
1240 2298 1566 2379 quinetiam
1606 2298 1672 2359 in
1714 2298 2052 2378 propinquo
2093 2298 2265 2361 adest
2304 2298 2528 2378 egregii
2566 2297 2725 2360 illius
2755 2298 3021 2378 Agebar

679 2402 805 2466 dini
847 2401 981 2464 libri
1028 2400 1384 2481 exemplum.

849 2502 1130 2582 Sequitur
1187 2501 1367 2563 editio
1411 2500 1524 2563 lae.
1569 2499 1852 2573 Pamelii,
1918 2518 2070 2580 quae
2122 2499 2347 2580 prodiit
2400 2498 3022 2561 a.MDLxx1x.1s

676 2575 858 2668 inusta
889 2603 1124 2683 quidem
1156 2602 1461 2682 congessit
1488 2602 1560 2664 ad
1591 2601 1999 2664 illustrandam
2028 2601 2340 2681 scriptoris
2371 2619 2549 2681 quem
2581 2601 2695 2664 sibi
2723 2600 3025 2680 delegerat

678 2706 1026 2780 doctrinam,
1046 2703 1398 2786 praesertim
1420 2722 1569 2784 quae
1590 2703 1980 2783 dogmaticam
2008 2705 2343 2783 veterisque
2369 2701 2652 2766 ecclesiae
2673 2703 2826 2765 n'tns
2847 2711 3022 2782 atque

676 2808 995 2870 historiam
1018 2813 1306 2886 spectant,
1332 2805 1529 2867 minus
1551 2822 1693 2866 vero
1715 2805 2020 2867 sollertem
2043 2823 2179 2867 sese
2200 2804 2262 2866 in
2281 2803 2454 2866 libris
2481 2804 2613 2866 eius
2644 2822 2677 2866 a
2707 2812 3022 2883 corrupte-

674 2909 864 2972 larum
887 2906 1169 2970 sordibus
1194 2895 1583 2987 repurgandis
1608 2906 1924 2986 praestitit.
1983 2906 2402 2984 Praeterquam
2434 2906 2594 2967 enim
2617 2904 2778 2985 quod
2807 2923 3022 2967 omnes

678 3010 894 3093 quibus
938 3027 1085 3071 usus
1130 3016 1224 3070 est
1244 3006 1505 3069 Vaticani
1537 3005 1633 3068 1111
1677 3006 1916 3068 codices
1960 3009 2112 3080 (tres
2155 3005 2423 3068 adhibuit
2447 3006 2525 3067 ad
2551 3006 3020 3087 Apologeticum,

678 3113 750 3175 ad
806 3111 993 3173 libros
1050 3108 1135 3171 De
1177 3108 1495 3183 Patientia,
1559 3107 1646 3169 De
1688 3107 2085 3181 Paenitentia,
2141 3107 2228 3170 Ad
2272 3108 2592 3186 Martyres,
2657 3106 2742 3168 De
2786 3106 3019 3169 Corona

674 3213 874 3276 Militis
893 3258 908 3285 ‚
952 3211 1039 3273 De
1081 3209 1355 3272 Velandis
1386 3208 1761 3288 Virginibus,
1816 3209 2118 3271 Adversus
2160 3208 2638 3280 Valentinianos,
2701 3208 2787 3269 De
2831 3208 3020 3270 Carne

676 3312 922 3385 Christi,
964 3312 1051 3373 De
1091 3309 1553 3373 Resurrectione
1597 3308 1843 3382 Carnis,
1888 3308 2185 3371 Adversus
2229 3309 2544 3383 Praxeam,
2589 3308 2661 3369 ad
2704 3308 2892 3371 libros
2931 3309 3020 3370 De

677 3414 895 3475 Habitu
937 3411 1208 3474 Muliebri
1260 3418 1323 3472 et
1361 3410 1447 3472 De
1488 3409 1661 3472 Cultu
1704 3410 2110 3484 Feminarum,
2153 3419 2216 3472 et
2249 3410 2341 3472 Ad
2384 3411 2671 3484 Uxorem,
2715 3410 2788 3471 ad
2829 3409 3020 3471 libros

676 3516 764 3578 Ad
809 3514 1151 3594 Scapulam,
1194 3513 1280 3575 De
1322 3512 1483 3590 Fuga
1527 3512 1588 3573 in
1635 3511 2087 3584 Persecutione‚
2131 3511 2219 3573 De
2248 3510 2674 3572 Exhortatione
2698 3510 3020 3584 Castitatis,

676 3616 762 3678 De
788 3616 1192 3694 Monogamia,
1239 3614 1390 3678 duos
1435 3611 1509 3675 ad
1552 3612 1740 3674 libros
1783 3613 2044 3692 quinque
2065 3612 2363 3675 Adversus
2404 3612 2791 3684 Marcionem,
2837 3629 3020 3674 unum

625 3710 633 3718 ’
677 3718 761 3780 ad
792 3716 980 3778 libros
1022 3715 1164 3777 Λᾶν.
1195 3715 1482 3788 Iudaeos,
1529 3714 1612 3775 De
1656 3713 2228 3794 Praescriptionibus
2269 3714 2413 3775 Λᾶν.
2454 3712 2845 3786 Haereticos,
2875 3712 3021 3773 Λᾶν.

675 3819 972 3880 Haereses
997 3817 1241 3889 Omnes,
1272 3816 1417 3878 Adv.
1440 3816 1901 3894 Hermogenem)
1945 3814 2245 3894 pessimae
2289 3821 2432 3876 sunt
2458 3821 2635 3875 notae
2663 3813 3021 3893 generisque

674 3919 979 3992 vilissimi,
1023 3937 1137 3980 nec
1176 3917 1263 3979 uti
1304 3915 1544 3996 quidem
1589 3916 1720 3978 suis
1761 3914 2047 4000 subsidiis
2089 3915 2256 3977 novit
2275 3914 2595 3978 Pamelius.
2660 3915 2726 3977 111
2753 3914 3020 3994 catalogo

673 4019 1387 4082 bibliothecaevaticanae
1417 4036 1451 4078 a
1477 4017 1856 4080 montfaucon
1901 3993 2061 4078 edito
2106 4015 2170 4078 in
2196 4015 3020 4095 ffib1.13ib1.tom.1.p.98.

674 4140 733 4183 n.
770 4124 1123 4187 189—194.
1169 4137 1274 4182 sex
1317 4118 1616 4180 volumina
1660 4125 2052 4179 recensentur
2080 4136 2329 4199 operum
2353 4115 2720 4178 Tertulliani.
2775 4115 3020 4195 Sperari

673 4231 908 4301 peterat
948 4237 1272 4303 superesse
1316 4219 1378 4280 111
1412 4218 1768 4281 bibliotheca
1798 4217 2058 4281 Palatina
2100 4220 2256 4281 inter
2296 4216 2581 4298 reliquias
2622 4215 3020 4279 bibliothecae

572 4336 585 4344 ·
672 4322 1207 4386 Laurisheimensis
1225 4369 1242 4395 ,
1286 4319 1587 4401 qnondam
1629 4319 2080 4394 celeberrimae,
2152 4327 2383 4400 partem
2426 4326 2586 4382 certe
2625 4317 3019 4380 vetustiorum

632 4423 883 4505 'procul
924 4423 1104 4485 dubio
1148 4422 1420 4486 codicum
1451 4420 1800 4483 Tertulliani
1843 4418 2062 4501 quibus
2105 4421 2204 4482 illa
2247 4420 2536 4482 instructa
2576 4419 2797 4494 fixerat,
2842 4416 3017 4479 testi-

673 4524 787 4587 bus
830 4521 1089 4604 antiquis
1132 4523 1413 4603 catalogis
1452 4541 1613 4602 quos
1657 4521 1977 4603 publicavit
2005 4521 2270 4601 ‚Angelus
2313 4519 2499 4584 Maius
2542 4520 2608 4582 V.
2639 4519 2731 4581 Cl.
2815 4517 3017 4597 Spini-

668 4624 826 4706 legio
854 4625 1125 4688 Romano
1154 4632 1300 4688 tom.
1327 4623 1416 4700 V„
1458 4622 1562 4686 ubi
1591 4642 1653 4704 p.
1686 4626 1805 4689 186
1835 4641 1928 4703 sq.
1974 4641 2102 4705 cap.
2133 4621 2340 4687 xxix.
2371 4617 3017 4694 recensentur.„Libri
