3263 5311
2587 778 2602 804 2

251 799 417 862 cuius
463 802 842 881 apparitores
885 803 1282 885 inquinantur.
1371 810 1568 873 Habes
1614 814 1796 891 igitur
1850 825 1924 889 et,
1961 819 2171 881 theatri
2230 822 2602 890 interdictio-

248 921 386 963 nem
452 903 529 963 de
588 904 1006 968 interdictione
1071 908 1487 988 impudicitiae.
1573 914 1695 976 ”Si
1760 916 1859 977 etk
1900 917 2226 982 doctrinam
2284 928 2601 992 saecularis

248 1004 688 1079 ³²'litteraturae,
734 1015 807 1067 ut
844 1007 1124 1073 stultitiae
1168 1011 1324 1091 apud
1369 1013 1544 1076 deum
1590 1014 1945 1096 deputatam,
2001 1040 2406 1101 aspernamur,
2455 1030 2601 1092 satis

200 1103 681 1185 ‘praescribitur
732 1108 967 1170 ²⁸nobis
1024 1119 1083 1171 et
1148 1112 1256 1173 de
1287 1113 1403 1175 illis
1469 1116 1841 1195 ”speciebus
1898 1124 2387 1200 spectaculorum,
2451 1150 2603 1209 quae

245 1206 540 1267 saeculari
603 1207 934 1270 litteratura
976 1210 1346 1275 ”lusoriaml
1400 1215 1493 1277 vel
1555 1219 1945 1296 agonisticam
1986 1224 2282 1286 ”scenam
2346 1228 2597 1309 dispun—

243 1316 411 1384 gunt.
502 1308 799 1381 ³‘'Quodsi
861 1313 1199 1389 tragoediae
1269 1323 1331 1375 et
1394 1318 1736 1380 comoediae
1782 1322 2075 1385 scelerum
2131 1324 2246 1386 ³¹et
2287 1328 2645 1393 libidinum

240 1407 645 1470 ”auctricesffl
690 1419 967 1473 cruentae
1010 1422 1071 1474 et
1111 1414 1389 1488 lasciv,ae
1457 1417 1671 1497 impiae
1730 1429 1792 1481 et
1844 1424 2159 1504 prodigae,
2227 1429 2446 1490 nullius
2510 1432 2638 1515 reit

240 1509 403 1569 ”aut
444 1511 664 1570 atrocis
707 1521 810 1572 aut
850 1513 980 1573 vilis
1047 1519 1529 1577 commemoratio
1595 1519 1807 1580 melior
1874 1532 1984 1582 est.
2077 1527 2250 1597 Quod
2314 1529 2375 1589 in
2443 1532 2594 1594 sacto

242 1609 506 1682 reicitur,
554 1611 733 1672 etiam
775 1611 837 1672 in
880 1613 1039 1673 dicto
1081 1633 1204 1678 non
1249 1623 1344 1676 est
1381 1617 1804 1696 recipiendum.

415 1711 653 1784 Quodsi
698 1720 760 1773 et
799 1714 1057 1775 stadium
1097 1717 1423 1781 contendas
1466 1716 1529 1778 in
1572 1719 1886 1798 scripturis
1930 1725 2243 1803 nominari,
2292 1748 2435 1792 sane
2476 1733 2591 1795 ob·
2614 1736 2718 1791 Cap.
2754 1737 2895 1782 XVIH-

173 1844 178 1849 1
246 1812 484 1873 tinebiS.
578 1814 696 1874 Sed
739 1833 889 1893 quae
933 1814 995 1875 in
1039 1817 1229 1877 stadio
1272 1827 1577 1896 geruntur,
1625 1820 1865 1899 indigna
1910 1824 2264 1905 ¹conspectu
2323 1839 2425 1892 tuo
2469 1849 2593 1898 non

240 1915 523 1992 negabis,
585 1934 820 1994 pugnos
878 1924 939 1977 et
981 1917 1169 1980 calces
1215 1927 1277 1980 et
1317 1920 1599 1999 colaphos
1648 1929 1709 1982 et
1752 1942 1989 1986 omnem
2033 1929 2414 2005 petulantiam
2458 1954 2587 1997 ma-

1070 2104 1154 2154 25.
1190 2080 1504 2157 Litterasiuue
1536 2108 1588 2157 A.
1625 2111 1898 2176 ubicumque
1932 2113 2051 2161 nihil
2085 2096 2380 2166 adnotavere.
2508 2118 2592 2171 26.

714 2168 795 2219 27.
835 2170 1091 2233 speciebus
1127 2180 1174 2221 et
1209 2173 1267 2221 de
1304 2173 1692 2237 spectaculorum
1727 2178 1778 2227 A.
1896 2178 1975 2226 28.
2015 2179 2249 2231 lusorium
2299 2184 2369 2231 vel
2422 2189 2591 2247 agoni-

1155 2239 1239 2290 29.
1275 2256 1420 2291 scena
1457 2243 1530 2291 Fr.
1567 2244 1744 2303 Iunius.
1857 2244 1939 2294 30.
1977 2247 2160 2304 Quodsi
2196 2250 2249 2298 E.
2286 2252 2415 2301 Fulv.
2457 2255 2586 2303 Ursi-

231 2320 338 2353 m.
414 2305 555 2363 Quod
586 2305 688 2354 sint
721 2307 905 2371 reliqui.
1011 2306 1092 2357 31.
1128 2316 1208 2357 aut
1244 2308 1559 2361 libidinumA.
1664 2311 1746 2361 32.
1783 2315 2021 2364 auctrices
2057 2316 2283 2376 (nutrices
2301 2317 2397 2380 Αβ.
2405 2318 2587 2379 MBCD.

231 2372 441 2422 actrices
475 2374 534 2423 Ε.
568 2374 699 2422 Fata.
740 2374 945 2423 Ursinus.
1053 2374 1133 2425 33.
1171 2384 1252 2427 aut
1286 2378 1462 2427 atrocis
1499 2385 1580 2427 aut
1613 2379 1720 2428 vilis
1757 2397 1841 2430 om.
1878 2382 1928 2430 A.

368 2457 491 2520 Cap.
525 2455 686 2506 lell.
758 2457 805 2507 1.
842 2466 1101 2521 conspectu
1136 2460 1187 2509 A.
1257 2462 1537 2525 conspectui
1571 2464 1757 2528 reliqui.

237 2100 317 2150 24.
355 2101 411 2151 Si
446 2101 540 2151 AB.
629 2102 711 2152 Sin
747 2104 915 2168 reliqui

236 2169 380 2218 uobis
417 2185 511 2218 om.
545 2170 597 2219 A.

232 2239 411 2285 sticum
445 2238 646 2286 schema
682 2238 772 2287 los.
807 2239 1028 2302 Scaziyor.

228 2590 390 2642 eare.“
436 2589 509 2641 De
543 2591 694 2641 Ieiuu.
732 2607 834 2655 cap.
872 2591 922 2642 2.
958 2608 1090 2651 „non
1128 2595 1202 2642 his
1239 2611 1360 2645 com-

224 2663 464 2710 municare
500 2662 757 2721 homiuem,
804 2676 926 2724 quae
967 2662 1033 2710 iu'
1059 2676 1113 2710 os
1150 2662 1362 2712 inseran-

226 2736 326 2778 tur.
327 2729 362 2751 “
401 2728 770 2810 fliero'nymiana
793 2730 950 2778 versio
969 2731 1198 2822 evangelii
1217 2730 1361 2781 Marci

229 2796 331 2856 vu,
367 2795 414 2848 2.
451 2804 501 2844 et
534 2797 580 2845 5.
621 2812 915 2855 „communes
949 2798 1134 2847 mauus‘
1141 2798 1359 2863 ‘appel-

227 2863 299 2912 lat
345 2864 709 2913 contaminatas.
781 2864 1360 2931 Cl'.ll›id.15.„qnae

227 2930 289 2978 de
334 2931 532 2979 bomine
582 2930 881 2995 procedunt,
939 2932 1058 2981 baec
1089 2941 1203 2982 sunt
1236 2949 1360 2998 quac

226 3001 563 3049 conmunicent
596 3000 861 3047 bominem.
868 2998 900 3021 “
969 3000 1069 3049 Act.
1104 3002 1265 3063 Apost.
1304 3002 1359 3059 X,

228 3065 307 3114 16.
377 3067 527 3128 „quia
585 3080 833 3128 nunquam
888 3068 1164 3116 manducavi
1216 3082 1360 3116 omne

225 3150 465 3183 commune
500 3141 545 3181 et
578 3134 901 3193 immundum,
905 3131 937 3156 ‘⁸
971 3142 1018 3183 ct
1054 3134 1130 3182 17.

227 3201 345 3250 dens
382 3201 667 3276 purificavit,
706 3208 754 3249 tu
793 3217 1023 3251 commune
1049 3216 1107 3250 ne
1129 3199 1358 3250 dixeris.“

225 3269 303 3317 Sic
345 3270 494 3317 etiam
532 3267 742 3332 Cyrillus
779 3268 1128 3329 Hierosolymit.
1166 3268 1358 3317 Catecb.

223 3334 293 3383 lv.
330 3337 390 3386 ad
429 3338 581 3385 tinem
606 3350 866 3400 synonyma
896 3336 1041 3386 habet
1058 3327 1247 3382 κοινὸν
1268 3328 1359 3382 καὶ

222 3393 563 3467 ‹izai-‘raptam

289 3504 334 3552 k.
382 3505 435 3554 Si
475 3512 525 3551 et
561 3496 853 3566 doctrinam]
908 3504 1103 3553 Praeter
1137 3502 1202 3551 La
1240 3503 1357 3553 Cer-

223 3571 330 3619 dam
380 3583 558 3620 omnes
610 3569 819 3617 editores
867 3569 942 3619 bis
989 3570 1147 3619 verbis
1183 3583 1356 3619 novum

222 3646 363 3700 caput
410 3637 669 3699 incipiunt.
740 3636 835 3686 Sed
891 3638 1005 3687 vidit
1053 3638 1146 3687 iam
1197 3638 1357 3687 Desid.

220 3705 465 3753 Hei-aldus
502 3703 562 3753 ad
598 3703 776 3752 Arnob.
811 3718 859 3767 p.
897 3704 1010 3754 138.
1062 3704 1136 3753 ed.
1172 3703 1265 3753 LB.
1301 3720 1357 3754 ea

221 3781 352 3821 arcte
388 3773 657 3821 cohaerere
695 3785 799 3819 cum
837 3772 1252 3834 praecedentibus,
1288 3773 1356 3820 vi-

222 3839 293 3888 dit
326 3847 441 3902 post
480 3853 591 3889 eum
627 3839 769 3888 etiam
806 3840 880 3889 Fr.
905 3841 1085 3889 lunius.
1121 3840 1206 3888 Est
1230 3840 1356 3888 enim

223 3908 477 3955 conclusio
514 3920 611 3956 uon
648 3905 834 3968 capitis,
870 3908 956 3957 sed
989 3922 1152 3956 earum
1180 3920 1362 3966 rerum,

225 3988 352 4037 quae
386 3975 443 4023 ad
480 3973 827 4037 impudicitiam
850 3975 1123 4039 pertinent,
1160 3990 1251 4039 qua
1281 3974 1356 4022 ul-

228 4043 377 4089 timae
420 4043 631 4091 ratioues
681 4042 949 4103 adduntur,
998 4058 1083 4093 cur
1119 4044 1355 4092 theatrum

227 4108 298 4156 sit
336 4109 606 4159 Christianis
642 4110 941 4172 fugiendum.

300 4207 338 4256 Ι.
399 4206 615 4260 lusoriam
670 4211 740 4260 vel
796 4210 1105 4273 agonisticam
1160 4225 1356 4261 scenam

218 4273 560 4343 dispungam]
592 4280 642 4328 b.
671 4295 713 4327 e.
753 4294 877 4342 quae
914 4280 1238 4330 saecularibus
1273 4278 1354 4327 lit-

217 4345 343 4394 teris
394 4359 474 4393 res
516 4362 625 4396 suas
679 4362 737 4396 ac
774 4346 989 4396 dramata
1025 4349 1161 4411 quasi
1196 4346 1354 4400 conti-

215 4422 371 4462 nuant
404 4428 460 4464 ae
495 4415 724 4465 formant.
843 4429 920 4463 am
972 4415 1236 4474 „lusoriam
1285 4410 1356 4462 vel

214 4482 527 4543 agonisticum
577 4482 819 4533 scenam“
862 4450 1076 4544 appellat
1123 4481 1355 4531 comicam

214 4564 268 4598 ac
312 4548 435 4616 trag‘
578 4552 733 4616 (quod
771 4550 1023 4612 sequentia
1060 4547 1357 4627 ostendunt),

211 4619 366 4667 verbis
377 4622 637 4695 propriis.
714 4618 992 4668 Risu-iones
1038 4617 1164 4664 enim
1210 4605 1356 4693 ἀγω-

211 4680 394 4733 νισταὶ
429 4688 561 4738 dicti.
633 4685 943 4749 Hesychius·
979 4673 1353 4747 ,,Ἆγωνισταὶ,

279 4772 594 4819 Turonum
617 4768 1300 4819 orr.nn.osux.nn.'1'om.1.

1181 3134 1387 3223 „Quod‘

1416 4146 1618 4209 ,statim
1677 4154 1943 4273 sequu-ffipr
1958 4182 1971 4206 ,

1463 2589 1787 2663 ιἰτιοκριττιεῖ.ι
1792 2598 1960 2650 ‘Unde
1974 2598 2453 2669 πρωταγωνισταὶ,
2472 2599 2587 2657 δεύ-

1463 2662 1880 2731 τεραγωνισταί,
1913 2669 2353 2750 τριταγωνισταί.
2406 2675 2460 2724 Et
2484 2677 2588 2727 Ari-

1463 2735 1664 2783 stoteles
1683 2736 1875 2787 Rhetor.
1900 2738 1983 2814 ΙΙΙ,
2011 2740 2087 2788 12.
2124 2736 2264 2796 λέξιν
2299 2733 2591 2803 ἆγωνίστι·

1461 2795 1563 2859 κῆν
1615 2818 1674 2864 ap
1714 2802 1828 2852 ellat
1875 2798 1975 2863 τὴν
2025 2804 2139 2855 τῶν
2181 2805 2468 2871 κωμῳδῶν
2500 2804 2593 2856 καὶ

1462 2882 1651 2933 τραγῳ
1690 2868 1786 2922 ὦν,
1856 2886 2058 2944 eamque
2114 2876 2329 2923 attribuit
2384 2877 2590 2925 scenicis

1462 2937 1624 2998 potius
1650 2951 1789 2999 quam
1820 2931 2096 3000 ῥήτορσιν,
2135 2940 2298 3000 quod'
2287 2954 2445 3001 ipsum
2469 2941 2592 2996 illud

1440 3003 1636 3062 legenti
1686 2999 1937 3061 diligenter
1978 3011 2025 3051 et
2058 3004 2288 3066 relegenti
2322 3007 2464 3056 facile
2499 3023 2592 3071 ap-.

1462 3071 1665 3129 parebit.
1702 3068 1881 3125 (nesid.
1921 3021 2191 3120 Hei-aldusg
2193 3073 2252 3121 ad
2276 3073 2453 3122 Arnob.
2475 3076 2587 3127 Adr.

1461 3134 1586 3183 Natt.
1622 3149 1669 3197 p.
1712 3132 1824 3184 138.
1861 3135 1936 3185 ed.
1972 3136 2084 3196 LB.)
2136 3139 2187 3187 Ιιι
2224 3140 2587 3203 interpretando

1459 3201 1602 3250 verbo
1641 3204 1915 3265 dispunqere
1950 3214 2113 3269 aperte
2139 3207 2311 3255 erravit
2335 3208 2588 3259 Heraldus.

1460 3270 1563 3318 Hoc
1611 3270 1735 3318 enim
1787 3270 2080 3321 Tertulliano
2133 3287 2328 3337 semper
2377 3284 2452 3325 est
2495 3292 2587 3340 pro

1461 3349 1804 3400 compensare,
1839 3339 2121 3400 aestimare,
2160 3342 2471 3404 distinguere,
2506 3358 2589 3392 se-

1460 3419 1675 3454 cernere.
1746 3404 1795 3451 V.
1858 3421 1979 3470 quae
2039 3408 2326 3458 adnotarem
2398 3411 2457 3460 ad
2518 3411 2588 3459 De

1455 3472 1622 3521 Anima
1661 3485 1764 3534 cap.
1791 3472 1872 3521 57.
1922 3474 2119 3538 Species
2146 3478 2287 3537 igitur
2317 3475 2435 3525 illae
2468 3493 2586 3540 spe-.-

1459 3537 1756 3589 ctaculorum
1830 3555 1953 3603 quac
2013 3543 2251 3593 saeculari
2320 3543 2587 3595 litteratura

1458 3606 1689 3656 lusoriam
1724 3606 1798 3656 vel
1833 3609 2141 3668 agonisticam
2164 3624 2357 3659 scenam
2384 3612 2587 3673 dispun-

1458 3682 1591 3736 guut,
1637 3681 1750 3723 sunt
1786 3673 1884 3724 ludi
1934 3676 2071 3725 theau

1460 3756 1578 3805 quas
1608 3742 1833 3805 proprias
1869 3757 1985 3805 prae
2022 3758 2071 3792 re

1461 3809 1658 3857 neribus
1704 3809 1909 3868 habent,
1958 3811 2016 3859 ab
2065 3811 2071 3858 Ι

1440 3876 1653 3939 ·quidem
1690 3872 2007 3926 secernuntur
2042 3877 2071 3926 Ιι

1459 3944 1611 3997 micas
1646 3950 1692 3993 et
1727 3943 1947 4004 tragicas.

1527 4024 1592 4059 m.
1645 4018 1869 4060 cruentae
1922 4018 1970 4060 et
2021 4011 2071 4060 la:

1456 4075 1716 4141 prodigae]
1769 4079 2071 4135 Quemadmm

2020 4161 2135 4205 „res
2172 4147 2340 4195 atrox“
2389 4148 2448 4195 ad
2486 4154 2585 4197 tra-

1459 4213 1678 4274 goediam
1799 4228 1838 4262 vi
1905 4214 1937 4237 “
1987 4221 2152 4262 coutra
2189 4214 2249 4263 ad
2286 4215 2585 4263 comoediam

1455 4275 1679 4343 pertinet,
1716 4281 1779 4329 ita
1815 4281 1935 4329 haec
1972 4280 2075 4345 ipsa
2111 4287 2305 4330 notatur
2339 4282 2498 4332 etiam
2501 4297 2584 4330 vo-

1458 4348 1693 4408 cabuliS,
1698 4348 1924 4408 ,lasciva“
1962 4354 2010 4396 et
2045 4348 2336 4412 „prodiga,‘
2381 4350 2464 4399 illa
2501 4362 2585 4397 vo-

1458 4414 1640 4463 cabulis
1678 4450 1710 4475 „
1697 4414 1945 4475 ,“cruenta
1984 4422 2032 4464 ct
2066 4417 2303 4479 „impia.“
2359 4416 2449 4476 „In
2486 4422 2584 4464 tra·

1458 4481 1643 4544 goediis
1701 4483 1827 4532 enim
1889 4485 2284 4534 commemoratio
2346 4481 2584 4532 scelerum

1458 4556 1784 4608 cruentorum,
1821 4551 2098 4614 impiorum,
2136 4550 2386 4609 atrocium,
2425 4549 2470 4597 in
2500 4560 2585 4594 co·

1459 4616 1663 4665 moediis
1700 4618 1951 4667 libidinum
2000 4619 2311 4674 lascivarum,
2358 4614 2584 4677 prodiga-

1454 4698 1562 4733 rum
1600 4691 1649 4733 et
1679 4684 1859 4733 vilium.

2177 4764 2209 4810 4
