3263 5311
671 377 800 441 25⁰
1190 394 1391 445 emm-1
1438 393 1699 437 ssp‘rnm
1740 394 2072 437 raonem-ris
2119 393 2510 438 Taurunum

665 560 780 623 pro
844 543 1057 605 iniuria
1116 543 1597 622 ¹⁰repensatum·‚
1665 542 1901 627 quando
1956 542 2050 605 vel
2111 559 2229 604 uua
2292 561 2411 605 nox
2473 544 2742 624 pauculis
2807 540 3014 609 factitis

669 643 965 724 ”largiter
1004 642 1288 705 ultionisb
1329 651 1547 722 posset
1587 643 1853 724 operari,
1918 643 1970 705 si
2013 643 2233 705 malum
2274 643 2431 705 malo
2473 644 2788 724 dispungi⁸
2825 665 3016 726 penes

666 762 782 807 nos
826 742 1075 807 liceret?
1137 742 1257 805 Sed
1300 742 1457 805 absit
1496 751 1564 806 ut
1605 751 1707 805 aut
1748 743 1891 823 igui-
1911 742 2172 806 humano
2216 743 2546 806 vindicetur
2574 745 2823 807 ²²(lirina
2850 755 3017 809 secta

669 854 773 908 aut
824 845 1019 907 doleat
1069 844 1192 925 pati
1247 843 1311 904 in
1367 862 1492 923 quo
1542 843 1851 923 probatur.

666 964 792 1009 non
835 953 1061 1008 tantum
1104 945 1146 977 ¹³
1157 944 1420 1006 vindices
1466 943 1733 1007 occultos
1778 961 1955 1023 agere
2006 944 2324 1019 vellemus,
2398 945 2642 1009 deesset
2688 947 2865 1008 nobis
2918 947 3012 1009 vis

666 1044 1097 1108 numerorum⁴¹
1139 1052 1202 1107 et
1241 1043 1595 1125 copiarum?
1701 1044 1916 1108 Plures
1959 1046 2239 1109 nimirum
2280 1044 2469 1107 Mauri
2511 1054 2577 1108 et
2613 1047 3013 1110 Marcomanni

665 1147 902 1228 ipsique
943 1145 1200 1221 Parthi·,
1265 1145 1358 1207 vel
1420 1152 1909 1228 quantaecunque
1970 1147 2147 1210 unius
2210 1154 2411 1208 tamen
2474 1146 2617 1208 loci-
2640 1155 2706 1209 et
2763 1166 3012 1212 suorum

664 1247 872 1311 finium
914 1254 1122 1328 gentes
1167 1265 1343 1328 quam
1399 1247 1586 1309 totius
1645 1247 1832 1310 orbis.
1921 1244 2286 1313 ¹⁰Hesterni¹
2328 1266 2599 1322 sumus‚·
2639 1248 2681 1280 ¹⁷
2694 1256 2754 1311 et
2815 1255 3013 1310 vestra

2439 1435 2519 1485 11.
2556 1433 2756 1497 largitur
2792 1401 2841 1485 c.
2912 1434 3012 1485 tar-

668 1435 753 1486 10.
789 1442 1099 1500 repensatum
1135 1434 1208 1498 Fr.
1242 1434 1373 1485 fulv.
1415 1433 1625 1485 Ursinus.
1695 1434 1966 1498 repensatis
1999 1434 2171 1498 reliqui
2204 1435 2331 1485 libri.
2748 1501 2813 1552 14

2815 1538 2827 1551 .
2865 1515 3011 1551 exor-

664 1504 860 1566 gitatem
896 1504 1029 1554 abed.
1136 1500 1217 1551 12.
1253 1500 1473 1552 divinitas
1506 1509 1669 1552 sectae
1704 1495 1750 1547 λ.
1773 1502 1964 1552 Haverc.
2071 1499 2150 1550 13.
2187 1508 2235 1551 et
2269 1517 2357 1551 om.
2384 1517 2424 1550 e.
2447 1502 2641 1553 Haverc.

661 1577 739 1620 tes
777 1571 852 1621 Gc.
933 1575 1171 1619 extractos
1206 1569 1261 1619 D.
1341 1575 1595 1621 extraneos
1629 1570 1705 1619 ab.
1834 1569 1915 1619 15.
1966 1568 2177 1619 vindices
2224 1569 2512 1633 BFGabcdes.
2556 1569 2747 1621 vindob.
2827 1569 3013 1619 iudices

663 1638 756 1688 ΑΕ.
789 1638 964 1702 Erfurt.
1071 1634 1151 1686 16.
1186 1636 1412 1686 Hesterni
1445 1637 1577 1700 ABef.
1618 1637 1842 1700 Beripara.
1911 1636 2101 1686 Externi
2138 1631 2456 1689 nemancos.
2477 1636 2649 1700 Erfurt.
2675 1638 2822 1689 Oxou.
2929 1637 3011 1687 17.

666 1712 715 1755 et
750 1705 919 1755 orbem
954 1704 1049 1753 iam
1086 1710 1134 1753 et
1167 1711 1325 1752 vestra
1362 1705 1523 1753 omnia
1556 1698 1603 1750 a.
1696 1752 1707 1759 ,
2717 1756 2722 1761 ἢ

1892 1839 2137 1901 dispuncta
2171 1813 2316 1886 causa
2352 1844 2426 1887 est
2459 1844 2542 1887 aut
2557 1838 2727 1888 satiata
2748 1837 3014 1903 cognitio.“

738 1838 856 1903 Cap.
901 1837 1117 1889 xxxvtt.
1210 1852 1253 1887 a.
1315 1830 1652 1901 repensatum]
1720 1837 1791 1887 Ita

1892 1905 2078 1953 Passim
2100 1904 2242 1954 etiam
2262 1919 2355 1968 pro
2370 1904 2721 1966 discriminare,
2745 1904 3014 1957 absolvere.

611 1899 615 1903 ⁴
667 1906 856 1957 correxi
903 1919 1010 1954 cum
1056 1904 1219 1954 Fulvio
1269 1905 1442 1954 Ursino
1492 1912 1539 1954 et
1589 1904 1790 1955 Nicolao

1958 844 2025 907 Si
2080 843 2242 905 enim
2283 843 2326 876 ¹³
2338 852 2401 905 et
2439 845 2652 907 hostes
2697 847 3013 921 uexertos,
3078 924 3087 933 ⁸

664 1971 888 2034 Rigaltio,
925 1973 1207 2022 anctoritate
1242 1971 1686 2033 libriErlangensis
1706 1987 1791 2022 ao·

667 2040 881 2092 cedente.
929 2039 1025 2089 Sed
1045 2041 1333 2104 scripturam
1354 2041 1625 2104 repensatis,
1645 2053 1805 2105 quam·

664 2106 835 2171 scripti
885 2106 993 2156 libri
1046 2106 1119 2157 vel
1168 2106 1335 2171 optimi
1385 2106 1526 2169 vulgo
1576 2113 1787 2166 tuentur,

661 2182 820 2231 urtam
866 2180 985 2237 puto
1032 2186 1089 2224 ex
1120 2175 1366 2238 repensati-
1436 2174 1562 2233 Quid
1607 2181 1788 2234 tamen,

663 2242 712 2291 iu
751 2241 837 2302 uit,
873 2240 932 2291 de
969 2240 1111 2301 uobis
1147 2242 1432 2305 disciplinae
1467 2249 1663 2292 nostrae
1684 2243 1789 2292 viu·

665 2323 723 2360 cu
748 2311 790 2359 is
823 2316 922 2358 tam
958 2315 1087 2359 arcte
1125 2309 1411 2368 coniunctis,
1447 2316 1499 2358 ut
1534 2310 1790 2374 conspira-

663 2382 744 2426 tos
800 2376 962 2440 potius
1015 2375 1336 2440 appellandos
1393 2377 1590 2440 putetis,
1656 2377 1789 2441 quid,

661 2444 878 2508 iuquam,
914 2443 976 2492 de
1011 2444 1153 2494 nobis
1175 2457 1264 2507 pro
1283 2443 1568 2507 disciplinae
1595 2453 1791 2495 nostrae

660 2510 759 2561 tide
795 2517 842 2560 et
875 2511 1071 2561 veritate
1099 2519 1195 2561 tam
1219 2510 1459 2570 animatis,
1497 2518 1633 2561 utne
1656 2526 1792 2562 mor-

659 2585 762 2629 tem
797 2577 992 2642 quidem
1026 2592 1118 2641 pro
1154 2578 1347 2629 Christo
1382 2580 1481 2640 pati
1508 2593 1790 2641 renuamus,

659 2645 797 2764 aiffa
832 2646 1167 2764 ἰῖιυῖῗῗίἳηοιῖιθ
1186 2644 1788 2778 τειριιειῐῗὲεειυιξιτῖοὓίιέιὲἔειῖ

661 2777 948 2832 denotatis?

727 2849 778 2899 h.
826 2847 1025 2910 largiter
1070 2842 1294 2914 ultionis]
1349 2846 1501 2898 Plaut.
1549 2847 1673 2898 Rud.
1712 2848 1785 2910 tv,

656 2916 712 2976 4,
738 2915 838 2966 144
872 2916 1069 2977 „inesse
1103 2918 1211 2966 auri
1244 2924 1293 2965 et
1325 2918 1505 2980 argenti
1537 2914 1788 2980 largiter-fl

657 2982 732 3033 Id.
782 2982 898 3034 ibid.
932 2984 983 3044 V,
1013 2982 1065 3044 2,
1093 2981 1158 3033 28
1209 3023 1246 3045 „
1265 2984 1455 3047 turpiter
1502 2981 1791 3035 mercedis.“

657 3050 801 3115 Apul.
837 3050 905 3099 De
927 3050 1080 3114 Magia
1101 3066 1207 3115 cap.
1223 3049 1289 3102 28
1323 3052 1559 3115 „turpiter
1578 3049 1786 3116 σημεῖ*

660 3117 735 3169 Cf.
771 3118 999 3181 interprr.
1035 3117 1096 3167 ad
1130 3118 1307 3181 Vergil.
1341 3121 1457 3169 Aen.
1491 3117 1571 3178 xt,
1595 3117 1713 3170 338.

730 3200 772 3235 c.
810 3179 1060 3250 dispungi]
1096 3185 1201 3235 Hoc
1236 3192 1310 3235 est
1333 3186 1598 3249 repensari.
1644 3185 1782 3250 Apol.

660 3267 767 3316 cap.
786 3251 855 3302 44
903 3253 1023 3316 „qni
1058 3253 1310 3301 sententiis
1347 3251 1502 3313 elogia
1540 3254 1785 3317 diapuuyi-

658 3317 782 3370 tis.“
827 3319 896 3368 De
934 3319 1091 3368 Carne
1127 3318 1240 3368 Chr.
1277 3319 1431 3382 cap.5
1467 3333 1627 3384 „quae
1662 3334 1782 3383 pro-

655 3386 840 3450 prietas
876 3384 1224 3445 conditionum,
1259 3385 1446 3436 divinae
1463 3388 1784 3448 cummeneo,

656 3465 811 3515 aequa
847 3452 1012 3515 utique
1046 3459 1244 3506 naturae
1294 3454 1544 3519 utriusque
1588 3454 1786 3506 veritate

659 3519 905 3581 dispuncta
941 3517 1069 3568 est.“
1124 3518 1193 3568 De
1217 3520 1589 3585 Patient.cap.8
1625 3521 1783 3582 „Nam

659 3584 819 3635 omnis
854 3585 1045 3645 iniuria,
1080 3600 1168 3636 seu
1205 3586 1365 3649 lingua
1402 3603 1488 3638 seu
1526 3603 1669 3638 manu
1708 3589 1783 3638 in-

659 3667 820 3715 cussa,
855 3668 964 3704 cum
996 3654 1276 3718 patientiam
1304 3656 1573 3716 offenderit,
1609 3656 1782 3706 eodem

657 3721 786 3772 exitu
821 3722 1124 3788 dispunqetur
1169 3736 1266 3787 quo
1314 3722 1463 3772 telum
1499 3723 1698 3787 aliquod
1732 3725 1781 3773 in

653 3797 794 3855 petra
831 3789 1252 3841 constantissimae
1305 3790 1508 3841 duritiae
1553 3791 1782 3841 libratum

656 3865 707 3907 et.
742 3857 1022 3908 obtusum.“
1092 3857 1233 3923 Apol.
1270 3873 1373 3923 cap.
1403 3857 1466 3909 18
1501 3860 1782 3920 „suscitatis

655 3923 883 3975 omuibus
918 3926 979 3975 ab
1015 3926 1150 3976 initio
1186 3925 1427 3977 defunctis
1461 3933 1509 3977 et
1538 3927 1780 3977 reforma-

654 3992 719 4041 tis
755 3999 803 4040 et
833 3994 1088 4043 recensitis
1123 3995 1186 4044 ad
1216 3997 1459 4059 utrimque
1490 3996 1645 4045 meriti
1677 3995 1781 4044 dia-

650 4057 1006 4122 ponctiouem.“
1088 4060 1289 4123 Proprie
1342 4064 1617 4127 dispunyere
1669 4075 1780 4111 cum

654 4124 721 4174 sit
755 4125 980 4176 conferre
1016 4134 1211 4191 accepta
1249 4136 1297 4178 et
1330 4128 1456 4188 data,
1509 4129 1622 4180 hinc
1667 4142 1780 4178 sae-

652 4191 767 4256 pius
802 4192 997 4254 ponitur
1022 4193 1164 4243 etiam
1190 4208 1282 4257 pro
1300 4195 1586 4247 examinare.
1639 4191 1782 4259 Apol.

655 4272 762 4322 cap.
796 4258 861 4308 45
915 4259 1205 4319 „Enimvero
1255 4275 1350 4311 nos
1407 4262 1488 4326 qui
1539 4262 1633 4312 sub
1684 4261 1778 4312 deo

653 4327 870 4375 omnium
893 4327 1201 4390 speculatore
1225 4330 1560 4393 dispunqnnar,
1598 4328 1781 4394 quique

653 4400 901 4444 aeternam
938 4394 999 4444 ab
1027 4408 1084 4444 eo
1112 4409 1317 4459 poenam
1338 4396 1648 4462 providemus
1674 4410 1779 4447 me·

653 4459 787 4512 rito“
834 4467 944 4512 cett.
1029 4462 1099 4512 Ad
1145 4463 1272 4513 Natt.
1309 4464 1359 4526 Ι,
1395 4462 1428 4514 2
1475 4465 1598 4525 „sed
1646 4464 1784 4519 verbi

653 4528 826 4591 gratia,
873 4529 913 4579 si
949 4530 1012 4581 de
1046 4530 1286 4583 homicida
1335 4532 1628 4594 confutatur,
1680 4547 1779 4582 non

654 4597 816 4648 atatim
869 4599 1096 4650 confesso
1154 4614 1214 4650 eo
1278 4613 1456 4651 nomen
1507 4599 1779 4654 homicidae

1293 4709 1302 4716 ο

1892 1970 1962 2020 De
1975 1971 2208 2022 Test.Au.
2231 1987 2334 2035 cap.
2350 1972 2382 2021 5
2402 1978 2551 2035 „post
2574 1974 2696 2023 vitae
2720 1975 3014 2037 dispunctio-

1889 2037 2051 2089 nem.“
2108 2039 2248 2101 Apol.
2284 2054 2389 2103 cap.
2415 2038 2495 2089 19.
2532 2040 2580 2089 in
2616 2048 2863 2103 segmento
2900 2041 3013 2091 cod.

1891 2106 2028 2157 Fnld.
2082 2105 2245 2166 „Quid
2282 2107 2409 2155 euim
2452 2109 2699 2170 potentius
2733 2108 3015 2171 patrocina-

1889 2174 2018 2222 bitur
2053 2173 2328 2223 testimonio
2364 2187 2563 2234 earum,
2611 2175 2704 2227 nisi
2752 2175 3015 2239 &mettio

1892 2241 2127 2313 cotidiana
2144 2242 2321 2292 saeculi
2336 2244 2495 2303 toties,
2535 2256 2643 2291 cnm
2665 2242 3014 2306 dispositiones

1892 2321 2169 2371 regnorum,
2206 2321 2314 2359 cum
2350 2322 2491 2359 casus
2522 2309 2731 2370 urbium,
2768 2324 2875 2359 cum
2912 2310 3017 2360 exi-

1891 2381 1970 2424 tus
2005 2376 2235 2437 gentium,
2283 2390 2392 2426 cum
2439 2384 2593 2426 status
2636 2384 2911 2442 temporum
2949 2378 3016 2427 ita

1892 2443 2118 2492 omnibus
2140 2443 2453 2507 respondent,
2477 2443 2881 2508 quemadmodum
2901 2453 3017 2496 ante

1893 2508 2025 2571 milia
2064 2524 2298 2560 annorum
2338 2507 2875 2573 praenuntiabantur?“
2942 2513 3015 2562 De

1892 2578 2113 2641 Spectac.
2170 2593 2272 2642 cap.
2314 2578 2377 2628 18
2432 2578 2539 2640 „de
2598 2578 2697 2628 illis
2753 2580 3013 2643 speciebus

1887 2644 2276 2710 spectaculorum
2314 2661 2439 2710 quae
2470 2646 2710 2698 saeculari
2746 2647 3015 2700 litterature

1890 2713 2120 2763 lusoriam
2169 2713 2241 2764 vel
2296 2714 2608 2775 agonisticam
2663 2730 2860 2765 scenam
2909 2718 3014 2766 dis-

1883 2779 2158 2844 puupunt.“
2228 2781 2301 2831 ct.
2341 2780 2417 2844 De·
2445 2781 2578 2831 Orat.
2617 2796 2723 2846 cap.
2745 2780 2827 2832 23.

1957 2847 2005 2897 d.
2044 2848 2112 2897 vis
2134 2843 2473 2914 numerorum]
2509 2849 2748 2900 Numeros
2780 2851 2842 2900 ita
2865 2864 3013 2900 asub

1887 2923 2029 2978 patos
2064 2929 2178 2965 aevo
2216 2915 2301 2964 illo
2339 2916 2555 2979 putidum
2597 2925 2729 2967 esset
2761 2917 3012 2978 adnotare,

1888 2994 2024 3032 cum·
2054 2981 2169 3032 nihil
2236 2983 2537 3046 frequentius
2600 2993 2824 3034 occurrat
2880 2985 3013 3048 apud

1886 3049 2147 3099 historicos
2194 3058 2343 3114 atque
2390 3051 2437 3099 in
2473 3050 2595 3113 ipsis
2629 3051 2751 3102 adeo
2789 3051 3039 3109 ictorum.

1886 3115 2042 3177 libris,
2090 3117 2182 3166 nisi
2220 3116 2463 3168 Pamelius
2512 3116 2559 3167 id
2607 3132 2699 3182 pro
2744 3133 2800 3167 re
2848 3118 3010 3179 magui

1884 3184 2116 3234 momenti
2154 3198 2209 3233 ex
2244 3184 2474 3235 Rhenano
2522 3183 2817 3246 observaret,
2864 3192 2914 3234 et
2946 3185 3012 3236 ad

1886 3261 2033 3301 unum
2071 3249 2209 3300 Plinii
2246 3251 2406 3301 locum
2460 3252 2690 3302 lectorem
2727 3252 3011 3305 remitteret.

1887 3317 1970 3367 Sic
1998 3307 2274 3384 ἆριθμοῦς
2296 3319 2465 3370 Graeci
2500 3319 2670 3369 eodem
2707 3326 2756 3369 et
2788 3321 3012 3385 sequenti

1888 3399 2003 3435 aevo
2039 3387 2223 3449 passim
2259 3394 2569 3450 usurparunt.
2607 3385 2848 3447 (Hei-ald.)

1955 3468 2000 3502 e.
2036 3453 2184 3503 Mauri
2221 3460 2270 3502 et
2302 3453 2626 3504 Marcomanni
2662 3454 2855 3519 ipsique
2889 3454 3011 3504 Par-

1884 3514 1980 3586 thi]
2017 3520 2197 3570 Harum
2231 3520 2476 3570 nationum
2517 3521 2734 3571 meminit
2762 3521 2877 3585 quia
2909 3522 3010 3571 Ro-

1886 3601 2081 3637 manum
2129 3588 2382 3652 imperium
2428 3588 2586 3638 iuerat
2632 3602 2802 3638 recens
2851 3588 2911 3639 ab
2948 3589 3010 3639 iis

1884 3654 2179 3705 intestatum.
2266 3655 2451 3705 Etenim
2498 3655 2649 3706 Mauri
2697 3654 2857 3706 Narco
2915 3655 3012 3706 im-

1883 3730 2085 3786 perante
2132 3721 2387 3786 Hispanias
2446 3730 2767 3785 vastaverant3
2822 3722 3011 3773 bellum

1856 3801 1861 3804 “
1883 3789 2321 3840 Marcomannicum
2359 3790 2544 3853 maguis
2564 3790 2813 3841 iaboribus
2836 3799 2882 3841 et
2907 3805 3010 3840 non
3026 3801 3087 3865 .

1884 3856 1990 3907 sine
2024 3857 2204 3920 ingenti
2252 3858 2469 3922 periculo
2517 3857 2677 3907 tuerat.
2726 3856 2786 3906 ab
2833 3857 3010 3910 eodem

1883 3923 2172 3975 confectum.
2222 3925 2399 3975 Contra
2430 3924 2634 3975 Parthos
2657 3924 2822 3984 Verus,
2859 3924 3009 3975 Marci

1883 3991 2059 4052 frater,
2105 3993 2357 4056 proiectus
2408 3993 2595 4051 luerat,
2644 4007 2703 4042 ac
2747 3991 2878 4044 ballo
2914 4006 3011 4056 per

1844 4103 1853 4112 ,
1880 4059 2069 4122 legatos
2115 4068 2253 4123 gesto
2289 4061 2597 4124 imperatoris
2626 4058 3010 4125 appeliationem

1880 4134 2140 4177 meruerat.
2198 4127 2384 4178 Recens
2416 4134 2667 4192 praeterea
2704 4134 2808 4177 erat
2840 4126 3010 4178 Severi

1878 4193 2118 4258 expeditio
2154 4194 2392 4245 Parthica.
2425 4193 2664 4255 (Hei-ald.)

1949 4262 1983 4311 l'.
2032 4256 2279 4328 Hesterni]
2340 4260 2580 4311 i’amelins
2626 4260 2743 4325 legit
2791 4261 3008 4312 Exierat

1881 4328 2024 4378 illum
2070 4329 2289 4394 sequitur
2321 4327 2560 4388 Batonius
2592 4336 2711 4378 tom.
2738 4327 2798 4379 ΙΙ.
2834 4328 3009 4381 Annal-

1879 4411 1988 4461 ρας.
2010 4394 2126 4458 98.,
2179 4397 2292 4461 quia
2338 4410 2397 4446 eu
2429 4409 2525 4446 uua
2562 4395 2737 4446 iudaea
2784 4396 3009 4448 aierunt

1879 4461 2155 4515 Christiani.
2191 4464 2277 4525 (La
2300 4463 2498 4526 Cerda.)
2562 4463 2777 4514 Hesterni
2809 4470 2887 4514 est
2919 4477 3007 4513 ve-

1876 4531 2070 4581 rissima
2105 4531 2251 4583 lectio
2287 4532 2428 4582 codd.
2458 4537 2761 4586 nostrorum.
2830 4530 3010 4594 Vulga-

1875 4606 1974 4650 tam
2010 4599 2336 4665 interpretari·
2355 4607 2559 4651 conatur
2590 4597 2835 4650 Paulina
2884 4611 3008 4649 sane
