3263 5311
1163 423 1242 466 nn
1285 422 1603 468 runictru.
2393 408 2517 476 823

165 591 298 638 rum
338 571 533 652 virga,
578 570 643 633 in
679 568 935 634 alterum
978 571 1275 636 sententia
1316 580 1668 640 armatum&
1724 572 1930 656 Virga,
1977 574 2203 655 ”qnam
2246 574 2520 640 minaba-

167 683 291 749 tur,
339 672 669 746 sententia,
716 691 894 752 quam
937 673 1404 753 exsequebatur3
1445 674 1608 738 illam
1653 674 1845 739 adhuc
1878 685 2325 752 eoruscantem,
2369 677 2524 740 hanc

169 774 369 838 statim
409 772 821 836 fulminantem
837 820 855 849 ,
898 792 1013 854 qua
1056 775 1430 858 increpabat,
1475 794 1708 857 quaque
1751 776 2086 840 damnabat.
2160 777 2522 858 Certumque

167 884 262 939 est
315 874 528 938 exinde
578 874 934 956 increpitum
990 876 1230 956 quidem
1291 876 1403 940 sub
1457 877 1851 942 intentatione
1916 878 2115 959 virgae
2178 877 2521 954 tremuisse,

167 977 506 1040 damnatum
549 994 690 1039 vero
736 975 849 1039 sub
903 978 1455 1056 repraesentatione
1507 997 1740 1061 poenae
1790 979 2050 1061 perisse.
2156 977 2370 1044 Statim
2425 979 2524 1041 ille

165 1079 386 1142 timens
429 1077 469 1110 ²²
486 1077 716 1159 plagam
759 1077 935 1152 abiit,
981 1077 1082 1141 ille
1122 1078 1296 1142 luens
1338 1098 1615 1161 poenam.
1682 1080 1829 1144 Cum
1858 1080 1932 1142 ad
1963 1079 2308 1144 Corinthios
2354 1080 2520 1144 eius-

168 1179 306 1244 dem
349 1178 604 1260 apostoli
643 1179 878 1242 litterae
917 1177 1292 1256 ”itera'ntum
1338 1182 1510 1244 venia
1553 1183 1620 1244 fit
1657 1181 1894 1263 planet,
1941 1181 2050 1244 sed
2080 1182 2376 1246 incertum
2403 1181 2520 1256 cui,

168 1281 304 1361 quia
347 1299 460 1343 nec
500 1299 762 1360 persona
803 1299 916 1344 nec
957 1299 1137 1344 causa
1177 1282 1596 1363 proscribitur.
1693 1283 1816 1346 Res
1860 1301 1999 1346 eum
2042 1282 2323 1346 sensibus
2369 1300 2520 1346 cun-

164 1382 372 1446 feram.
459 1381 526 1444 Si
563 1382 833 1444 ineestus
878 1382 1238 1462 opponitur,
1299 1382 1521 1446 ibidem
1568 1385 1682 1447 erit
1725 1392 1786 1447 et
1826 1383 2088 1446 inflatus.
2177 1383 2334 1446 Sane
2375 1382 2523 1446 ²'rei

165 1483 318 1546 ratio
365 1482 513 1546 satis
557 1481 842 1557 habetur,
887 1501 1022 1545 cum
1065 1484 1303 1547 inflatus
1347 1484 1677 1566 increpitus
1707 1494 1834 1561 est,
1880 1486 2146 1548 incestus
2177 1503 2318 1546 vero
2348 1484 2519 1547 dam-

163 1592 343 1648 natus
389 1590 505 1645 est.
590 1583 801 1646 Inflato
845 1584 1206 1664 ignoscitur,
1262 1586 1370 1649 sed
1410 1586 1738 1667 increpit03
1792 1585 2076 1649 ”incesto
2121 1602 2246 1647 non
2289 1585 2525 1648 videtur

163 1685 436 1764 ignotum
450 1730 469 1758 ‚
514 1691 582 1745 ut
624 1685 922 1747 damnato.
993 1685 1060 1748 Si
1104 1686 1160 1748 ei
1201 1685 1620 1766 ignoscebatur
1665 1687 1760 1751 cui
1805 1686 2107 1750 devoratio
2152 1706 2225 1749 ex
2253 1705 2525 1749 maerore

163 1785 356 1848 nimio
402 1784 716 1848 timebatur
731 1833 748 1860 ‚
794 1786 1065 1848 devorari
1109 1787 1301 1849 adhuc
1343 1788 1670 1868 inm-epitus
1713 1787 2155 1868 periclitabatur
2169 1833 2186 1860 ,
2240 1788 2524 1851 deficiens

170 1886 248 1949 ob
290 1886 818 1949 comminationem
865 1895 926 1949 et
966 1886 1300 1950 ²⁵maerens
1346 1887 1425 1951 ob
1468 1889 1972 1969 increpationem3
2021 1888 2333 1951 damnatus
2377 1907 2522 1951 vero

167 1996 227 2050 et
269 1987 443 2068 culpa
486 1995 547 2048 et
591 1988 884 2050 sententia
928 1987 1046 2050 iam
1089 1988 1407 2051 devoratus
1451 1989 1878 2070 deputabatur,
1934 1988 2036 2068 qui
2087 2007 2212 2051 non
2254 2007 2526 2052 maerere

165 2088 445 2162 baberet,
491 2087 600 2152 sed
641 2088 766 2168 pati
799 2088 961 2167 quod
991 2096 1128 2151 ante
1156 2090 1504 2169 passionem
1533 2107 1802 2152 maerere
1828 2089 2147 2170 potuisset.
2206 2089 2270 2151 Si
2298 2089 2524 2153 idcireo

170 2189 631 2270 ignoscebatur,
687 2207 764 2251 ne
807 2189 1218 2251 traudaremur
1261 2208 1295 2250 a
1338 2197 1573 2264 satana,
1631 2191 1698 2251 in
1741 2209 1815 2252 eo
1858 2191 2063 2270 utique
2107 2190 2529 2253 detrimentum

168 2289 629 2372 praecavebatur
672 2290 833 2371 quod
875 2291 1142 2353 nondum
1183 2291 1466 2371 perisset.
1558 2289 1716 2351 Nihil
1760 2290 1834 2353 de
1875 2273 2231 2352 ”transacto
2275 2308 2524 2370 praeca-

73 2477 74 2480 Ἴ
168 2399 372 2466 vetur,
436 2391 545 2453 sed
586 2391 660 2453 de
702 2391 894 2454 adbuc
935 2392 1118 2455 salvo.
1226 2392 1550 2453 Damnatus
1595 2398 1823 2462 autem,
1881 2399 1942 2453 et
1984 2389 2224 2470 quidem
2265 2389 2328 2453 in
2370 2407 2523 2470 pos-

170 2492 513 2556 sessionem
558 2499 797 2555 satanae
813 2538 830 2566 ‚
903 2492 1022 2554 iam
1077 2501 1218 2555 tunc
1268 2491 1531 2572 perierat
1590 2490 1875 2554 ecclesiae
1940 2509 2075 2554 cum
2133 2490 2247 2553 tale
2302 2490 2532 2553 facinus

169 2593 525 2669 admiserat,
580 2592 800 2657 nedum
843 2611 977 2657 eum
1022 2602 1083 2655 et
1124 2593 1196 2654 ab
1241 2593 1373 2673 ipsa
1416 2591 1769 2654 eierabatur.
1860 2591 2178 2667 Quomodo
2222 2600 2527 2654 vereretur

168 2696 440 2769 flmdem
483 2695 608 2775 pati
652 2696 779 2757 eius
824 2713 1000 2776 quem
1046 2695 1162 2756 iam
1206 2701 1269 2755 et
1310 2701 1582 2774 ereptum
1624 2693 1907 2756 amiserat
1947 2701 2007 2756 et
2040 2693 2379 2756 damnatum
2410 2692 2523 2754 ha·

166 2794 309 2859 bere
350 2815 482 2859 non
525 2795 845 2875 potuerat?
931 2795 1250 2857 Postremo
1270 2841 1287 2865 ‚
1348 2794 1491 2874 quid
1533 2794 1788 2859 iudieem
1840 2794 2150 2874 indulgere
2192 2793 2526 2868 conveniet,

170 2897 331 2977 quod
369 2895 863 2979 pronuntiatione
906 2895 1223 2971 deciderit,
1268 2912 1343 2955 an
1388 2895 1546 2974 quod
1576 2894 2039 2957 interlocutione
2071 2891 2528 2973 suspenderit&

170 2995 248 3058 Et
285 2999 496 3079 utique
537 2994 732 3059 ”eum
777 2997 1032 3059 iudicem
1077 2996 1178 3076 qui
1221 3014 1346 3057 non
1388 2995 1544 3057 solet
1597 3014 1664 3057 ea
1721 3014 1871 3075 quae
1915 2995 2206 3057 destruxit
2244 2993 2526 3057 reaedifi-

171 3116 330 3174 care,
395 3117 481 3161 ne
535 3107 948 3179 transgressor
998 3096 1307 3161 habeatur.
1414 3096 1537 3177 Age
1589 3096 1741 3170 iam,
1811 3096 1864 3157 si
1919 3091 2042 3157 non
2098 3103 2190 3157 tot
2229 3112 2526 3177 personas

165 3199 355 3280 prima
399 3198 655 3280 epistola
684 3199 1133 3273 contristasset,
1181 3197 1234 3260 si
1274 3198 1573 3261 neminem
1600 3196 2029 3277 increpuisset,
2070 3196 2370 3259 neminem
2399 3203 2525 3258 ter-

164 3300 430 3377 ruisset,
478 3300 533 3362 si
580 3300 774 3362 solum
803 3300 1097 3362 incestum
1140 3299 1487 3375 cecidisset,
1534 3300 1594 3373 si,
1629 3298 1858 3360 nullum
1899 3296 1963 3358 in
2006 3314 2247 3359 causam
2290 3297 2420 3359 eius
2464 3296 2529 3359 in

163 3386 458 3482 pavorem
500 3400 799 3474 misisset,
841 3400 1108 3462 inflatum
1151 3406 1633 3474 consternasset,
1694 3416 1897 3461 nonne
1938 3396 2149 3460 melius
2193 3396 2524 3478 ²'suspica-

164 3505 323 3567 reris
369 3512 438 3567 et
492 3501 724 3565 fidelius
778 3500 1280 3582 argumentareris
1335 3501 1590 3581 aliquem
1642 3499 1845 3580 potius
1909 3499 2086 3578 longe
2140 3499 2321 3561 alium
2373 3496 2529 3580 apud

165 3655 249 3707 20.
299 3669 453 3722 quam
487 3655 561 3717 D.‚
600 3655 730 3706 Fulv.
770 3655 977 3706 &rinus
1050 3668 1146 3719 qna
1178 3654 1365 3732 reliqui.
1473 3651 1555 3702 21.
1591 3651 1804 3731 plagam,
1852 3651 1969 3702 abiit
2004 3650 2087 3700 ille
2122 3653 2342 3701 distinxit
2376 3650 2530 3701 Nicol-

167 3725 249 3789 sio
252 3726 416 3787 ultius,
458 3738 652 3774 suasore
688 3722 850 3773 Fulvio
874 3723 1054 3772 Ursino.
1149 3720 1231 3771 22.
1267 3721 1520 3782 iterantur,
1555 3721 1692 3770 venia
1729 3722 1783 3769 nt
1814 3719 1959 3785 plane
1995 3734 2094 3783 eqo.
2164 3719 2357 3779 iterant,
2390 3717 2529 3768 venia

168 3742 249 3841 fit⁹
257 3792 404 3857 plane
446 3791 494 3842 0.
531 3790 649 3842 liber
685 3788 941 3841 Clementis.
1021 3789 1214 3849 iterant,
1264 3789 1397 3838 venia
1432 3787 1497 3838 sit
1529 3786 1677 3852 plane
1713 3787 1800 3837 ΑΒ.
1891 3787 2066 3836 iterant
2099 3785 2303 3845 veniam,
2339 3784 2413 3834 sic
2445 3783 2530 3843 (sit

159 3859 249 3927 Β.)
282 3860 432 3924 plane
470 3859 544 3919 Β.,
580 3858 712 3908 Fulv-
753 3857 961 3908 Ursinus.
1066 3853 1147 3906 23.
1187 3856 1258 3905 rei
1293 3858 1415 3906 ratio
1457 3854 1502 3906 C.
1589 3855 1742 3904 restio
1779 3853 1866 3904 AB.
1963 3852 2135 3902 relatio
2170 3853 2243 3914 Β.
2281 3852 2412 3902 Fato.
2441 3850 2529 3900 Ur-

172 3874 319 3978 sinuf.
404 3925 489 3976 24.
527 3925 710 3977 incesto
750 3924 834 3976 GD.
857 3923 1244 3975 liber-Clementis.
1313 3923 1526 3973 incestus
1551 3921 1641 3972 AB.
1719 3918 1804 3970 25.
1840 3919 2079 3970 moeroris
2113 3921 2165 3970 Δ.
2246 3916 2330 3968 2.ss
2364 3924 2529 3966 trans·

172 4001 274 4044 acta
312 3999 363 4045 Α.
472 3990 556 4042 27.
593 4005 703 4044 cum
740 3991 897 4042 indice
930 3992 981 4042 A.
1087 3988 1170 4040 28.
1206 3989 1527 4056 suspiraretis
1559 3991 1611 4039 Δ.

239 4109 284 4157 g.
323 4088 610 4159 armatum]
644 4090 951 4158 Apostolum.
997 4090 1160 4142 Facile
1197 4099 1301 4142 erat
1400 4096 1539 4155 parte
1574 4088 1738 4140 solnm
1771 4087 1939 4138 definit
1973 4094 2022 4136 et
2035 4085 2234 4147 iudicat
2269 4098 2394 4150 quae
2411 4098 2529 4135 sen-

174 4163 420 4224 een-igere
455 4167 695 4212 metm
741 4160 811 4210 De
844 4158 1079 4210 vocabulo
1111 4174 1139 4206 r
1138 4173 1300 4224 eprae-
1399 4158 1548 4209 tentis
1583 4154 1951 4208 interlocutoria
1984 4153 2169 4205 hodie·
2156 4167 2205 4203 ιιι
2226 4151 2410 4203 scholis
2438 4166 2530 4216 ap-

172 4232 372 4281 tentatio
409 4229 474 4279 ct.
511 4228 675 4278 adnot.
711 4226 772 4278 ad
793 4226 863 4277 De
878 4226 1069 4278 Corona
1094 4240 1200 4290 esp.
1221 4225 1298 4276 15.
1400 4224 1651 4343 Bellatum
1678 4223 1813 4275 Paul.
1852 4220 1956 4285 Βία.
1992 4221 2135 4295 1,15,
2155 4219 2239 4283 3,
2244 4220 2353 4282 ,Διιι
2384 4220 2529 4271 fusti-

241 4296 292 4346 1).
338 4296 533 4346 litterae
568 4297 822 4355 iterantur,
872 4294 1008 4345 venia
1042 4294 1096 4344 nt
1130 4287 1301 4358 plane]
1436 4308 1495 4345 us
1530 4292 1737 4356 castigat
1770 4305 1857 4341 eos
1893 4289 1975 4355 qni
2021 4276 2355 4352 neglegentius
2389 4286 2528 4350 ignes

170 4360 245 4412 Ita
279 4363 483 4413 omnino
519 4362 872 4413 emendandum
907 4369 1027 4412 erat.
1404 4361 1697 4419 babuerunt,
1726 4366 1808 4409 aut
1827 4372 1992 4409 severa
2013 4357 2368 4409 interlocutione
2392 4366 2529 4405 com-

241 4430 271 4478 i.
296 4444 357 4480 an
377 4430 510 4494 quod
527 4430 902 4480 interlocutione
922 4422 1302 4493 suspendet-ist]
1407 4428 1618 4478 minatus
1652 4427 1855 4477 fustium
1903 4425 2326 4477 comminationem
2360 4420 2531 4471 remit-

169 4496 308 4561 Apud
347 4497 489 4548 ictos
524 4499 818 4548 intnlocutio
865 4502 941 4546 est
972 4494 1305 4560 pronuntiatio
1405 4494 1515 4545 tit-‘⁴
1586 4495 1661 4545 Cl'.
1697 4493 2060 4553 Forcellinium,
2108 4499 2157 4542 et
2190 4488 2394 4540 uirksen
2430 4485 2531 4537 Ua·

171 4563 348 4617 iudicis
385 4564 524 4614 initio
575 4564 794 4616 mediove
831 4562 946 4622 litis,
994 4576 1117 4625 quae
1153 4569 1304 4613 totam
1407 4561 1554 4613 nuale
1609 4576 1652 4615 s.
1699 4575 1742 4611 v.
1804 4561 2101 4613 Inter-locutio
2165 4566 2214 4607 et
2277 4554 2533 4621 Medoque·

175 4645 373 4683 eausam
429 4645 529 4682 non
587 4631 786 4697 perimit
838 4630 1053 4695 finitque,
1107 4629 1197 4681 sed
1249 4642 1306 4679 ex
1406 4644 1457 4696 p.
1476 4626 1595 4680 493.
