3263 5311
1107 471 1116 476 .
1207 439 1283 483 ns
1327 441 1697 488 not-iocum.
1950 455 1957 472 ·
2503 436 2627 499 773

268 595 299 628 ‘¹
312 594 551 659 cautus,
609 595 669 647 et
711 587 948 668 ‘utique
991 606 1114 649 non
1158 588 1462 669 digamus,
1517 591 1614 653 vel
1658 611 1735 654 ne
1777 592 2047 674 ‘dignius
2092 615 2233 658 mox
2277 597 2547 682 Christus
2593 621 2627 664 a

275 687 490 750 femina
533 688 977 767 praedicaretur
1016 698 1218 752 vetere
1259 690 1434 754 vidua
1479 700 1541 753 et
1581 693 1842 769 univira,
1900 714 2054 774 quae
2082 704 2144 759 et
2170 699 2391 778 templo
2431 700 2627 764 dedita

271 789 424 850 satis
467 788 529 849 in
575 789 895 868 semetipsa
937 790 1360 869 portendebat,
1429 793 1631 872 quales
1679 795 1722 826 ²⁰
1734 796 1987 875 spiritali
2040 797 2296 877 templo,
2373 799 2486 861 ¹¹id
2532 809 2629 862 est

271 889 595 963 ecclesiae,
641 889 896 952 debeant
923 890 1265 954 adhaerere.
1322 892 1497 956 Tales
1542 894 1802 957 arbitros
1846 895 2041 958 infans
2085 897 2365 960 dominus
2408 918 2626 980 exper-

273 999 372 1053 tus
416 1008 540 1051 non
583 989 733 1052 alios
777 989 985 1052 habuit
1026 1000 1084 1052 et
1127 991 1382 1056 adultus.
1481 994 1726 1057 Petrum
1787 997 1985 1059 solnm
2039 997 2276 1060 invenio
2330 1001 2626 1077 maritum,

271 1109 384 1171 per
428 1108 700 1154 socrum:
767 1108 1188 1171 monogamum
1240 1111 1562 1173 praesumo
1619 1114 1729 1175 per
1785 1096 2126 1173 ecclesiam,
2195 1099 2399 1179 ¹'quae
2444 1120 2628 1182 super

270 1192 436 1253 illum
483 1190 781 1252 aedificata
825 1209 1063 1253 omnem
1106 1195 1355 1272 gradum
1399 1196 1626 1258 ordinis
1673 1197 1769 1258 sui
1810 1199 1885 1259 de
1929 1199 2304 1279 monogamis
2335 1209 2463 1263 erat
2492 1202 2621 1263 col-

267 1292 554 1355 locatura.
643 1291 890 1353 Ceteros
935 1311 1069 1354 cum
1110 1294 1357 1357 maritos
1401 1315 1525 1359 non
1569 1298 1841 1371 invenio,
1898 1309 2000 1361 aut
2040 1300 2336 1381 spadones
2381 1302 2620 1364 intelle-

267 1411 405 1472 gam
463 1410 716 1454 necesse
771 1401 864 1455 est
916 1401 1018 1455 ant
1071 1395 1467 1459 continentes.
1573 1397 1698 1461 Nec
1755 1400 1943 1474 enim,
2010 1401 2062 1461 si
2118 1420 2306 1481 penes
2364 1399 2622 1466 Graecos

267 1494 573 1556 communi
617 1493 902 1556 vocabulo
949 1504 1270 1559 censentur
1312 1498 1593 1560 mulieres
1627 1508 1688 1561 et
1707 1499 1971 1561 uxores‘¹
2012 1520 2124 1582 pro
2170 1505 2621 1566 consuetudinis

267 1594 546 1656 facilitate
590 1597 875 1669 (ceterum
922 1606 1017 1657 est
1057 1597 1365 1676 proprium
1422 1599 1771 1662 vocabulum
1814 1607 2127 1679 uxorum),
2193 1604 2329 1667 ideo
2373 1604 2621 1668 Paulum

164 1745 176 1758 .
267 1691 364 1758 sic
405 1695 1010 1775 ¹³interpretahimur‚
1057 1698 1225 1776 quasi
1273 1698 1697 1762 ¹⁴demonstrct
1724 1719 1945 1762 uxores
1976 1704 2287 1782 apostolos
2318 1704 2617 1768 habuisse.

263 1796 339 1858 Si
379 1796 536 1858 enim
581 1797 657 1857 de
700 1797 1092 1859 matrimoniis
1126 1798 1535 1879 ¹³disputaret‚
1583 1801 1743 1881 quod
1787 1801 1847 1863 in
1885 1804 2271 1881 sequentibus
2302 1805 2471 1879 facit,
2516 1806 2619 1868 ubi

266 1897 459 1976 magis
503 1897 813 1976 apostolus
858 1897 1097 1984 aliquod
1141 1899 1473 1978 exemplum
1518 1903 1827 1964 nominare
1869 1903 2199 1983 potuisset,
2246 1914 2407 1967 recte
2452 1906 2620 1967 vide-

265 2006 437 2060 retur
478 1997 706 2072 dicere,
748 1997 883 2060 Non
927 1999 1087 2060 enim
1131 1998 1416 2062 habemus
1458 2010 1815 2081 potestatem
1859 2021 2077 2066 uxores
2121 2005 2617 2080 circumducendi,
2645 1997 2861 2106 '‘2⁰14ss

267 2098 429 2162 sicut
480 2095 660 2160 ceteri
718 2099 974 2178 apostoli
1029 2109 1089 2161 et
1132 2100 1406 2179 Cephas?
1508 2103 1583 2163 At
1640 2103 1740 2164 ubi
1799 2122 1865 2166 ea
1927 2103 2282 2185 ¹‘subiungit
2339 2125 2490 2186 quae
2548 2106 2625 2168 de

265 2200 550 2262 victuaria
597 2199 995 2262 exhibitione·
1050 2200 1469 2262 abstinentiam
1528 2203 1657 2264 eius
1715 2205 2069 2278 ostendunt,
2135 2206 2420 2277 dicentis,
2489 2207 2622 2267 Non

265 2300 431 2362 enim
472 2307 828 2380 potestatem
872 2301 1160 2363 hahemus
1204 2301 1595 2365 manducandi
1643 2313 1701 2363 et
1746 2303 2035 2366 bibendi?
2080 2323 2203 2365 non
2246 2324 2463 2367 uxores
2509 2306 2619 2366 de-

264 2409 569 2463 monstrat
609 2401 679 2462 ab
725 2401 1016 2481 apostolis
1052 2402 1569 2476 ¹⁷circumductas,
1615 2422 1760 2481 quas
1806 2411 1867 2464 et
1906 2405 2006 2482 qui
2050 2423 2173 2465 non
2210 2404 2461 2479 habent,
2504 2423 2622 2485 po-

268 2510 541 2563 testatem
587 2510 783 2563 tamen
827 2502 1218 2564 manducandi
1261 2510 1320 2564 et
1361 2502 1604 2565 bibendi
1648 2503 1897 2577 hahent,
1945 2505 2052 2565 sed
2098 2504 2446 2585 simpliciter
2485 2524 2622 2568 mu-

263 2602 451 2667 lieres
508 2622 658 2683 quae
724 2603 842 2667 illis
908 2603 1120 2666 eodem
1186 2603 1457 2667 instituto
1478 2651 1504 2680 ‚⁴
1569 2623 1688 2684 qno
1754 2613 1815 2667 et
1879 2604 2182 2691 dominum
2249 2606 2624 2681 comitantes,

267 2704 704 2767 ministrabant.
783 2705 904 2767 lam
948 2724 1088 2767 vero
1137 2706 1189 2767 si
1237 2705 1507 2768 Christus
1551 2696 1837 2790 reprobat
1880 2706 2105 2768 scribas
2150 2717 2212 2770 et
2253 2707 2624 2785 pharisaeoS,

264 2804 550 2868 sedentes
596 2805 657 2865 in
702 2805 975 2868 cathedra
1017 2806 1202 2885 Moysi
1248 2825 1361 2868 nec
1400 2807 1684 2868 facientes
1730 2825 1881 2885 quae
1922 2806 2236 2878 docerent,
2281 2806 2454 2884 quale
2507 2814 2620 2880 est,

265 2904 370 2968 αι’
411 2914 470 2966 et
513 2907 642 2986 ipse
687 2924 871 2985 super
907 2907 1247 2969 cathedram
1295 2914 1464 2967 su'am
1506 2905 1826 2967 collocaret
1868 2905 1967 2985 qui
2013 2907 2385 2968 sanctitatem
2428 2906 2622 2968 carnis

264 3008 612 3088 praecipere
655 3007 875 3086 magis,
934 3026 1056 3069 non
1101 3008 1279 3068 etiam
1324 3007 1491 3069 obire
1532 3006 1977 3079 meminissent,
2035 3024 2212 3085 quam
2258 3006 2376 3068 illis
2422 3007 2622 3067 omni-

268 3108 387 3172 bus
431 3108 625 3169 modis
658 3108 1034 3170 ¹⁸insinuarat
1078 3116 1139 3169 et
1180 3108 1503 3170 docendam
1536 3115 1598 3169 et
1630 3104 1964 3184 agendam?
2008 3106 2071 3167 in
2111 3106 2322 3187 primis
2358 3106 2484 3168 ¹⁹de
2513 3125 2624 3168 suo
2677 3157 2807 3200 „aab

261 3208 578 3288 exemplo,
639 3208 838 3273 ”tunc
878 3209 952 3270 de
995 3208 1208 3271 ceteris
1253 3209 1650 3287 argumentis,
1718 3225 1849 3268 cum
1903 3224 2228 3286 puerorum
2284 3207 2427 3268 dicit
2481 3224 2623 3267 esse
2649 3188 2851 3309 {ygh}-

265 3327 518 3389 regnum
562 3309 893 3380 caelorum,
949 3327 1085 3370 cum
1128 3317 1439 3370 consortes
1484 3308 1599 3370 illis
1645 3307 1783 3368 facit
1824 3307 1973 3368 alios
2016 3314 2158 3385 post
2199 3306 2439 3386 nuptias
2469 3325 2622 3385 pue-

264 3427 409 3481 ros,
477 3428 611 3471 cum
666 3410 737 3472 ad
798 3408 1234 3489 simplicitatem
1292 3407 1598 3469 columbae
1651 3416 1967 3486 provocat,
2033 3407 2157 3467 avis
2217 3424 2338 3468 non
2394 3415 2621 3469 tantum
2639 3424 2931 3479 naumann.

262 3510 590 3584 innocuae,
655 3528 860 3571 verum
917 3517 977 3570 et
1027 3509 1306 3589 pudicae,
1371 3527 1547 3588 quam
1607 3525 1786 3568 unam
1841 3525 1997 3569 unus
2054 3506 2353 3569 masculus
2398 3508 2621 3581 novitt,

263 3630 404 3672 cum
448 3611 845 3672 Samaritanae
886 3609 1160 3670 maritum
1206 3617 1409 3687 negat,
1457 3617 1520 3670 ut
1560 3608 1891 3670 adulterum
1921 3607 2200 3669 ostendat
2227 3625 2931 3684 numerosumioh.1v,1·1sq.

263 3799 320 3846 7.
359 3805 519 3848 castus
558 3800 602 3847 b.
690 3795 737 3847 8.
774 3790 978 3860 uterque
1014 3797 1060 3845 d.
1163 3796 1212 3846 9.
1250 3796 1491 3857 indignius
1525 3796 1602 3845 Ac.
1646 3795 1852 3844 Vaticani
1889 3800 1997 3843 tres.
2094 3793 2173 3842 10.
2211 3793 2258 3842 iu
2294 3791 2499 3854 spiritali
2534 3791 2624 3840 ΑΒ.

275 3865 355 3914 11.
394 3874 446 3914 ut
479 3865 717 3914 ecclesiae
752 3869 806 3914 A.
872 3863 944 3912 vel
982 3862 1186 3912 ecclesia
1206 3863 1257 3911 B.
1361 3862 1440 3912 12.
1480 3877 1604 3925 quae
1641 3875 1788 3924 super
1824 3860 1959 3908 illum
1997 3860 2245 3909 aedificata
2283 3872 2476 3907 omnem
2513 3871 2626 3919 gra-

264 3933 385 3982 dum
424 3932 608 3981 ordinis
644 3932 718 3980 sui
756 3931 815 3981 de
854 3933 1156 3992 monogamis
1194 3937 1298 3979 erat
1333 3930 1565 3979 collatura
1616 3930 1719 3978 bed.
1805 3941 1896 3989 qua
1933 3926 2077 3988 (quae
2111 3926 2161 3975 B.
2216 3939 2359 3988 quam
2396 3927 2526 3974 A.m.
2549 3939 2626 3988 pr.

229 3999 499 4065 ‚quoniam
535 4000 586 4049 A.
605 4015 666 4048 m.
686 3994 798 4057 sec.)
833 4011 983 4061 super
1028 3996 1162 4046 illum
1213 4011 1407 4046 omnem
1461 3996 1661 4057 gradum
1710 3994 1893 4043 ordinis
1941 3993 2015 4041 sui
2064 3992 2124 4041 de
2172 3991 2474 4053 monogamis
2523 3996 2626 4040 erat

267 4066 599 4116 collocaturus
636 4065 922 4122 (collaturus
958 4064 1024 4119 a.)
1059 4064 1212 4114 ABCa.
1320 4062 1397 4113 13.
1437 4061 1861 4125 interpretabimus
1908 4058 1994 4109 ΑΒ.
2115 4058 2195 4109 14.
2242 4058 2627 4108 demonstrasset

261 4134 424 4183 Asea.
517 4133 592 4181 15.
630 4133 925 4197 disputasset
946 4132 1099 4182 Asea.
1190 4130 1269 4180 16.
1306 4145 1429 4195 quae
1464 4129 1712 4190 subiungit
1746 4128 1807 4177 de
1840 4126 1929 4177 ΑΒ.
2015 4125 2092 4175 17.
2134 4124 2486 4175 circumductas
2523 4125 2627 4175 bed.

265 4200 504 4251 deductas
538 4200 724 4264 reliqui.
831 4198 910 4248 18.
949 4197 1215 4248 insinuaret
1248 4198 1299 4248 A.
1408 4197 1482 4246 19.
1520 4196 1581 4245 de
1616 4211 1705 4246 om.
1742 4193 1897 4245 asoa.
2001 4191 2084 4243 20.
2121 4200 2220 4243 tum
2261 4193 2487 4242 Latinius.

343 4366 391 4416 d.
446 4366 688 4417 communi
725 4364 958 4415 vocabulo
995 4373 1253 4414 censentur
1289 4378 1399 4412 mu-
1570 4364 1605 4413 l'.
1641 4361 1785 4425 quale
1814 4369 1907 4422 est,
1944 4356 2018 4425 ut]
2056 4359 2130 4411 Cl'.
2151 4359 2313 4410 adnot.
2332 4356 2393 4407 ad
2412 4357 2479 4409 De
2496 4358 2623 4416 Fuga

269 4435 423 4485 lieres
471 4443 519 4483 et
553 4428 751 4497 uxores]
810 4432 862 4481 V.
898 4431 1099 4481 Tertull.
1147 4432 1216 4480 Dc
1264 4432 1397 4480 Orat.
1504 4430 1552 4478 iu
1592 4429 1836 4477 Persecut.
1875 4428 2044 4490 cap.5.
2570 4488 2579 4497 ·

268 4516 383 4562 cao.
412 4499 496 4549 21.
1569 4508 1616 4554 g.
1654 4508 1797 4556 quam
1834 4507 1977 4541 unam
2016 4507 2142 4542 unus
2194 4489 2439 4542 masculus
2474 4481 2627 4552 novit]

342 4582 386 4617 e.
422 4568 484 4616 de
518 4566 748 4616 victuaria
783 4558 1100 4631 exhibitione]
1146 4563 1197 4613 V.
1235 4563 1400 4613 adnot.
1504 4561 1627 4611 Plio.
1667 4561 1787 4609 Hist.
1823 4560 1928 4609 Nat.
1966 4558 2122 4620 x,34.

269 4634 337 4684 ad
374 4633 446 4683 De
480 4632 673 4683 Corona
708 4646 817 4696 cap.
843 4631 893 4680 7.
