3263 5311
907 435 984 480 ns
1029 435 1215 481 cum-u
1259 436 1598 498 remeauit
1641 439 1755 483 ua.
1785 438 1851 484 11.
2432 427 2555 490 717

219 584 430 648 ”tacto
472 583 723 665 “stupri
782 587 1316 667 concupiscentiam
1367 605 1494 670 non
1549 589 1852 654 diamant
1902 590 1965 651 iu
2007 589 2289 672 ”paetum
2348 593 2555 656 nescio

222 699 332 750 au·
373 687 615 767 impune
656 686 964 750 ”bhabeat
1003 688 1158 769 ²⁷qui
1205 688 1375 751 alicui
1417 689 1650 752 ”causa
1701 691 1880 753 tuerit
1934 691 2310 773 perditionis,
2393 694 2559 758 Perit
2650 765 2659 774 ‚

221 789 382 851 enim
423 787 556 862 ille,
599 787 776 852 simul
817 787 937 851 ”in
978 789 1196 852 ³”tum
1238 791 1487 853 formam
1532 792 1931 874 concupierit,
1995 791 2118 855 ”et
2158 793 2396 857 admisit
2436 795 2554 858 iam

220 890 286 952 in
328 888 526 951 animo
569 889 728 970 quod
772 890 1135 972 coucwivit‘,
1181 901 1242 953 et
1280 893 1430 955 facta
1471 891 1597 954 ⁸'cs
1645 901 1707 955 tu
1748 894 1978 974 gladius
2022 893 2166 969 inin
2221 894 2376 970 ”ut,
2439 897 2553 959 etsi

221 991 449 1072 aculpa
490 1009 696 1066 vaces,
739 991 814 1053 ab
855 991 1072 1057 invidia
1113 1009 1234 1054 non
1279 993 1627 1056 ³⁴libereris.
1691 993 1793 1068 Ut,
1838 1013 1971 1056 cum
2016 994 2079 1056 in
2121 994 2366 1058 alicuius
2410 1015 2552 1077 agro

220 1091 595 1156 latrocinium
637 1101 866 1173 gestum
911 1102 1034 1168 est,
1078 1093 1360 1157 ”aimon
1402 1095 1641 1176 quidem
1684 1096 1989 1158 dominum
2022 1115 2144 1158 non
2172 1095 2551 1178 ”contingen

221 1194 363 1257 dum
390 1194 592 1256 ⁸⁸¹’rus
635 1203 832 1258 tamen
858 1195 904 1228 ⁸⁷
917 1195 1235 1275 ignominia
1279 1205 1547 1272 notatur,
1590 1199 1723 1276 ipse
1751 1216 1989 1278 quoque
2017 1197 2313 1261 ⁸'infamia
2340 1217 2549 1279 asper-

221 1297 397 1376 gitur.
461 1295 859 1376 Expingamus
903 1315 1050 1372 nos,
1095 1305 1162 1359 ut
1201 1297 1369 1360 alteri
1410 1297 1706 1378 pereant?
1770 1299 1878 1361 Ubi
1919 1298 2118 1380 ³⁰ergo
2164 1307 2289 1374 est,
2332 1300 2555 1382 Diliges
2581 1273 2768 1373 xixmiii.

219 1397 556 1479 proximum
601 1405 765 1462 tuum
808 1398 1041 1461 ⁴‘sicuti
1085 1407 1144 1461 te
1186 1398 1432 1481 ipsum?
1517 1399 1715 1462 Nolite
1758 1409 1954 1464 vestra
1998 1402 2280 1466 “tautum
2322 1421 2551 1477 curare,
2582 1358 2787 1432 m’ae‘

223 1500 332 1562 sed
373 1498 660 1562 alteruis?
743 1500 913 1564 Nulla
968 1501 1294 1563 enuntiatio
1350 1502 1596 1582 spiritus
1652 1502 1839 1566 sancti
1882 1503 1955 1564 ad
1997 1514 2372 1583 praesentem
2420 1514 2551 1568 tan·

217 1610 349 1663 tum
391 1601 726 1672 materiam,
794 1609 854 1663 et
908 1620 1030 1664 non
1085 1602 1157 1664 ad
1211 1621 1448 1668 omnem
1503 1603 1771 1668 utilitatis
1831 1604 2203 1668 occasionem
2261 1606 2435 1686 dirigi
2495 1614 2557 1670 et

223 1702 445 1783 suscipi
474 1702 725 1764 ⁴²debet.
800 1702 945 1766 Cum
988 1703 1167 1784 igitur
1209 1712 1271 1767 et
1311 1715 1518 1767 nostra
1563 1713 1626 1766 et
1666 1704 1915 1767 aliorum
1959 1725 2134 1768 causa
2178 1717 2450 1770 versetur
2490 1707 2556 1770 in

222 1804 424 1867 studio
465 1804 961 1884 periculosissimi
1005 1805 1268 1879 decoris,
1325 1806 1442 1868 iam
1485 1824 1607 1867 non
1654 1813 1878 1868 tautum
1922 1808 2203 1870 confictae
2245 1818 2307 1871 et
2348 1808 2553 1871 elabo-

215 1915 382 1969 ratae
425 1904 935 1987 ⁴'pulchritudinis
982 1917 1359 1986 suggestum·
1409 1907 1803 1970 recusandum
1858 1926 1891 1970 a
1930 1908 2103 1972 vobis
2146 1910 2378 1982 sciatis,
2444 1910 2554 1974 sed

221 2007 399 2070 etiam
441 2007 724 2070 natm-alis
769 2009 1168 2088 speciositatis
1212 2008 1668 2070 oblitterandum
1699 2009 2170 2072 dissimulatione
2206 2019 2265 2073 et
2306 2011 2553 2086 incuria,

221 2115 292 2170 ut
331 2108 634 2189 “perinde
676 2108 983 2172 oculorum
1027 2109 1363 2172 incursibus
1407 2110 1775 2194 molestum„
1841 2111 1989 2173 Nam
2033 2111 2145 2174 etsi
2182 2112 2554 2174 accusandus

217 2209 403 2272 decor
443 2228 566 2271 non
609 2218 735 2286 est,
779 2220 846 2272 ut
886 2210 1130 2274 felicitas
1161 2211 1462 2291 corporis,
1506 2212 1627 2273 ⁴⁵ut
1658 2211 1888 2273 divinae
1916 2212 2196 2292 plasticae
2223 2212 2491 2274 accessio
2505 2211 2553 2287 ⁸,
2584 2239 2592 2246 ·

213 2319 288 2373 ut
327 2312 559 2374 animae
601 2312 792 2391 aliqua
831 2311 1072 2374 ⁴‘vestis
1115 2311 1303 2386 bona,
1368 2312 1724 2380 ⁴⁷timendus
1781 2320 1875 2374 est
1925 2321 2122 2375 tamen
2175 2312 2267 2373 vel
2307 2321 2557 2393 prepter

217 2412 494 2474 iniuriam
538 2422 597 2475 et
621 2412 954 2474 violentiam
982 2413 1427 2488 ”sectatorum,
1473 2413 1703 2493 “quam
1738 2413 1917 2475 etiam
1946 2423 2115 2494 pater
2142 2412 2279 2474 fidei
2308 2412 2551 2475 ”Abra-

220 2531 305 2582 24.
342 2546 369 2582 a
405 2533 533 2582 tacto
568 2532 779 2584 acone.
860 2532 940 2583 25.
977 2534 1130 2598 stupri
1167 2532 1597 2600 (stuprionudtp.)
1633 2535 2068 2598 concupiscentiam
2107 2549 2201 2585 nou
2236 2534 2480 2585 diseemt
2500 2534 2553 2584 A.

218 2601 376 2663 stupri
414 2614 508 2648 non
547 2599 789 2650 discernat
824 2603 869 2651 ct.
939 2604 1092 2667 stupri
1131 2617 1225 2652 non
1261 2602 1489 2652 discernit
1521 2605 1707 2670 reliqui.
1797 2601 1878 2653 26.
1915 2618 2087 2668 poena,
2125 2603 2287 2652 nescio
2306 2602 2553 2652 Bcootoca.

219 2667 349 2718 261».
386 2669 526 2717 abeat
560 2671 660 2719 abc.
747 2667 829 2719 27.
866 2684 988 2735 qnae
1025 2672 1071 2720 d.
1162 2670 1243 2720 28.
1279 2686 1422 2721 causa
1462 2673 1605 2723 suerit
1639 2675 1688 2723 Α.
1762 2672 1906 2721 luerit
1940 2687 2082 2721 causa
2117 2673 2303 2735 reliqui.
2384 2668 2465 2719 29.
2504 2670 2552 2718 in

215 2734 533 2801 AthCDabc.
606 2745 654 2785 ut
688 2733 857 2799 (ΑΒΜ.
960 2737 1043 2788 30.
1080 2747 1206 2789 tuam
1245 2740 1448 2790 formam
1486 2740 1783 2805 concupierit
1816 2741 1899 2790 Act.
1970 2749 2047 2789 tua
2087 2740 2258 2790 forma.
2295 2737 2336 2786 si
2373 2751 2552 2786 concu-

214 2804 366 2870 pierit
387 2804 575 2869 reliqui.
662 2803 744 2854 31.
784 2814 831 2855 et
864 2806 1055 2856 admisit
1090 2807 1182 2856 iam
1221 2808 1267 2857 in
1304 2808 1464 2857 animo
1500 2808 1628 2872 quod
1667 2808 1935 2871 concupivit
1970 2808 2158 2857 omem.
2240 2804 2320 2854 32.
2358 2812 2433 2853 est
2454 2802 2553 2867 Αβ.

219 2870 307 2921 33.
345 2878 393 2920 ut
426 2872 517 2920 etsi
551 2872 938 2931 AB(m.sec.)Dd.
1010 2882 1059 2923 ut
1096 2875 1223 2938 qnod
1258 2876 1298 2924 si
1335 2875 1421 2924 BG.
1494 2884 1543 2924 ut
1575 2876 1763 2940 reliqui.
1844 2872 1925 2923 34.
1964 2874 2185 2924 libereris
2216 2875 2302 2924 Ad.
2372 2871 2550 2921 libera-

217 2938 357 2988 beris
389 2941 572 3004 reliqui.
658 2938 740 2990 35.
775 2941 975 2990 crimine
1006 2943 1322 2992 Vaticanorum
1353 2958 1490 2992 unus.
1536 2944 1701 2994 stabat
1722 2943 1987 2992 Frdunius.
2074 2941 2157 2991 36.
2192 2940 2433 3002 continget
2467 2941 2552 2990 Ad.

221 3005 508 3068 constringit
540 3008 723 3072 reliqui.
830 3007 895 3058 36
911 3010 956 3058 b.
994 3024 1073 3058 res
1110 3010 1317 3060 senate.
1413 3009 1494 3059 37.
1532 3012 1637 3059 eins
1673 3010 1930 3071 ignominia
1967 3010 2178 3060 Bcoabc.
2271 3007 2353 3058 38.
2391 3008 2438 3057 in
2477 3007 2551 3057 l'a·

219 3073 358 3123 milia
392 3076 471 3123 Aa.
543 3090 638 3125 non
675 3075 869 3125 infamia
910 3077 954 3125 C.
1028 3078 1169 3126 modo
1207 3078 1401 3127 infamia
1437 3078 1490 3127 B.
1559 3079 1751 3128 infamia
1787 3078 1972 3142 reliqui.
2055 3080 2158 3142 ipse
2194 3075 2551 3141 quodammodo

217 3141 421 3193 lnl'amia
453 3143 505 3192 Β.
522 3159 584 3192 m.
601 3158 692 3193 aec.
793 3143 877 3193 39.
926 3160 1041 3207 ergo
1089 3153 1163 3194 est
1197 3143 1308 3210 Δφ.
1390 3154 1463 3195 est
1510 3160 1624 3208 ergo
1661 3144 2026 3208 (AfflBCDobcd.
2130 3144 2213 3195 40.
2262 3143 2401 3194 sicuti
2438 3140 2552 3208 Αφ.

216 3209 347 3260 sicut
381 3207 747 3272 (Afflscoaaea.
827 3211 909 3260 41.
946 3220 1126 3263 tantum
1163 3214 1484 3264 om.BCDobc.
1569 3214 1654 3263 42.
1692 3214 1833 3263 debet
1866 3215 1951 3263 Aa.
2020 3221 2181 3277 potest
2211 3213 2399 3277 reliqui.
2468 3208 2551 3260 43.

213 3277 592 3343 pulchritudinis
624 3281 706 3329 Aa.
778 3280 1016 3343 cupidinis
1052 3281 1137 3330 BG.
1182 3283 1383 3331 Vaticani
1416 3290 1525 3331 tres.
1571 3283 1737 3332 Probat
1772 3282 1847 3330 Fr.
1875 3282 2050 3330 huius.
2120 3281 2332 3330 libidinis
2365 3279 2552 3343 reliqui.

214 3346 300 3395 44.
340 3346 540 3409 perinde
574 3347 660 3396 Ad.
729 3348 931 3412 proinde
965 3350 1150 3414 reliqui.
1254 3349 1335 3398 45.
1372 3359 1419 3399 et
1453 3350 1540 3399 BC.
1643 3350 1724 3400 46.
1772 3350 1969 3398 vestitus
2002 3350 2129 3398 bona
2163 3349 2218 3398 Β.
2287 3349 2431 3396 vestis
2469 3362 2551 3397 ur·-

212 3414 343 3463 bana
380 3417 481 3464 abc.
561 3414 643 3464 47.
678 3416 918 3465 timendus
951 3424 1028 3465 est
1059 3423 1220 3466 tamen
1253 3419 1336 3467 Ad.
1406 3414 1671 3467 timendum
1706 3426 1865 3466 tamen
1898 3423 1973 3466 est
2006 3418 2190 3482 reliqui.
2275 3414 2359 3466 48.
2394 3424 2553 3465 secta-

212 3490 380 3531 torum
405 3482 751 3541 Aminaeum
822 3490 1118 3547 septatorum
1155 3485 1241 3534 BC.
1310 3492 1637 3549 spectatorum
1672 3487 1857 3552 reliqui.
1949 3484 2031 3534 49.
2068 3499 2210 3549 quam
2240 3490 2286 3535 d.
2344 3498 2486 3548 quom
2500 3488 2553 3535 A.

213 3563 345 3614 quae
377 3550 565 3614 reliqui.
665 3551 750 3601 50.
783 3552 1012 3602 habraam
1047 3552 1136 3601 BC.

291 3650 407 3715 Cap.
445 3649 505 3699 Π.
553 3668 593 3700 a.
634 3653 796 3702 nescio
816 3649 900 3719 an]
937 3653 1191 3716 Exemplar
1207 3654 1331 3716 Ago-

207 3718 359 3769 hardi
392 3717 463 3768 sic
500 3719 668 3770 babet:
718 3722 861 3777 Quasi
895 3723 1006 3771 deus
1041 3738 1134 3772 non
1169 3723 1334 3786 ampli-

210 3788 342 3839 ando
397 3788 539 3849 teqem
572 3792 692 3851 [acto
739 3790 889 3853 stupri
922 3791 1335 3854 concupiscentiam

206 3871 314 3907 nou
350 3846 581 3905 dixerim
625 3857 676 3905 in
713 3872 880 3920 poena.
947 3856 1209 3918 Negatione
1245 3858 1333 3907 de-

205 3931 369 3973 tracta
407 3924 676 3985 posteriore
710 3939 884 3974 sensus
910 3925 999 3974 erit
1025 3925 1333 3989 praeclarus:

211 3990 366 4049 Quasi
403 3991 515 4040 deus
561 4007 654 4041 non
703 3992 965 4056 antpliaudo
1001 3994 1163 4057 Legem
1211 3998 1333 4057 sacto

206 4060 370 4122 alumi
405 4062 818 4123 concupiscentiam
853 4062 1083 4111 discernat
1103 4066 1151 4109 in
1166 4077 1334 4125 poena.

207 4126 385 4177 Nescio
422 4142 483 4175 an
515 4130 698 4191 impune
732 4129 894 4178 habeat
930 4130 1011 4193 qui
1028 4130 1172 4179 alicui
1194 4144 1337 4180 causa

203 4196 359 4258 [uerit
390 4196 683 4258 perditionis.
731 4196 982 4260 Ampliavit
1005 4196 1176 4259 Legem
1194 4196 1335 4247 Chri-

204 4268 323 4311 stus
360 4276 468 4310 cum
507 4264 598 4312 ait:
636 4262 878 4324 „Audistis
913 4264 1022 4328 quia
1058 4264 1235 4314 dictum
1263 4271 1338 4314 est

205 4328 445 4395 antiquis,
491 4329 598 4379 Non
649 4331 996 4381 moechaberis.
1074 4332 1174 4395 Ego
1221 4347 1333 4382 vero

203 4397 330 4447 dico
369 4398 517 4459 vobis,
556 4398 837 4463 Quicunque
873 4399 1045 4462 aspicit
1065 4401 1334 4461 mulierem,

199 4472 270 4515 ut
307 4466 654 4530 concupiscat“
690 4474 799 4517 cett.
836 4466 1046 4529 (Rigalt.)

285 4531 335 4581 b.
389 4541 436 4583 et
482 4535 605 4583 facta
653 4549 705 4584 es
752 4542 801 4583 tu
848 4534 1034 4597 gladius
1081 4532 1176 4602 illi]
1241 4535 1332 4599 Cy-

197 4601 376 4665 priau.
412 4600 480 4649 De
518 4602 688 4651 Habitu
713 4603 834 4665 virg.
872 4617 919 4666 p.
936 4600 1018 4651 96.
1057 4604 1130 4652 ed.
1152 4605 1332 4653 Oxum:

201 4668 485 4731 „Ceterum
521 4670 563 4719 si
612 4677 662 4720 tu
698 4677 744 4721 te
780 4670 1112 4735 sumptuosius
1149 4682 1332 4731 comas,

1435 3662 1483 3704 et
1531 3669 1620 3719 per
1675 3654 1921 3719 publicum
1994 3654 2271 3705 notabiliter
2338 3655 2550 3717 incedas,

1433 3723 1602 3772 oculos
1639 3723 1688 3771 in
1724 3730 1770 3772 te
1807 3723 2056 3773 iuventutis
2094 3723 2294 3781 inflictas,
2343 3724 2550 3786 suspiria

1434 3789 1809 3840 adolescentium
1846 3799 1957 3853 post
2004 3799 2050 3840 te
2086 3790 2265 3849 trabas,
2319 3791 2552 3854 concupi-

1434 3859 1599 3907 scendi
1638 3858 1884 3906 libidinem
1922 3858 2122 3917 nutrias,
2159 3858 2435 3921 suspirandi
2474 3859 2551 3906 lo-

1438 3934 1595 3975 menta
1630 3927 1917 3985 succendas,
1954 3932 2021 3983 ut,
2060 3925 2149 3973 etsi
2186 3925 2291 3988 ipsa
2330 3939 2425 3974 non
2462 3940 2551 3988 pe·

1415 4008 1561 4052 reas,
1615 3993 1739 4043 alios
1774 4001 1932 4042 tamen
1971 3992 2146 4057 perdas
2184 4000 2242 4043 ,et
2286 3992 2413 4042 velut
2446 3993 2550 4055 gla-

1436 4061 1565 4111 dium
1603 4068 1650 4111 te
1687 4069 1734 4110 et
1752 4075 1983 4111 venenum
2008 4060 2275 4109 videntibus
2299 4060 2551 4124 praebeas,

1435 4130 1653 4179 excusari
1686 4143 1784 4178 non
1818 4137 1976 4193 potes,
2029 4129 2166 4193 quasi
2216 4137 2374 4178 mente
2421 4136 2554 4187 casta

1435 4198 1505 4247 sis
1541 4206 1589 4247 et
1620 4196 1851 4263 pudica.“

1503 4315 1545 4348 c.
1581 4293 1885 4363 suggestum]
1924 4298 2025 4349 Dixi
2061 4260 2121 4349 6ο
2156 4299 2299 4349 buius
2334 4299 2552 4349 vocabuli

1435 4368 1705 4431 significatu
1742 4367 1801 4417 ad
1834 4369 1903 4417 De
1941 4367 2131 4418 Corona
2168 4382 2274 4432 cap.
2304 4365 2381 4417 13.

1503 4467 1549 4517 d.
1587 4475 1638 4518 nt
1672 4468 1857 4519 divinae
1890 4467 2124 4531 plasticae
2172 4462 2410 4532 accessio]
2458 4466 2550 4530 Cy-

1432 4536 1634 4600 prianus
1682 4535 1772 4585 l.l.
1810 4550 1857 4599 p.
1884 4534 1968 4585 99.
2022 4536 2098 4586 ed.
2148 4536 2327 4585 Oxon.:
2383 4534 2549 4597 „quod

1435 4618 1558 4668 opus
1594 4603 1672 4653 dei
1709 4611 1755 4652 et
1791 4603 1973 4654 lactura
1992 4604 2095 4653 eins
2116 4610 2162 4651 et
2183 4602 2384 4666 plastica
2410 4602 2548 4652 adul-

1434 4671 1581 4722 terari
1617 4669 1752 4722 nullo
1788 4670 1934 4721 modo
1971 4670 2177 4730 ἅψειν*
2215 4676 2325 4721 cett.
