3263 5311
1184 449 1260 493 ns
1304 447 1716 494 memsam.
2499 437 2620 500 651

290 597 625 661 credimus!
720 599 899 674 Quod
951 600 1131 680 igitur
1182 601 1331 664 deus
1386 607 1698 680 tantopere
1753 599 2153 673 commendat,
2227 602 2385 681 quod
2447 602 2628 665 etiam
2726 661 2740 688 ,

293 702 553 763 humano
594 719 765 762 more
809 701 925 764 sul>
965 701 1331 764 deieratione
1372 710 1655 774 testatur,
1701 717 1930 763 summa
1955 700 2161 780 ntique
2192 700 2527 781 “gravitate
2567 712 2629 766 et

291 802 534 882 aggredi
575 811 635 864 et
675 802 975 864 mstodire
1017 802 1330 876 debemus,
1396 811 1463 865 ut
1512 803 1576 865 in
1633 801 2075 865 asseveratione
2137 801 2365 864 divinae
2408 804 2629 884 gratiae

289 912 707 983 permanentes
748 904 813 965 in
854 904 1048 966 fructu
1089 923 1327 985 quoque
1370 903 1496 966 eius
1536 913 1601 972 ,et
1655 903 2057 966 emolumento
2112 902 2364 984 proinde
2415 923 2625 984 perse—

290 1023 496 1068 verare
539 1004 865 1084 possimus.

460 1107 591 1168 Hoc
632 1107 791 1168 enim
834 1106 1003 1181 dico,
1057 1106 1506 1187 paenitentiam,
1564 1124 1715 1186 quae
1768 1124 1878 1187 per
1930 1105 2024 1166 dei
2079 1105 2325 1185 gratiam
2380 1115 2627 1169 ostensa
2660 1115 2830 1172 cap.v.

290 1215 353 1269 et
394 1206 611 1270 indicta
654 1207 829 1269 nobis
874 1208 935 1269 in
991 1207 1236 1287 gratiam
1289 1226 1403 1269 nos
1461 1207 1705 1270 domino
1757 1215 2023 1280 revocat,
2092 1206 2279 1270 semel
2333 1208 2625 1286 cognitam

286 1317 465 1389 atque
507 1317 841 1390 susceptam
883 1327 1182 1389 nunquam
1224 1310 1476 1391 posthac
1514 1308 1828 1371 iteratione
1855 1308 2054 1370 delicti
2081 1309 2406 1389 resignari·
2437 1328 2623 1390 opor-

284 1418 437 1472 tere.
501 1410 634 1472 Iam
665 1410 905 1491 quidem
946 1411 1171 1474 nullum
1213 1410 1582 1491 ignorantiae
1625 1410 2031 1490 praetextum*
2068 1409 2171 1471 tibi
2202 1411 2622 1496 patrocinatur,

284 1512 444 1590 quod
488 1510 730 1574 domino
772 1513 1005 1592 agnito·
1044 1513 1494 1593 praeceptisque
1536 1511 1667 1574 eius
1708 1510 1987 1573 admissis
2032 1510 2286 1590 denique
2311 1513 2621 1593 paeniten-

282 1612 371 1674 tia
414 1612 762 1675 delictorum
805 1616 1041 1676 functus
1086 1633 1299 1676 rursus
1342 1623 1402 1676 te
1444 1613 1504 1674 in
1548 1613 1759 1692 delicta
1803 1612 2127 1674 ‘restituis
2191 1612 2310 1675 'lta
2339 1614 2402 1675 in
2431 1621 2620 1694 quan-

286 1722 414 1776 tnm
479 1714 810 1793 ignorantia
837 1700 843 1708 ’
873 1715 1238 1795 segregaris,
1302 1714 1399 1776 'in
1465 1723 1688 1777 tantum
1753 1714 2155 1776 contumaciae
2217 1713 2622 1794 adglutinaris.

283 1815 437 1877 Nam
481 1815 533 1877 si
576 1816 795 1878 idcireo
840 1824 899 1877 te
943 1816 1265 1896 deliquisse
1318 1816 1715 1896 paenituerat,
1787 1816 1922 1896 quia
1977 1815 2280 1877 dominum
2337 1834 2621 1897 coeperas

258 1917 529 1991 timere,
588 1937 720 1992 cur,
776 1919 935 1997 quod
976 1926 1168 1980 metus
1210 1916 1392 1997 gratia
1435 1917 1710 1997 gessisti,
1766 1916 2108 1980 rescindere
2151 1917 2440 1991 maluisti,
2505 1917 2621 1978 nisi

285 2018 429 2098 qnia
470 2026 734 2082 metuere
775 2018 1065 2081 ⁴desisti?
1161 2018 1363 2098 Neque
1407 2020 1563 2080 enim
1619 2019 1893 2081 timorem
1950 2018 2062 2080 alia
2112 2036 2212 2081 res
2256 2036 2430 2099 quam
2473 2037 2620 2081 con-

288 2121 538 2182 tumacia
583 2120 888 2183 subvertit.
986 2120 1131 2182 Cum
1187 2120 1362 2181 etiam
1416 2120 1756 2199 ignorantes
1802 2119 2104 2182 dominum
2150 2119 2310 2181 nulla
2351 2119 2620 2199 exceptio

281 2231 523 2283 tueatur
578 2222 685 2283 g‘acl
740 2240 1027 2302 poenam,
1094 2221 1229 2300 quia
1281 2222 1455 2283 deum
1510 2222 1572 2282 in
1626 2228 1844 2301 aperto
1888 2222 2268 2283 constitutum
2315 2228 2376 2282 et
2414 2221 2505 2283 vel
2549 2239 2621 2282 ex

278 2323 434 2404 ipsis
477 2323 830 2385 caelestibus
873 2323 1047 2385 bonis
1093 2322 1688 2403 comprehensibilem
1730 2322 1988 2401 ignorari
2030 2340 2151 2384 non
2187 2322 2354 2396 licet,
2400 2331 2618 2402 quanto
2667 2391 2672 2396 ,

281 2425 585 2504 cognitum
632 2424 856 2504 despici
897 2423 1297 2504 periculosum
1341 2422 1481 2485 est?
1550 2422 1815 2504 Despicit
1853 2441 2038 2503 porro
2084 2423 2183 2502 qui
2227 2423 2523 2486 bonorum
2551 2442 2620 2486 ac

278 2526 574 2589 malorum
629 2525 985 2587 intellectum
1042 2524 1114 2586 ab
1170 2524 1270 2587 illo
1327 2533 1680 2587 consecutus
1734 2525 1891 2605 quod
1945 2524 2227 2604 intellegit
2278 2525 2619 2604 fugiendum

281 2627 563 2708 quodque
606 2629 721 2690 iam
764 2629 912 2708 sugit
951 2646 1263 2690 resumens
1305 2626 1624 2690 intellectui
1669 2645 1814 2701 suo,
1859 2626 1916 2688 id
1963 2634 2056 2688 est
2098 2626 2193 2689 dei·
2230 2626 2421 2701 dono,
2467 2644 2617 2691 con-

287 2730 585 2792 tumeliam
631 2730 794 2791 facit:
838 2730 1069 2810 respuit
1111 2729 1409 2803 datorem,
1455 2749 1586 2791 cum
1633 2730 1831 2791 datum
1876 2729 2129 2800 deserit,
2175 2737 2352 2809 negat
2392 2729 2615 2790 “bene-

282 2831 495 2905 ficum‚
561 2850 694 2893 cum
751 2831 1135 2893 'beneficium
1192 2850 1310 2893 non
1366 2832 1639 2892 honorat.
1747 2830 2254 2904 Quemadmodum
2312 2830 2367 2891 ei
2421 2838 2621 2909 potest

236 2914 257 2935 ”
284 2931 517 3013 placere
573 2934 738 2995 cuius
793 2951 1009 2994 munus
1066 2931 1198 2994 sibi⁴
1236 2929 1553 3011 displicet?
1653 2930 1738 2992 lta
1791 2930 1853 2991 in
1907 2931 2210 2992 dominum
2265 2949 2386 2992 non
2437 2932 2616 2994 modo

287 3041 594 3096 contumax
616 3081 632 3108 ,
700 3034 805 3096 sed
862 3033 1034 3095 etiam
1091 3033 1353 3112 ingratus
1413 3040 1674 3112 apparet.
1783 3031 2057 3093 Ceterum
2111 3048 2234 3092 non
2295 3031 2503 3094 leviter
2553 3033 2615 3094 in

281 3134 590 3197 dominum
630 3143 834 3216 peccat
876 3134 1007 3213 qui,
1071 3153 1202 3195 cum
1248 3132 1477 3195 aemulo
1535 3132 1665 3193 eius
1709 3131 1943 3194 diabolo
1986 3133 2345 3214 paenitentia
2387 3152 2610 3195 renun-

276 3236 492 3299 tiasset
544 3246 599 3298 et
654 3238 768 3298 hoc
823 3236 1063 3297 nomine
1114 3235 1278 3297 illum
1332 3233 1573 3297 domino
1630 3233 2034 3307 subiecisset„
2081 3253 2292 3296 rursus
2359 3235 2662 3297 eundem-1

272 3356 563 3417 regressu
608 3357 716 3399 suo
763 3337 935 3418 erigit
988 3344 1048 3399 et
1077 3336 1507 3411 ,exultationem
1563 3335 1690 3398 eius
1748 3333 2010 3415 seipsum
2065 3336 2230 3410 facit,
2297 3344 2363 3398 ut
2418 3336 2613 3400 denuo

275 3439 472 3502 malus
518 3446 859 3520 recuperata
915 3439 1135 3519 praeda
1191 3458 1299 3500 sua
1341 3438 1625 3500 adversus
1682 3437 1988 3499 dominum
2030 3438 2297 3517 gaudeat.
2383 3438 2614 3513 Nonne,

273 3541 441 3622 quod
484 3540 679 3603 dicere
722 3559 958 3621 quoqne
998 3540 1395 3622 periculosum
1442 3547 1565 3614 est,
1634 3539 1741 3601 sed
1796 3539 1867 3601 ad
1919 3538 2385 3603 aedificationem
2426 3540 2608 3623 'pro-

276 3729 364 3780 16.
401 3730 633 3790 gnaritate
665 3730 744 3779 Fr.
760 3730 937 3779 lunius.
1004 3728 1171 3778 stabat
1205 3728 1374 3779 Ludos.
1411 3729 1468 3778 de
1502 3729 1551 3778 la
1588 3728 1749 3777 Cerdo.

416 3796 533 3860 Cap.
571 3798 619 3848 V.
707 3797 745 3846 1.
782 3797 997 3846 restituis
1032 3797 1089 3845 ab
1151 3829 1166 3845 .
1245 3796 1471 3845 restitues
1505 3795 1627 3846 Aac.
1746 3793 1792 3844 2.
1830 3795 1929 3844 lam
1967 3796 2029 3845 ita
2063 3795 2151 3846 AB.
2256 3794 2305 3844 3.
2343 3795 2390 3843 in
2427 3802 2610 3845 tantum

272 3865 608 3916 contumaciae
645 3863 956 3927 adglutinaris
990 3879 1079 3914 om.
1182 3899 1198 3913 .
1310 3862 1359 3913 4.
1396 3863 1561 3913 desisti
1602 3863 1650 3912 G.
1731 3861 1916 3912 desiisti
1950 3864 2081 3913 obed.
2165 3861 2359 3912 desistis
2391 3862 2478 3912 ΑΒ.
2561 3863 2609 3912 5.

271 3934 343 3985 ad
378 3945 581 3996 poenam
616 3931 738 3983 ABG.
809 3948 834 3980 a
872 3946 1026 3996 poena
1062 3934 1195 3984 obed.
1285 3930 1333 3981 6.
1368 3931 1638 3980 beneficum
1674 3931 1741 3991 d„
1764 3930 2030 3980 ἡλιαίας.
2098 3929 2383 3979 beneficium
2400 3930 2608 3981 Auente.

271 4001 324 4051 7.
366 3999 648 4050 beneficium
684 4000 893 4051 Ascbca.
961 3999 1228 4050 beneficum
1265 4016 1310 4049 a.
1415 3997 1462 4050 8.
1497 3997 2010 4075 proferendumubcd.
2081 3997 2450 4061 praeterendum
2485 3997 2610 4049 ABG.

310 4114 317 4119 ⁶
348 4134 464 4198 Cap.
500 4134 550 4183 V.
622 4151 665 4184 a.
709 4129 967 4200 resignari]
1005 4134 1106 4184 Hoc
1139 4141 1212 4184 cst
1248 4133 1392 4196 laedi,
1493 4132 1723 4183 irenaeus
1759 4132 1840 4182 lib.
1860 4132 1945 4191 m,
1981 4147 2084 4197 cap.
2110 4131 2170 4183 19
2208 4132 2343 4193 „Nos
2368 4133 2488 4183 aridi
2513 4148 2611 4184 non

265 4202 464 4255 violari.
511 4202 584 4253 Cf.
621 4201 783 4253 adnot.
819 4202 879 4252 ad
917 4202 985 4252 Dc
1022 4204 1152 4252 Orat.
1189 4201 1390 4267 cap.22.
1494 4209 1773 4265 poteramus
1808 4200 2049 4264 compingi
2085 4201 2194 4261 deo,
2247 4201 2340 4250 nisi
2376 4216 2462 4251 ros
2497 4188 2612 4265 Spi-

270 4278 328 4322 et
362 4270 431 4320 Ad
467 4270 592 4321 Natt.
630 4269 736 4327 1,5.
1494 4269 1614 4319 ritns
1651 4270 1812 4319 Sancti
1848 4283 2039 4319 snrsam
2087 4268 2304 4318 defluens
2340 4269 2612 4319 mortalita·

346 4336 393 4387 b.
431 4333 751 4402 praetextum]
814 4338 894 4387 Sic
929 4336 996 4386 De
1031 4337 1171 4387 Cultu
1209 4337 1391 4386 Femin.
1493 4343 1589 4386 tem
1640 4344 1854 4387 nostram
1901 4336 2216 4401 proluissct.“
2300 4336 2500 4389 Tertull.
2549 4335 2610 4385 dc

266 4405 398 4464 11,ss
432 4412 706 4471 „praetexto
745 4404 1097 4455 necessitatis.“
1165 4405 1275 4454 ΑιΙν.
1301 4404 1390 4454 Va-
1450 4444 1455 4449 .
1494 4404 1740 4467 Baptismo
1787 4420 1892 4469 cap.
1929 4404 1960 4454 3
2018 4404 2226 4464 „Primis
2273 4404 2411 4469 aquis
2464 4417 2609 4466 prae-

266 4475 447 4525 lentin.
485 4473 637 4537 cap.9
687 4474 814 4534 „snb
845 4480 1083 4538 praetexto
1120 4471 1393 4522 dilectionis
1495 4480 1688 4536 ceptum
1742 4482 1813 4521 est
1870 4473 2054 4521 animas
2104 4472 2355 4536 prolerre,
2422 4471 2610 4533 primas

270 4544 327 4593 in
366 4540 607 4605 patrem.“
1495 4538 1656 4603 liquor
1692 4540 1822 4601 quod
1856 4540 2031 4589 viveret
2066 4540 2231 4598 edidit,
2268 4550 2328 4587 nc
2351 4538 2524 4586 mirum
2546 4538 2609 4587 sit

348 4624 389 4659 c.
425 4608 619 4658 domino
644 4604 827 4671 agnito]
849 4605 1043 4657 Scilicet
1062 4607 1111 4655 in
1134 4608 1394 4671 baptismo.
1494 4607 1542 4656 in
1579 4606 1820 4669 baptismo
1856 4608 1896 4657 si
1917 4621 2069 4672 aquae
2091 4608 2303 4657 animare
2326 4605 2609 4655 noverunt.“

257 4680 440 4739 Aquae
474 4675 697 4741 baptismi
744 4689 834 4725 nos
882 4674 1079 4724 domino
1115 4675 1393 4736 adiungunt.
1494 4675 1580 4735 (La
1617 4674 1811 4736 cerda.)
