3263 5311
1294 1091 1416 1151 AD

676 1221 2030 1403 UXOREM

1019 1499 1235 1550 LlBER
1293 1498 1688 1549 SECVNDVS.

366 1884 657 1975 Proxime
700 1913 838 1986 tibi,
894 1912 1271 1974 dilectissima
1314 1912 1374 1973 in
1417 1911 1661 1973 domino
1707 1929 2020 1982 conserva,
2080 1910 2215 1989 quid
2263 1909 2512 1974 feminae
2548 1932 2653 1987 cap.
2673 1933 2709 1975 1.

196 2023 425 2078 sanctae
466 2014 843 2076 matrimonio
908 2032 1272 2095 quacumque
1324 2021 1488 2075 sorte
1544 2013 1817 2092 adempto
1875 2011 2215 2073 sectandum
2274 2011 2381 2083 sit,
2450 2018 2514 2072 ut

194 2117 357 2196 potui
416 2116 797 2195 ¹prosecutus
851 2134 1005 2178 sum.
1111 2115 1280 2177 Nunc
1336 2115 1406 2175 ad
1466 2114 1724 2176 secunda
1778 2112 2023 2174 consilia
2080 2120 2510 2184 convertamur,

196 2225 465 2297 respectu
503 2218 824 2279 ²humanae
867 2216 1254 2289 infirmium,
1300 2214 1693 2294 ‘'quan-undam
1724 2213 2007 2294 exemplis
2039 2212 2512 2284 admonentibus,

192 2335 338 2400 quae
378 2318 629 2380 divortio
675 2319 766 2380 vel
808 2318 1000 2380 mariti
1044 2335 1292 2379 excessu
1346 2315 1535 2377 oblata
1590 2315 1983 2376 continentiae
2036 2314 2346 2376 occasione
2389 2332 2512 2374 non

194 2420 367 2481 modo
412 2420 785 2481 *abiecerunt
828 2418 1327 2499 opportunitatem
1382 2418 1525 2478 tanti
1580 2416 1754 2489 honi,
1823 2417 1928 2476 sed
1985 2434 2059 2477 ne
2114 2417 2175 2477 in
2233 2415 2510 2477 nubendo

197 2522 421 2601 quidem
473 2522 744 2584 ³rursum
808 2520 1148 2600 disciplinae
1201 2518 1546 2581 meminisse
1598 2518 1937 2591 voluerunt,
2014 2528 2077 2579 ut
2138 2518 2199 2578 in
2262 2515 2808 2585 dominoiconvmao.

190 2622 559 2703 potissimum
604 2623 948 2685 nubere-nv.
1056 2620 1257 2701 ltaque
1300 2621 1443 2683 mihi
1489 2621 1772 2683 confusus
1816 2628 1910 2681 est
1951 2619 2212 2691 animuS,
2259 2637 2363 2692 ne,
2410 2616 2511 2699 qui

188 2724 409 2803 ⁶nuper
455 2735 510 2785 te
554 2725 627 2785 ad
672 2725 994 2785 univiratus
1041 2731 1100 2784 et
1141 2723 1436 2786 viduitatis
1480 2723 1978 2804 perseverantiam
2033 2722 2298 2783 hortatus
2341 2720 2508 2797 ⁷sim,

182 2826 381 2886 ‘nunc
440 2825 740 2886 mentione
795 2825 1127 2905 nuptiarum
1192 2824 1572 2904 ”proclivium
1641 2824 1746 2885 tibi
1803 2822 2087 2883 ¹⁰labendi
2153 2821 2510 2885 oblationem

183 2925 450 2988 raciamb.
540 2926 712 2999 Quod
758 2925 809 2987 si
854 2926 1079 3005 integre
1114 2926 1371 3004 ‘¹¹sapi3‚
1427 2925 1637 2986 ¹²certe
1681 2925 1800 2985 scis
1847 2924 1902 2983 id
1949 2921 2299 2987 servandum
2348 2921 2507 2984 ¹³tibi

324 3114 438 3175 Cap.
476 3114 507 3161 1.
589 3114 627 3160 Ι.
664 3119 947 3175 persecutus
985 3112 1066 3160 BG.
1170 3111 1217 3160 2.
1256 3112 1457 3161 humana
1495 3113 1598 3161 eius
1634 3110 1872 3161 firmitatis
1905 3108 2019 3170 Αφ.
2124 3108 2169 3157 3.
2206 3109 2505 3174 quorundam

173 3181 311 3232 Bon.
392 3181 440 3229 4.
477 3181 737 3229 abiecerint
771 3180 1142 3242 oportunitatem
1177 3178 1272 3241 Αβ.
1354 3180 1401 3229 5.
1437 3193 1628 3229 rursum
1667 3195 1754 3229 om.
1772 3180 1854 3228 Ad.
1943 3178 1987 3226 6.
2027 3186 2072 3227 te
2108 3192 2260 3241 nuper
2295 3177 2506 3229 Boeabc.

176 3249 229 3299 7.
268 3251 362 3298 sim
398 3251 447 3297 Α.
517 3263 622 3297 sum
657 3249 842 3311 reliqui.
945 3246 990 3296 8.
1030 3261 1124 3296 non
1162 3246 1451 3298 mentionem
1488 3246 1583 3309 Αβ.
1673 3247 1722 3296 9.
1759 3245 2036 3309 proclivium
2073 3248 2172 3307 Aa„
2213 3246 2322 3295 ein.
2339 3260 2400 3296 m.
2415 3261 2505 3296 see.

174 3317 449 3383 proclivum
485 3317 668 3380 reliqui.
780 3315 852 3363 10.
892 3315 1080 3363 labendi
1117 3315 1406 3365 oblationem
1445 3331 1540 3380 eqo.
1615 3315 1806 3364 cavendi
1844 3312 2130 3363 ablationem
2166 3316 2282 3364 Ad.
2317 3314 2505 3364 labendi

172 3385 240 3434 ab
279 3384 531 3433 altioribus
563 3384 765 3447 reliqui.-
838 3382 915 3431 11.
952 3383 1069 3431 satis
1094 3384 1144 3433 A.
1230 3382 1307 3432 12.
1345 3392 1471 3433 certe
1507 3384 1602 3432 scis
1641 3383 1686 3432 id
1723 3384 1822 3433 abc.
1894 3390 2021 3431 certe
2041 3382 2165 3431 istud
2200 3384 2282 3431 Ad.
2351 3389 2507 3434 certes

171 3453 312 3503 istud
346 3453 472 3501 BCD.
584 3451 657 3499 13.
696 3451 758 3499 ibi
794 3452 876 3500 Aa.

246 3588 370 3650 Cap.
411 3588 445 3636 l.
513 3602 556 3633 a.
594 3587 725 3634 utin
762 3585 958 3634 domino
996 3585 1295 3649 potissimum
1399 3586 1523 3650 ptias
1574 3586 1809 3649 proclives
1880 3585 1995 3635 dicit
2048 3584 2391 3649 proclivitatem
2445 3586 2503 3634 ad

166 3650 464 3719 nuberent]
503 3654 568 3703 De
593 3654 854 3714 Monogam.
894 3668 997 3716 cap.
1019 3653 1046 3699 7
1085 3652 1180 3713 „Et
1214 3654 1295 3702 illa
1401 3654 1604 3718 nuptias.
1697 3655 1877 3705 Oblatio
1914 3661 2070 3703 autem
2108 3660 2182 3702 est
2215 3654 2351 3716 quasi
2388 3654 2504 3702 iusi-

167 3731 392 3787 nuptura
432 3723 479 3771 in
515 3721 710 3770 domiuo
747 3720 890 3770 habet
915 3720 1110 3779 nubere,
1148 3721 1193 3769 id
1226 3729 1299 3770 est
1400 3721 1576 3771 nuatio.
1651 3721 1951 3771 Oblatiouem
1991 3720 2179 3770 labendi
2214 3721 2395 3769 faciens
2430 3720 2503 3769 in-

164 3806 273 3841 non
329 3790 542 3848 ethnico,
598 3789 682 3838 sed
733 3788 885 3848 fratri,
940 3790 1049 3851 quia
1086 3799 1134 3837 et
1166 3796 1297 3837 vetus
1398 3790 1556 3838 sinuat
1592 3789 1820 3851 peccandi
1858 3789 1973 3846 riu,
2011 3789 2169 3851 itaque
2200 3788 2339 3836 offert
2368 3788 2502 3850 quasi

162 3860 250 3909 lex
323 3858 599 3919 coniugium
669 3857 834 3906 adimit
890 3854 1296 3920 allophylorumf·
1400 3856 1720 3906 occasionem.
1815 3855 1888 3905 (Ξῖ.
1937 3856 1995 3905 de
2048 3854 2281 3905 vocabulo
2331 3855 2503 3905 oblatio

160 3927 461 3988 Hieronym.
517 3925 578 3974 ad
628 3923 897 3974 pammach.
954 3924 1200 3984 „Tantum
1250 3922 1296 3972 in
1401 3923 1652 3973 Dederich.
1706 3922 1764 3972 ad
1813 3922 1932 3972 Dict.
1981 3923 2110 3972 Cret.
2161 3921 2342 3973 luti-od.
2389 3936 2435 3986 p.
2454 3922 2504 3971 4.

157 3994 408 4053 donnino,
437 3992 485 4041 ii
520 4000 594 4040 est
619 3991 907 4049 Christiano,
944 3992 1081 4069 qui
1061 3991 1296 4040 secundas
1400 3991 1681 4041 Tertulliani
1716 3990 1857 4040 verba
1894 3990 2034 4057 aliter
2060 3990 2397 4053 interpretatus
2431 3998 2506 4038 est

158 4063 377 4126 nuptias
415 4061 675 4123 tertiasque
722 4060 942 4108 concedit
988 4061 1033 4108 in
1081 4059 1295 4118 domino,
1398 4059 1658 4121 Rigaltius‚
1721 4061 1856 4108 cuius
1913 4058 2053 4107 verba
2110 4057 2358 4107 adscribo:
2412 4058 2503 4116 Qui

152 4128 365 4195 primas
405 4143 509 4178 curn
548 4127 737 4176 ethnico
775 4127 1054 4191 prohibetf‘'
1397 4128 1651 4191 superiore
1688 4126 1811 4176 libro
1847 4127 1980 4176 uxori
2019 4125 2272 4175 consilium
2309 4125 2537 4174 dederat*

236 4196 291 4245 b.
334 4211 467 4245 nunc
501 4194 740 4244 mentione
790 4196 1061 4259 nuptiarum
1115 4194 1295 4260 procli·
1397 4202 1450 4244 ut
1483 4194 1709 4245 secundis
1746 4194 1923 4259 nuptiis
1958 4193 2235 4252 abstineret,
2290 4194 2502 4245 (licturus

146 4264 300 4315 vium
354 4264 440 4313 tibi
490 4262 682 4312 labendi
742 4262 1033 4312 oblationem
1084 4257 1297 4328 faciam]
1399 4263 1490 4313 iam
1529 4264 1589 4312 de
1622 4263 1794 4313 iisdem
1831 4262 2028 4326 ιιιιριίἰε,
2061 4263 2104 4312 si
2138 4262 2185 4311 in
2221 4274 2384 4311 earum
2418 4275 2503 4310 ne-

144 4333 234 4382 lta
299 4331 493 4382 correxi
547 4332 665 4381 haec
720 4331 879 4380 verba.
977 4330 1299 4409 Opponuntur
1399 4332 1669 4381 cessitatem
1719 4331 1911 4399 incidat
1969 4329 2160 4381 nonnisi
2208 4343 2314 4379 cum
2363 4329 2503 4378 Chri-

141 4400 445 4450 univiratus
491 4407 538 4448 et
582 4398 820 4447 viduitatis
865 4400 1214 4461 perseverantia
1250 4406 1298 4447 et
1396 4399 1553 4449 stiano
1591 4399 1839 4459 faciendi&
1875 4367 2025 4449 vereri
2060 4412 2114 4447 ee
2149 4398 2230 4455 ait,
2266 4411 2327 4445 ne
2363 4397 2502 4445 istius

140 4468 379 4531 nuptiae
398 4467 649 4530 proclives.
703 4466 920 4517 Proclivis
949 4464 1169 4516 absolute
1205 4480 1295 4530 po·
1396 4466 1709 4516 secundariae
1727 4466 2072 4516 adhortationis
2092 4464 2379 4526 indulgentia
2401 4462 2502 4526 pri-

138 4537 322 4586 situm
361 4543 457 4593 est,
494 4543 544 4584 ut
578 4533 777 4589 Apuleio
817 4532 998 4582 Metam.
1035 4532 1074 4590 1.
1103 4533 1185 4593 7,
1190 4534 1295 4593 ‚ad-
1398 4534 1498 4583 oris
1550 4534 1878 4583 anctoritatem
1929 4533 2204 4582 deseruisse
2238 4538 2318 4579 aut
2352 4531 2411 4579 de
2445 4544 2501 4577 ea

136 4604 397 4654 labentia
415 4601 710 4668 proclivis-‘2
751 4600 952 4651 Phaedr.
966 4599 1038 4660 lv,
1056 4569 1120 4651 '25
1144 4616 1296 4667 „pro-
1397 4602 1657 4665 plurimum
1694 4600 1940 4650 remisisse
1973 4601 2200 4658 videatur,
2247 4608 2390 4661 quam
2421 4598 2499 4651 ni-

130 4672 305 4723 dms
346 4671 479 4721 ultro
516 4683 645 4721 cum
659 4671 722 4720 sit
756 4666 1137 4721 misericordia.“
1129 4684 1168 4733 ;
1204 4683 1297 4719 uu·
1398 4668 1658 4721 nilominus
1694 4668 1937 4719 observari
1989 4667 2291 4717 vehementer
2324 4654 2499 4729 cupiit.
