3263 5311
1224 341 1299 386 oe
1343 342 1756 387 mocon-rma·
2579 330 2661 392 93

294 490 426 552 tria
474 497 593 552 est.
681 489 745 551 Si
789 488 1053 552 bominis
1106 508 1280 554 causa
1335 500 1462 567 est,
1533 491 1930 571 recogitemus
1981 506 2218 555 omnem
2258 490 2664 556 ‘idololatrian

301 594 371 653 in
420 590 689 653 hominis
734 610 973 652 causam
1018 593 1212 653 esseb.
1285 592 1701 671 Recogitemus
1746 611 1983 654 omnem
2011 592 2420 654 ‘idololatrian
2451 594 2511 655 in
2541 594 2659 655 ho-

304 692 513 754 mines
572 711 704 753 esse
758 693 1076 767 culturam,
1148 693 1317 753 'oum
1376 694 1541 773 ipsos
1598 694 1745 755 deos
1807 692 2113 754 nationum
2169 693 2443 756 homines
2494 702 2658 755 retro

303 795 508 855 ruisse
553 793 728 854 etiam
772 792 925 871 apud
976 810 1121 853 suos
1179 803 1431 855 constet.
1498 796 1722 875 ‘Itaque
1774 794 1922 879 nihjl
1975 794 2253 867 interest,
2326 795 2659 874 superioris

307 912 389 954 an
434 893 618 954 huius
660 893 877 953 saeculi
928 893 1069 954 viris
1124 894 1472 975 superstitio
1528 894 1640 956 ista
1702 901 2094 983 praestetur„
2145 893 2479 955 Idololatria
2533 913 2657 956 non
2732 896 2755 917 ’

305 1003 569 1072 propter
606 1012 921 1072 personas,
965 1013 1113 1072 quae
1155 995 1635 1074 'opponuntur⁴¹,
1680 994 1787 1056 sed
1828 1003 2078 1075 propter
2120 995 2309 1055 officia
2343 994 2457 1056 ista
2486 994 2655 1055 dam-

306 1101 454 1154 nata
509 1101 632 1167 est,
707 1097 856 1173 qu'ae
913 1095 985 1154 ad
1037 1095 1391 1156 ’daemonas
1447 1094 1765 1175 pertinent.
1852 1094 2168 1156 Reddenda
2225 1102 2367 1154 sunt
2420 1094 2655 1155 Caesari

312 1212 468 1272 quae
512 1202 650 1254 sunt
693 1194 981 1256 Caesaris.
1064 1196 1225 1257 Bene
1268 1196 1461 1274 quod·
1517 1195 1826 1275 apposuit:
1881 1206 1941 1255 et
1983 1213 2133 1274 quae
2185 1201 2328 1255 sunt
2379 1194 2473 1256 dei
2519 1195 2654 1256 deo.
2673 1200 3056 1275 tenemus,
3117 1232 3126 1273 5

313 1294 486 1366 Quae
531 1312 672 1373 ergo
718 1302 859 1355 sunt
902 1295 1219 1358 Caesaris?
1289 1295 1523 1357 Scilicet
1564 1296 1638 1356 de
1683 1295 1898 1374 quibus
1941 1304 2083 1357 tunc
2122 1295 2474 1356 consultatio
2518 1268 2957 1379 mo-²¹‘¹‘;¹5⁰J¹¹'

308 1394 592 1469 rebatur,
659 1396 1126 1475 praestandusne
1190 1406 1352 1458 esset
1405 1415 1621 1457 census
1681 1396 1951 1469 Caesari,
2009 1415 2084 1456 an
2125 1413 2268 1457 non.
2356 1394 2549 1458 ¹⁰Ideo
2596 1403 2658 1457 et

310 1505 617 1556 monetam
660 1497 894 1558 ostendi
938 1497 1050 1559 sibi
1094 1497 1370 1559 dominus
1413 1495 1748 1576 postulavit,
1794 1504 1854 1557 et
1895 1497 1968 1558 de
2011 1496 2293 1576 imagine,
2339 1496 2504 1557 cuius
2548 1514 2653 1557 es-

313 1603 441 1667 set,
485 1596 828 1675 requisivit,
876 1607 935 1659 et
977 1617 1109 1659 cum
1153 1597 1418 1659 audisset
1462 1597 1764 1669 Caesaris»,
1822 1596 2102 1671 Reddite,
2169 1598 2269 1670 ait,
2318 1615 2467 1676 quae
2513 1603 2654 1658 sunt

312 1695 589 1757 Caesaris
635 1697 868 1758 Caesari
888 1694 925 1771 ,⁵
970 1709 1029 1759 et
1070 1718 1221 1777 quae
1264 1707 1406 1759 sunt
1446 1698 1540 1760 dei
1599 1698 1745 1771 deo,
1810 1696 1870 1758 id
1927 1706 2022 1757 est
2075 1696 2391 1775 imaginem
2435 1697 2650 1758 Caesa-

308 1796 393 1856 ris
437 1796 698 1871 Caesari,
743 1817 893 1877 quae
936 1799 996 1859 in
1041 1800 1077 1831 ¹¹
1094 1818 1275 1860 numo
1320 1807 1433 1871 est,
1479 1806 1538 1859 et
1580 1796 1893 1875 imaginem
1938 1798 2029 1859 dei
2076 1799 2211 1872 deo,
2254 1816 2405 1878 quae
2446 1798 2508 1859 in
2536 1798 2651 1859 ho-

310 1897 471 1957 mine
531 1905 654 1971 est,
713 1909 779 1958 ut
832 1898 1065 1960 Caesari
1121 1900 1357 1978 quidem
1414 1900 1724 1977 pecuniam
1783 1897 2028 1971 reddaS,
2084 1899 2197 1959 deo
2252 1899 2650 1978 temetipsum.

306 1997 610 2075 Alioquin,
654 1998 794 2076 quid
838 2001 953 2060 erit
994 2001 1119 2075 dei,
1178 2001 1230 2060 si
1275 2001 1472 2062 omnia
1517 1997 1839 2060 Caesaris?
1924 1998 2115 2077 Ergo,
2169 1997 2400 2077 inquiS,
2456 2000 2654 2060 honor

309 2096 401 2156 dei
462 2106 557 2157 est
613 2098 885 2160 lucernae
937 2118 1048 2178 pro
1105 2101 1333 2161 foribus
1380 2109 1440 2161 et
1498 2100 1698 2161 laurus
1760 2099 1820 2159 in
1865 2094 2189 2177 postibus?
2274 2098 2406 2158 Non
2449 2098 2653 2178 utique

309 2198 471 2277 qnod
501 2198 596 2258 dci
638 2199 836 2260 honor
879 2209 990 2274 est,
1038 2202 1143 2262 sed
1189 2202 1347 2280 quod
1392 2201 1538 2275 eius,
1585 2201 1686 2280 qui
1728 2218 1839 2280 pro
1885 2200 1997 2261 deo
2043 2199 2394 2260 ¹'eiusmodi
2439 2199 2650 2260 officiis

210 2360 219 2367 ,
309 2298 668 2371 honoratur,
737 2309 1018 2380 quantum
1063 2301 1176 2363 ¹'in
1220 2302 1532 2363 manifesto
1577 2309 1702 2374 est,
1763 2301 1920 2361 salva
1978 2300 2321 2379 operatione
2366 2317 2516 2378 quae
2557 2307 2653 2361 est

311 2398 369 2458 in
414 2398 680 2473 occulto,
736 2402 809 2462 ad
862 2402 1172 2463 daemonia
1215 2404 1588 2481 perveniens.
1677 2401 1835 2462 Certi
1892 2401 2101 2461 “enim
2161 2419 2297 2461 esse
2340 2400 2648 2475 debemus,

312 2498 411 2559 ¹⁸si
459 2518 613 2578 quos
654 2501 797 2562 latet
838 2520 946 2581 per
988 2503 1374 2580 ignorantiam
1419 2504 1780 2565 litteraturae
1809 2501 2146 2573 saeculam,
2193 2500 2366 2561 etiam
2399 2501 2648 2562 ²⁰ostio-

314 2616 445 2660 rum
493 2600 643 2663 deos
689 2602 841 2681 apud
886 2603 1221 2677 RomanoS,
1285 2602 1601 2666 Cardeam‘
1640 2623 1673 2664 a
1718 2602 2055 2664 cardinibus
2100 2602 2139 2633 ¹⁷
2155 2601 2532 2680 appellatam,
2591 2610 2652 2662 et

315 2698 670 2761 Forculum‘
723 2721 755 2764 a
800 2702 1063 2778 soribuS,
1121 2712 1181 2764 et
1223 2704 1622 2765 Limentinum
1666 2724 1697 2764 a
1741 2703 1974 2775 limine,
2020 2711 2078 2762 et
2120 2701 2317 2780 ipsum
2361 2702 2567 2762 lanum
2612 2720 2646 2761 a

318 2799 510 2862 ianua:
571 2811 633 2863 et
685 2803 889 2883 utique
942 2803 1188 2877 scimm,
1245 2805 1384 2866 licet
1441 2806 1682 2866 nomina
1736 2802 1930 2866 inania
1995 2811 2168 2880 atque
2213 2803 2461 2862 conficta
2505 2800 2645 2874 sint,

322 2918 445 2962 cum
484 2911 684 2963 tamen
727 2905 788 2964 in
831 2906 1313 2983 superstitionem
1356 2905 1759 2970 deducuntur,
1825 2920 2032 2979 rapere
2088 2900 2160 2961 ad
2218 2920 2285 2961 se
2341 2900 2648 2960 daemonia

327 3009 377 3060 et
424 3019 662 3064 omnem
718 3005 995 3084 spiritum
1048 3005 1415 3066 immundum
1471 3022 1581 3085 per
1635 3001 2101 3062 consecrationis
2168 3000 2644 3078 obligamentum.

324 3100 581 3181 Alioquin
626 3104 938 3166 daemonia
982 3107 1209 3168 nullum
1248 3105 1468 3167 babent
1509 3122 1729 3166 nomen
1774 3100 2184 3179 ¹⁸singillatim‚
2242 3100 2346 3161 sed
2405 3099 2485 3161 ibi
2530 3119 2646 3160 no-

325 3217 447 3262 men
508 3204 834 3280 inveniunt,
899 3206 1000 3267 ubi
1066 3214 1124 3267 et
1194 3206 1431 3286 pignus,
1518 3204 1711 3266 Etiam
1778 3202 1930 3281 apud
1999 3202 2256 3262 Graecos
2318 3200 2649 3280 Apollinem

326 3299 705 3385 ‘'evqazovh
773 3313 836 3367 et
892 3306 1159 3368 Antelios
1229 3305 1575 3369 daemonasi
1643 3303 1932 3366 ostiorum
2002 3301 2306 3381 praesides
2378 3301 2647 3380 legimus,

322 3468 365 3518 5.
398 3471 701 3525 idololatrian
737 3476 788 3525 Α.
837 3476 1191 3526 ·idololatriam
1224 3479 1409 3542 reliqui.
1548 3475 1598 3526 6.
1634 3474 1939 3525 idololatrian
1975 3472 2025 3521 A.
2077 3470 2429 3522 .idololatriam
2464 3472 2649 3533 reliqui.

322 3535 366 3583 Ί.
400 3554 503 3588 cum
540 3549 587 3590 et
624 3543 759 3605 ipsos
794 3544 875 3593 Ab.
981 3542 1029 3593 8.
1067 3555 1378 3610 opponuntur
1411 3544 1560 3594 ,4ch
1631 3550 1940 3606 apponuntur
1976 3540 2259 3589 alathiae.
2364 3538 2414 3586 9.
2449 3537 2647 3585 daemo-

320 3616 401 3652 nes
433 3608 510 3657 Ab.
578 3609 843 3659 daemones
877 3611 1064 3675 reliqui.
1182 3612 1261 3662 10.
1296 3613 1411 3661 Ideo
1448 3619 1688 3660 monetam
1725 3614 1776 3658 A.
1895 3607 1971 3655 11.
2011 3620 2158 3654 numo
2193 3603 2274 3672 A..
2342 3618 2539 3652 nummo
2573 3619 2648 3653 re-

322 3669 444 3734 liqui.
582 3674 663 3724 12.
700 3678 934 3727 eiusmodi
970 3679 1122 3728 Asea.
1192 3679 1466 3729 huiusmodi
1502 3681 1545 3727 b.
1686 3675 1761 3725 13.
1800 3677 1847 3725 in
1885 3674 2137 3723 manifesta
2175 3671 2562 3733 est'operatione
2597 3670 2648 3720 A.

326 3737 395 3786 14.
431 3742 554 3789 enim
591 3759 679 3792 om.
714 3745 765 3794 A.
887 3744 962 3795 15.
1000 3746 1041 3794 si
1080 3761 1174 3810 qno
1208 3749 1264 3797 A.
1386 3746 1462 3795 16.
1498 3745 1766 3802 hostiorum
1801 3741 1915 3805 Αφ.
2029 3740 2104 3788 17.
2144 3739 2372 3801 pellatam
2407 3738 2461 3786 A.
2503 3745 2510 3760 ¹
2570 3733 2649 3786 18.

319 3804 582 3867 singillatim
615 3811 699 3860 Aa.
768 3811 1044 3874 singulatim
1079 3815 1265 3878 reliqui.
1408 3814 1484 3862 19.
1511 3809 1753 3877 θυραῖον
1783 3810 1898 3858 noa.
1971 3808 2238 3870 Thyraeum
2277 3807 2320 3854 b.
2391 3809 2576 3866 tyreum
2592 3804 2647 3854 A.

381 3937 427 3986 b.
472 3941 518 3990 in
568 3956 762 3992 eausam
811 3940 944 4010 esse]
1003 3945 1054 3997 V.
1101 3947 1211 3995 adn.
1258 3945 1317 3995 ad
1367 3945 1435 3994 De
1590 3945 1621 3993 l'.
1673 3936 1932 4004 Cardeam]
1978 3941 2029 3989 V.
2078 3953 2201 4004 quae
2250 3936 2538 3986 adnotavero
2587 3935 2648 3985 ad

320 4001 437 4065 Fuga
472 4009 519 4057 in
554 4010 800 4060 Persecut.
838 4027 942 4075 cap.
980 4011 1029 4061 ⁸1.
1519 4011 1766 4074 Scorpiac.
1815 4024 1920 4075 cap.
1971 4007 2050 4057 10.
2112 4013 2161 4055 et
2204 4004 2265 4053 ad
2310 4004 2379 4052 De
2428 4003 2648 4067 Spectae.

386 4087 422 4121 c.
454 4072 610 4140 retro]
645 4078 677 4125 i.
699 4093 740 4126 e.
780 4085 934 4130 antea.
969 4079 1021 4128 V.
1058 4093 1182 4142 qnae
1217 4079 1437 4128 adnotavi
1521 4094 1624 4142 cap.
1669 4077 1744 4126 13.
2040 4092 2058 4103 ·
2269 4111 2278 4118 -

323 4136 377 4185 ad
411 4139 473 4189 De
504 4144 727 4206 Spectac.
772 4159 876 4208 cap.
913 4144 961 4195 9.
1588 4162 1630 4206 g.
1671 4135 1949 4204 Forculum]
1989 4138 2218 4199 Rigaltins
2252 4137 2447 4187 adnotat
2482 4138 2532 4187 in
2560 4149 2647 4185 an-

386 4204 427 4254 d.
469 4224 591 4272 qnae
639 4207 978 4276 opponuntur]
1049 4214 1179 4270 Quae
1228 4212 1436 4260 idolola-
1522 4212 1667 4276 liquis
1715 4209 2068 4271 exemplaribus
2118 4204 2238 4276 legi:
2289 4206 2554 4255 forianum
2602 4209 2651 4252 et

322 4270 428 4321 triae
460 4277 647 4327 colendi
687 4288 1014 4341 opponuntur.
1086 4281 1147 4328 La
1173 4280 1324 4328 Cerda
1361 4281 1437 4327 in·
1520 4280 1806 4330 Foreculum.
1850 4277 2038 4323 imbuo.

316 4343 619 4403 terpretatur:
684 4359 813 4408 qnae
871 4345 1176 4408 oppositione
1231 4348 1437 4410 quadam
1590 4347 1640 4394 b.
1688 4344 1957 4408 Apollinem
1997 4335 2261 4402 Θυραῒον]
2308 4336 2520 4385 Maerob.
2555 4334 2647 4383 Sa-

199 4457 205 4470 ,
309 4403 426 4457 inter
456 4427 509 4460 se
545 4412 799 4462 differunt.
1520 4420 1648 4462 turn.
1686 4412 1722 4470 l,
1759 4410 1807 4460 9.
1848 4409 2086 4469 „Etenim
2123 4407 2248 4456 sieut
2274 4403 2489 4463 Nigidius
2524 4415 2648 4464 quo-

369 4489 408 4524 e·
451 4478 581 4529 Bene
632 4472 796 4543 quod]
830 4474 893 4541 {V-
943 4492 1064 4542 quae
1110 4480 1327 4530 adnotavi
1375 4480 1435 4529 ad
1520 4494 1613 4543 quo
1651 4481 1815 4528 refert.
1857 4476 1982 4538 apud
2021 4476 2230 4524 Graecos
2263 4470 2436 4532 Apollo
2474 4468 2649 4516 colitur

300 4556 396 4607 ⁶²1³·
433 4546 481 4595 ⁵·
1521 4548 1603 4608 qni
1642 4542 1879 4610 Θυραῖος
1911 4550 2125 4601 vocatur,
2158 4540 2358 4600 eiusque
2392 4548 2502 4583 aras
2537 4541 2647 4584 ante
