3263 5311
576 1171 585 1187 '
611 1202 767 1245 mus.

318 1388 432 1447 Cap.
452 1392 578 1440 xvn.

1036 401 1049 414 ⁶
1128 429 1327 480 QUINTI
1374 426 1636 470 serrum
1678 425 2007 469 nom—:Nus
2053 417 2445 469 TERT'ULLIANI

623 412 746 478 182

613 579 799 641 altero
846 580 998 658 pede
1041 578 1387 657 ungulatuS‚
1433 575 1649 638 librum
1694 583 1935 655 gestans
1982 583 2042 637 et
2083 583 2340 656 togatuS.
2429 575 2693 636 Risimus
2739 584 2798 638 et
2847 595 2976 638 no-

611 698 749 741 men
798 687 856 742 et
899 681 1168 741 formam.
1280 677 1399 740 Sed
1442 677 1524 738 illi
1567 676 1917 750 “debebant
1960 677 2206 738 adorare
2252 676 2450 738 statim
2491 676 2748 739 biforme
2788 677 2963 741 ⁴¹'uu-

613 772 782 854 men}
849 780 985 860 quia
1030 790 1088 846 et
1132 780 1340 841 canino
1388 785 1448 840 et
1487 777 1729 839 leonino
1777 779 1966 860 capite
2008 778 2451 851 ⁸⁰commixtos,
2510 778 2550 810 ⁸¹
2567 788 2626 840 et
2669 778 2742 841 de
2786 797 2974 859 capro

614 890 674 944 et
717 881 789 942 de
832 881 1013 942 ariete
1056 888 1483 955 cornutos,·et
1526 898 1557 940 a
1600 879 1819 941 lumbis
1864 879 2099 953 hircoS‚
2148 887 2206 940 et
2250 898 2281 940 a
2328 879 2597 941 cruribus
2630 887 2968 960 serpentes,

612 982 658 1015 ⁵²
672 989 732 1044 et
771 982 968 1062 planta
1011 982 1101 1044 vel
1148 991 1315 1062 tergo
1360 981 1529 1043 alites
1575 981 1720 1042 deos
1766 988 2175 1060 receperunt⁶.
2263 980 2424 1041 Haec
2467 998 2538 1042 ex
2583 980 2901 1066 abundanti
2916 980 2965 1055 ὅ,

610 1102 687 1145 ne
731 1083 870 1162 quid
914 1069 1176 1145 rumoris
1221 1081 1765 1162 ”inrepercussum
1830 1081 2001 1161 quasi
2045 1081 2118 1142 de
2162 1081 2523 1143 conscientia
2566 1082 2970 1162 praeterisse-

879 1185 1045 1257 Quae
1111 1184 1308 1245 omnia
1373 1183 1649 1244 conversi
1703 1182 1821 1244 iam
1884 1184 1956 1244 ad
2019 1182 2589 1244 demonstrationem
2657 1181 3004 1262 religionis,

610 1284 909 1348 ⁵⁴nostrae
952 1284 1420 1365 repurgavimus,

782 1387 959 1461 Quod
1004 1385 1317 1459 ¹colimns,
1363 1385 1512 1445 deus
1557 1403 1715 1445 unus
1762 1393 1884 1458 est,
1960 1385 2059 1464 qui
2112 1392 2296 1445 totam
2351 1384 2567 1445 molem
2612 1384 2786 1445 istam
2830 1404 2968 1446 cum

611 1489 773 1550 omni
816 1488 1248 1549 instrumento·
1296 1471 1757 1559 elementorum,
1816 1503 2168 1564 corporum,
2231 1485 2548 1564 spirituum
2602 1486 2783 1546 verbo
2844 1505 2976 1566 quo

608 1589 814 1663 iussit,
861 1589 1091 1650 ratione
1135 1605 1249 1666 qua
1300 1586 1628 1666 disposuit,
1675 1586 1891 1648 virtute
1934 1605 2047 1665 qua
2090 1587 2316 1666 potuit,
2364 1586 2438 1647 de
2481 1585 2667 1646 nihilo
2715 1605 2974 1666 expres-

613 1690 723 1763 sit,
771 1690 834 1751 in
878 1697 1290 1751 ornamentum
1332 1687 1661 1749 maiestatis
1709 1705 1880 1760 suae,
1926 1688 2085 1748 unde
2134 1693 2194 1747 et
2237 1685 2442 1747 Graeci
2483 1701 2702 1748 nomen
2740 1687 2968 1749 mundo

610 1875 696 1925 48.
733 1876 939 1925 debeant
973 1877 1026 1925 D.
1098 1875 1365 1924 debuerant
1397 1869 1442 1920 λ.
1535 1873 1617 1924 49.
1656 1888 1831 1923 nomen
1870 1891 1912 1924 a.
2001 1873 2082 1923 50.
2123 1874 2409 1923 commixtos
2436 1874 2638 1923 ABDEF.
2664 1874 2974 1924 Vindob.Er—

610 1949 721 2008 fure.
758 1945 963 1995 Ambrae.
1036 1945 1317 1992 commistos
1357 1941 1572 2004 Gabcdes.
1691 1942 1769 1990 51.
1810 1949 1858 1990 et
1891 1956 2038 2004 capro
2076 1950 2124 1990 et
2158 1942 2219 1990 de
2254 1942 2402 1990 ariete
2438 1949 2667 1990 cornutos
2703 1949 2751 1990 et
2786 1941 2969 1992 lumbis

610 2011 774 2060 hircos
810 2012 861 2061 F.
952 2018 999 2060 et
1033 2010 1093 2060 de
1129 2025 1276 2074 capro
1313 2016 1361 2058 et
1397 2011 1457 2059 de
1492 2010 1643 2058 ariete
1677 2017 1908 2059 cornutos
1945 2025 1970 2058 a
2009 2008 2187 2057 lumbis
2235 2009 2397 2058 hircos
2441 2010 2628 2059 Vindob.
2735 2007 2814 2058 52.
2852 2017 2902 2059 et
2936 2025 2964 2060 a

608 2078 774 2142 planta
810 2074 854 2125 λ.
896 2079 1085 2128 Haverc.
1217 2076 1298 2127 53.
1337 2078 1677 2141 inpercussum
1715 2094 1753 2127 c.
1870 2077 1950 2126 54.
1989 2084 2185 2126 nostrae
2220 2078 2599 2139 repurgavimus.
2636 2077 2802 2139 aedes.
2841 2078 2966 2127 Gan-

608 2148 824 2198 davensis
859 2148 992 2197 liber.
1089 2154 1283 2195 nostrae
1319 2144 1705 2208 repurgabimus.
1745 2140 1993 2206 REO-when
2029 2143 2204 2207 Errat-t.
2246 2145 2394 2210 oan.
2481 2152 2676 2194 nostrae
2719 2144 2966 2208 repugna-

606 2213 779 2263 vimus.
821 2215 873 2265 G.
944 2227 1262 2278 repurgemus
1298 2214 1350 2262 F.
1395 2213 1585 2262 Vindob.

744 2282 857 2346 Cap.
897 2281 1032 2332 XVll.
1141 2281 1281 2346 Caput
1332 2281 1557 2330 decimum
1603 2282 1871 2344 septimum,
1931 2280 2057 2342 quod
2100 2280 2151 2328 in
2203 2280 2338 2330 libris
2389 2280 2575 2342 seriptis
2624 2285 2691 2330 est
2739 2281 2968 2329 decimam

610 2355 816 2409 sextum,
856 2351 907 2398 in
941 2350 1105 2400 ABEG.
1150 2349 1340 2398 vindob.
1383 2349 1529 2398 Oxou.
1566 2347 1741 2411 Ersnre.
1787 2354 1830 2396 et
1877 2347 1987 2396 aliis
2032 2348 2303 2410 inscriptum
2349 2354 2416 2396 cst
2451 2345 2527 2394 DE
2565 2344 2732 2407 030„
2780 2348 2974 2410 plenius

606 2419 660 2465 in
693 2432 785 2466 uno
831 2418 1043 2466 Vaticano
1082 2417 1240 2475 QVOD
1281 2415 1426 2464 tit-:vs
1460 2414 1610 2463 vas
1649 2415 1746 2464 SlT
1783 2413 1997 2462 mvt‘rts
2034 2414 2409 2465 ARGVMENTlS
2450 2412 2701 2462 PROBARI
2741 2414 2968 2474 Posse..

608 2487 661 2532 in
697 2485 748 2532 D.
788 2483 865 2531 DE
906 2483 1022 2532 DEu
1062 2483 1219 2542 QVEM
1258 2479 1602 2532 CHRlSTlANl
1655 2481 1940 2540 COLVNT„
1991 2483 2040 2530 in
2078 2484 2151 2532 ab.
2191 2480 2348 2540 QVOD
2387 2480 2532 2530 VNVS
2570 2480 2669 2530 SlT
2703 2480 2853 2530 DEVS
2888 2482 2970 2532 m·
3023 2500 3028 2504 ⁴

608 2550 794 2600 vssnvs
833 2550 1046 2600 mvnvs
1084 2550 1462 2601 ARGVMENTlS
1501 2548 1754 2599 monam
1793 2548 1999 2598 POSSE.
2125 2550 2167 2598 1.
2208 2548 2415 2598 colimus
2464 2556 2511 2597 et
2546 2563 2636 2597 nos
2672 2550 2757 2598 Da.
2842 2549 2965 2598 coli-

609 2631 720 2668 mus
755 2633 846 2669 nos
883 2620 948 2681 d„
989 2634 1048 2669 ea:
1082 2634 1173 2669 nno
1218 2619 1449 2668 Vaticano.

607 2755 748 2816 getici
805 2754 998 2805 codices
1071 2754 1236 2818 scripti
1295 2737 1560 2816 praebeant
1615 2752 1740 2801 Ono·

586 2824 798 2883 tanaitas,
838 2821 1213 2881 velUnochoitis,
1255 2820 1383 2870 sacili
1412 2834 1561 2882 opera
1585 2833 1737 2880 agno—

608 2904 716 2939 sces
754 2891 959 2939 litteram
997 2893 1028 2941 h
1063 2906 1172 2939 esse
1209 2890 1478 2953 profectam
1521 2902 1548 2935 a
1586 2886 1738 2934 libra-

606 2959 692 3006 riis
726 2954 896 3019 vulgo,
935 2966 986 3007 ut
1021 2973 1168 3022 supra
1207 2973 1312 3020 cap.
1351 2956 1401 3005 9.
1457 2957 1503 3004 in
1542 2955 1738 3003 nomine

610 3026 784 3075 Cle-riae
822 3027 997 3075 factum
1036 3033 1126 3083 est,
1182 3025 1368 3074 litterae
1405 3041 1428 3075 c
1466 3022 1671 3071 litteram
1709 3024 1740 3071 h

604 3093 655 3142 in
694 3093 889 3143 Graecis
937 3094 1254 3155 addentibus;
1307 3092 1465 3141 littera
1515 3098 1673 3139 autem
1719 3091 1739 3138 i

606 3161 828 3223 exprimit
863 3161 1155 3210 Graecorum
1193 3175 1223 3218 η
1271 3158 1500 3208 vocalem.
1584 3157 1736 3205 Etiam

605 3228 807 3291 propius
843 3228 1028 3276 accedit
1073 3228 1312 3289 scriptura
1352 3225 1461 3273 libri
1498 3224 1736 3284 Agobardi

603 3294 673 3342 Ad
712 3294 836 3360 Natt.
870 3294 911 3353 1,
952 3294 1060 3351 14..
1119 3294 1200 3356 qui
1252 3306 1348 3341 uno
1397 3290 1590 3354 quidem
1629 3291 1736 3339 loco

610 3361 925 3420 Qnockaetae,
987 3361 1177 3408 duobus
1232 3359 1397 3408 alteris
1437 3359 1738 3407 Onocholetea

604 3426 821 3489 praebet,
859 3426 1017 3476 littera
1052 3429 1070 3475 i
1105 3441 1195 3491 per
1230 3439 1447 3476 errorem
1492 3425 1539 3473 in
1578 3425 1594 3473 l
1629 3438 1750 3472 mu·

605 3500 717 3541 tata.
802 3492 954 3542 Huius
1005 3494 1081 3543 dei
1137 3494 1431 3543 Onocoietae
1483 3491 1739 3551 imaginem

606 3560 657 3609 in
694 3560 844 3621 ligura
881 3562 1003 3611 asini
1040 3560 1245 3626 palliati,
1300 3561 1382 3625 qni
1417 3560 1582 3609 nescio
1620 3559 1734 3622 quid

605 3627 905 3678 auditoribus
941 3631 1044 3679 suis
1082 3644 1176 3678 uuo
1214 3628 1336 3692 pede
1373 3634 1598 3691 porrecto
1636 3634 1736 3675 tra-

604 3696 721 3746 dere
756 3697 956 3757 videtur‚
1004 3698 1052 3746 iu
1104 3711 1289 3761 gemma
1328 3695 1540 3759 antiqua,
1591 3708 1734 3757 quam

602 3764 753 3814 edidit
788 3765 1145 3830 Stephanonius
1182 3766 1431 3826 (Gemmae
1473 3761 1736 3826 antiquitus

602 3833 822 3897 sculptae
858 3849 885 3882 a
924 3834 972 3884 P.
995 3833 1325 3898 Stephanonio
1348 3830 1592 3881 vicentino
1629 3830 1735 3879 col·-

602 3899 755 3949 lectae
792 3907 840 3950 et
874 3901 1281 3951 declarationibus
1308 3900 1590 3950 illustratae.
1647 3897 1737 3947 Ve-

600 3975 703 4017 net.
740 3966 886 4016 1646.
922 3968 1019 4018 tab.
1037 3968 1120 4018 30.
1194 3969 1265 4018 cf.
1306 3969 1461 4018 Lucae
1499 3965 1734 4015 Holsteuii

602 4034 772 4097 Epistt.
812 4035 872 4083 ad
909 4036 1124 4085 diversos
1151 4037 1226 4086 ed.
1249 4034 1561 4085 Boissonade.
1600 4031 1733 4080 Paris

605 4100 753 4151 1817.
791 4116 839 4165 p.
870 4100 1003 4160 173.)
1059 4117 1166 4152 cum
1218 4103 1345 4152 Luca
1384 4099 1634 4150 Holstenio
1688 4105 1736 4147 et

599 4168 730 4217 Frid.
792 4168 1035 4218 Muentero
1107 4168 1433 4218 indubitanter
1502 4179 1731 4227 agnosco.

600 4235 877 4284 Muenterus
930 4250 1034 4283 eam
1084 4250 1320 4297 gemmam
1371 4248 1482 4283 aere
1531 4233 1733 4282 incisam

600 4311 650 4352 et
685 4316 965 4367 expressam
1003 4303 1193 4352 exhibet
1244 4304 1290 4352 in
1330 4301 1566 4351 Primord.
1600 4299 1732 4372 Eccl.

596 4371 698 4420 Mr-
773 4369 931 4421 ‚218.

669 4453 710 4489 c.
736 4386 795 4489 let
831 4438 996 4502 planta
1032 4436 1103 4487 vel
1143 4445 1276 4498 tergo
1314 4437 1454 4487 alites
1495 4435 1613 4486 deos
1651 4450 1733 4485 re-

600 4501 875 4571 ceperunt]
912 4507 1097 4568 canino
1137 4505 1292 4569 capite
1313 4503 1582 4567 tingebatur
1597 4503 1729 4553 Anu-

599 4573 693 4635 bis,
730 4573 923 4624 leonino
962 4574 1175 4632 Mithres,
1211 4574 1399 4623 cornuti
1425 4579 1562 4621 erant
1580 4571 1730 4620 Ham-

600 4653 747 4703 mou,
801 4642 985 4705 Panes,
1029 4641 1219 4706 Satyri,
1271 4640 1352 4706 qui
1400 4640 1528 4691 idem
1582 4639 1728 4690 etiam

1839 2767 1866 2801 a
1905 2751 2080 2801 lumbis
2118 2752 2254 2812 hirci,
2291 2766 2317 2801 a
2353 2752 2516 2815 planta
2552 2752 2622 2802 vel
2660 2760 2796 2814 tergo
2826 2751 2974 2802 alites

1838 2819 2122 2878 Mercurius,
2159 2819 2409 2879 Victoriae,
2447 2820 2538 2869 alia
2560 2821 2770 2870 numina.
2819 2821 2970 2869 Sera-

1839 2887 1965 2952 pidis
2002 2902 2028 2936 a
2067 2889 2288 2936 cruribus
2324 2887 2564 2950 serpentis
2601 2889 2858 2949 imaginem
2885 2901 2973 2936 re·

1839 2963 2004 3005 censet
2062 2954 2365 3004 montfaucon
2416 2955 2543 3003 Diar.
2590 2954 2697 3003 Ital.
2764 2970 2809 3019 p.
2848 2953 2968 3005 443.

1841 3022 1912 3072 Cf.
1950 3021 2135 3072 Passeri
2175 3024 2285 3071 Luc.
2327 3021 2408 3079 ΙΙΙ,
2443 3021 2525 3070 70.
2611 3023 2867 3084 Guigniaut
2901 3022 2972 3072 Le

1840 3090 1956 3138 Dieu
1982 3090 2179 3153 Serapis
2201 3104 2248 3155 p.
2263 3090 2328 3149 9.,
2367 3098 2414 3138 et
2434 3090 2803 3154 serpentipedes
2830 3096 2968 3139 eraut

1840 3158 1981 3207 etiam
2021 3156 2260 3218 Gigantes.
2330 3157 2541 3206 Macrob.
2578 3158 2767 3206 Saturn.
2807 3157 2844 3217 1,
2882 3156 2964 3208 20.

1837 3224 2062 3289 Apollod.
2101 3225 2138 3285 Ι,
2175 3223 2255 3274 61.
2328 3225 2462 3275 Ovid.
2499 3224 2643 3273 Trist.
2686 3223 2759 3285 w,
2796 3225 2847 3283 7,
2887 3224 2970 3275 17.

1909 3309 1954 3358 d.
2004 3323 2060 3357 ex
2108 3304 2391 3372 abundanti]
2445 3308 2628 3371 Nempe
2681 3308 2813 3372 quod
2849 3308 2972 3358 baec

1841 3377 2090 3425 confutare
2129 3388 2223 3425 nou
2262 3377 2402 3425 luerit
2441 3376 2699 3425 admodum
2748 3390 2965 3427 necesse.

1842 3444 2022 3493 Seneca
2072 3443 2140 3492 De
2177 3443 2337 3492 Renes.
2377 3437 2440 3505 [1.
2481 3438 2583 3508 11.]
2633 3443 2767 3502 „lam
2806 3451 2968 3493 cetera

1810 3526 1900 3560 ,ew
1934 3513 2192 3562 abundanti
2227 3511 2418 3560 veniunt
2458 3510 2691 3560 delicatos
2728 3510 2968 3560 lactura.“

1841 3578 2065 3636 Quinctil.
2116 3576 2268 3627 lnsti't.
2321 3578 2391 3637 IV,
2430 3579 2460 3627 5
2515 3578 2669 3637 „Quia
2729 3577 2862 3627 addit
2908 3594 2974 3628 ex

1839 3647 2123 3698 abundanti:
2160 3646 2358 3694 Etiamsi
2393 3646 2440 3695 id
2478 3659 2573 3695 uon
2613 3644 2818 3695 luisset“
2856 3653 2972 3696 cett.

1841 3713 1908 3762 ld.
1945 3712 2060 3763 ibid.
2099 3712 2150 3772 V,
2186 3711 2218 3763 6
2255 3714 2380 3774 „Aut
2415 3714 2456 3762 si
2493 3721 2685 3776 praeter
2721 3712 2815 3762 alia
2853 3728 2968 3771 cau-

1838 3795 1921 3829 sae
1959 3781 2274 3829 instrumenta
2306 3780 2467 3830 adiicit
2486 3796 2546 3831 ex
2567 3782 2825 3830 abundanti
2843 3782 2974 3831 banc

1839 3862 2032 3912 quoque
2052 3849 2371 3898 conscientiae
2390 3863 2507 3897 suae
2531 3848 2810 3897 fiduciam-‘⁶
2849 3848 2966 3897 Pas-

1837 3916 1931 3965 sim
1967 3916 2093 3979 apud
2130 3915 2497 3965 Tertullianum.
2555 3916 2607 3964 B.
2648 3915 2970 3978 Hieronymus

1837 3999 1897 4032 ex
1932 3985 2163 4048 superfluo
2202 3982 2315 4032 dicit
2350 3983 2462 4033 Adv.
2499 3997 2693 4032 errores
2731 3982 2967 4032 loh.Hie-

1835 4049 2196 4113 rosolymitani:
2239 4050 2448 4109 „Verum
2485 4051 2605 4100 baec
2640 4064 2699 4100 ea:
2733 4052 2970 4114 superfluo

1836 4116 1962 4166 dicta
1997 4117 2146 4167 siut.“
2218 4118 2386 4168 Graeci
2440 4118 2604 4168 dicunt
2651 4109 2708 4165 ἐκ
2751 4128 2976 4183 metav-

1837 4179 1974 4237 σίας.
2061 4185 2213 4236 Clem.
2265 4184 2393 4235 Alex.
2445 4185 2710 4246 Paedagog.
2765 4183 2891 4234 libro
2931 4184 2967 4235 t.

1837 4242 2058 4307 ,,ἕξεστι
2109 4247 2170 4301 δὲ
2205 4244 2338 4334 ἡμῖν
2372 4245 2430 4301 ἐκ
2463 4246 2783 4320 περιουσίας
2826 4245 2976 4316 πρὸς

1836 4312 1965 4373 τοὺς
1985 4315 2421 4386 φιλεγκλημονας
2438 4312 2915 4369 ἒπιτποδὺσασθαι.
2926 4324 2968 4347 “

1835 4387 2075 4449 (Herald.)
2163 4389 2211 4439 V.
2297 4404 2386 4439 uae
2434 4390 2722 4439 adnotavero
2759 4387 2820 4437 ad
2854 4386 2970 4437 libri

1834 4455 1907 4506 ad
1943 4456 2085 4520 Scap.
2124 4471 2229 4521 cap.
2261 4404 2316 4506 ἓ.

1903 4572 2018 4637 Cap.
2056 4572 2195 4623 xvlt.
2267 4589 2310 4623 a.
2361 4571 2705 4637 instrumento]
2765 4571 2859 4622 Cle
2879 4571 2975 4621 ad—

1831 4647 1931 4695 not.
1970 4640 2031 4690 ad
2066 4654 2174 4705 cap.
2214 4641 2293 4692 18.
