3263 5311
1108 448 1182 491 os
1224 448 1638 495 motourau.
2457 444 2537 509 83

158 595 287 656 mis
340 586 731 675 mpiditatem'
770 594 1027 657 radicem
1071 597 1339 659 omnium
1380 598 1672 662 malorum
1716 619 1827 680 qua
1873 603 2108 682 quidam
2262 607 2352 668 titi
2383 608 2538 672 circa

156 696 361 757 tidem
401 694 777 772 naufragium
821 703 960 757 sunt
998 696 1165 775 passi
1215 697 1539 778 ³(quamvis
1603 708 1666 762 et
1719 623 2263 766 *ἰάοΙοΙαιτίειῡἬ
2324 708 2536 773 eodem

157 794 461 875 apostolo
503 795 657 856 dicta
701 794 783 857 sit
824 796 1157 875 cupiditas),
1215 806 1337 861 tum
1381 799 1751 862 mendacium
1807 803 2144 881 cupiditatis
2198 806 2540 873 ministrum

161 899 372 971 (taceo
420 895 498 955 de
540 896 861 974 periurio·‚
907 898 1141 976 quando
1185 917 1263 960 ne
1304 899 1499 962 iurare
1540 901 1778 980 quidem
1834 902 2028 980 liceat)
2070 937 2157 949 --
2212 907 2535 984 negotiatio

168 1014 359 1057 servo
406 995 507 1056 dei
550 1004 687 1076 apta
730 995 871 1059 est?
934 997 1212 1063 Ceterum
1256 1000 1308 1060 si
1353 1000 1645 1082 cupiditas
1687 1000 2014 1077 ‘abscedat,
2060 1022 2209 1083 quae
2239 1014 2334 1067 est
2362 1026 2538 1071 causa

170 1094 581 1176 adquirendi?
670 1096 952 1159 Cessante
995 1117 1172 1160 causa
1211 1098 1591 1179 “adquirendi
1652 1121 1775 1164 non
1819 1103 1932 1165 erit
1973 1104 2301 1167 necessitas
2344 1126 2534 1186 nego·

172 1196 387 1258 tiandi.
477 1196 571 1259 Sit
609 1215 769 1259 nunc
809 1198 999 1277 aliqua
1040 1200 1267 1261 iustitia
1308 1210 1617 1280 quaestus,
1691 1221 1900 1266 secura
1954 1205 2028 1265 de
2083 1206 2418 1284 cupiditatis
2479 1215 2540 1270 et

174 1297 479 1359 mendacii
524 1296 958 1373 observatione,
1002 1294 1065 1361 in
1106 1301 1339 1363 crimen·
1374 1303 1678 1364 offendere
1722 1304 2090 1366 idololatriae
2133 1324 2263 1367 eam
2300 1306 2534 1385 opinor,

179 1418 335 1478 quae
377 1399 454 1459 ad
496 1398 691 1478 ipsam
733 1399 1028 1462 idolorum
1072 1401 1325 1463 animam
1370 1411 1431 1463 et
1475 1403 1750 1482 spiritum
1793 1406 2078 1483 pertinet,
2145 1424 2296 1485 quae
2357 1425 2535 1469 omne

182 1497 569 1561 daemonium
612 1500 861 1578 saginat.
946 1500 1171 1575 'Sane,
1237 1521 1362 1564 non
1404 1503 1499 1565 illa
1541 1503 1884 1584 principalis
1926 1505 2342 1569 ‘idololatria‘l'
2426 1507 2533 1570 vi-

184 1599 445 1675 derint⁴¹,
491 1598 548 1661 si
611 1600 888 1663 ⁰eaedem
944 1620 1209 1676 merces,
1285 1604 1472 1665 ¹⁰tura
1526 1604 1661 1666 dico
1718 1612 1781 1666 et
1812 1614 2024 1689 ⁴cetera
2095 1607 2530 1686 peregrinitatis

189 1767 513 1831 &quum-bis
553 1776 600 1819 et
634 1770 791 1819 Desid.
828 1770 1074 1820 Heroides.
1158 1772 1206 1821 4.
1231 1771 1451 1821 idolatria
1466 1769 1565 1834 Αβ.

191 1836 321 1884 rendi
357 1830 547 1886 noverit
583 1850 727 1886 causa
759 1837 813 1886 k.

194 1904 351 1953 eaden
382 1905 474 1954 AB.

197 2018 263 2067 lea
294 2022 591 2081 ueiiflcmt,
642 2023 815 2072 creatis
848 2021 1017 2074 schola
1054 2023 1321 2073 bonoratur
1403 2024 1693 2081 litationibus,
1746 2025 1790 2071 ai
1824 2030 1974 2073 cetera
2007 2049 2074 2059 -
2106 2047 2175 2060 —
2207 2027 2353 2089 passi,
2394 2042 2532 2091 quum

196 2087 369 2137 feriis.“
1403 2092 1474 2140 bia
1510 2097 1551 2139 et
1586 2091 1857 2140 idololatria
1893 2093 1950 2139 ab
2000 2092 2158 2141 eodem
2202 2108 2248 2142 a.
2285 2094 2330 2141 d.
2367 2109 2405 2142 a.
2447 2109 2530 2144 cai·

1332 2182 1341 2191 =
1398 2158 1610 2220 piditas:
1659 2164 1754 2206 tum
1796 2158 2083 2207 mendacium
2118 2174 2156 2208 c.
2192 2174 2252 2207 m.
2290 2162 2435 2216 (tocco
2473 2161 2530 2210 de

1679 1772 1725 1821 5.
1765 1772 1994 1823 abscedat
2028 1774 2108 1823 dat
2145 1775 2190 1824 C.
2274 1774 2321 1824 6.
2360 1775 2531 1841 adqui-

915 1837 961 1888 7.
999 1840 1126 1886 Sane
1175 1854 1272 1888 uon
1306 1840 1422 1889 Aua.
1493 1842 1561 1888 An
1603 1853 1699 1889 nou
1738 1839 1813 1889 Ca.
1917 1838 1965 1892 8.
2001 1841 2270 1894 idolalatria
2306 1839 2404 1905 Αβ.
2481 1843 2531 1894 9.

590 1903 669 1953 10.
708 1911 813 1954 tura
844 1905 914 1966 A,
949 1902 1221 1970 utumque
1254 1907 1374 1956 nihil
1394 1907 1705 1965 ‚cumcuma

254 2221 363 2284 Cap.
414 2221 496 2271 xl.
569 2236 613 2269 a.
675 2221 742 2270 De
793 2218 1204 2285 generationibus]
1266 2222 1316 2272 Si

193 2297 337 2337 cetera
398 2288 578 2338 delicta
640 2290 959 2351 recogitemus
1017 2291 1141 2339 iaxta
1203 2305 1318 2341 suas

190 2356 553 2417 generationes,
601 2354 821 2418 inprimis
870 2358 1175 2420 cupiditatem
1213 2372 1318 2405 ma-

189 2430 302 2472 trem
336 2424 563 2472 omnium
599 2424 855 2483 malorum,
909 2423 1081 2487 deinde
1118 2425 1317 2473 menda-

189 2492 305 2539 cium
353 2491 577 2539 eiusdem
627 2491 900 2553 cupiditatis
947 2492 1096 2541 tilium
1146 2500 1194 2541 et
1230 2492 1316 2540 ad-

186 2558 455 2607 ministrum
484 2558 781 2607 inveniemus
819 2559 1188 2620 negotiationem
1208 2573 1317 2607 ser-

184 2639 237 2675 vo
282 2626 359 2674 dei
414 2634 582 2689 aptam
632 2639 728 2675 nou
776 2640 915 2686 esse,
968 2640 1123 2691 neque
1170 2640 1317 2691 posse

186 2695 446 2744 cohaerere
490 2707 607 2742 cum
658 2694 759 2742 illo.
806 2709 853 2757 q.
902 2694 949 2742 d.
1010 2697 1099 2753 Qui
1158 2702 1319 2758 potest

181 2763 441 2821 negotiatio
478 2775 591 2809 esse
629 2769 738 2823 apta
774 2775 911 2809 servo
950 2761 1044 2821 dei,
1080 2777 1201 2825 quae
1228 2762 1315 2810 ba-

176 2829 261 2877 bet
308 2842 405 2891 pro
458 2835 613 2876 matre
667 2829 992 2891 cupiditatem,
1045 2843 1132 2891 pro
1171 2830 1317 2878 fratre

174 2891 537 2945 mendacium?
589 2894 715 2943 bella
752 2895 937 2944 scilicet
972 2902 1018 2943 et
1054 2896 1233 2944 familia
1271 2904 1316 2944 et

171 2963 399 3012 suboles.
448 2963 512 3010 Ut
546 2976 659 3010 vero
694 2963 918 3011 ostendat
946 2963 1315 3024 negotiationem

172 3029 323 3079 tiliam
390 3028 670 3091 cupiditatis
715 3031 908 3078 astinem
955 3044 1062 3078 esse
1110 3030 1316 3079 idolola-

170 3099 325 3155 triae,
405 3096 603 3145 adducit
666 3098 939 3158 apostolu‘m
998 3098 1317 3146 affirmantem

171 3166 358 3213 multos
410 3163 635 3212 inretitos
679 3164 938 3226 cupiditate
988 3179 1158 3226 passos
1208 3178 1317 3212 esse

169 3231 489 3290 naufragium
561 3229 689 3278 fidei.
759 3231 843 3289 (La
906 3231 1125 3290 (ἵει-ἀι),
1166 3231 1317 3279 Verba

169 3296 389 3362 apostoli
441 3304 606 3346 extant
641 3297 792 3360 Epist.
830 3298 846 3345 1
894 3299 961 3347 Ad
1000 3298 1207 3346 Timoth.
1245 3298 1319 3356 vt,

170 3366 253 3415 10.
302 3365 377 3414 Ad
416 3365 601 3428 pres.
641 3365 689 3424 V,
724 3364 774 3414 5.
817 3364 886 3414 Ad
923 3364 1112 3414 Coloss.
1149 3365 1231 3424 ΙΙΙ,
1269 3364 1315 3413 5.

236 3467 309 3514 h:
339 3464 567 3528 quamvis
618 3471 666 3513 et
710 3463 1007 3528 idololatria]
1066 3464 1190 3522 Quid
1226 3465 1319 3514 dixi

168 3532 443 3594 cupiditate
491 3532 708 3581 irretitos
755 3534 1053 3593 naufragium
1098 3532 1207 3580 lidei
1244 3531 1319 3580 re·

169 3600 299 3649 cisse
338 3601 470 3649 iuxta
510 3595 831 3661 apostolum?
898 3598 1051 3648 Immo
1088 3599 1215 3648 idem
1256 3600 1322 3648 ait

172 3667 436 3729 apostolus
486 3665 801 3728 cupiditatem
848 3681 1031 3716 meram
1067 3681 1176 3715 esse
1214 3666 1318 3715 ido-

175 3733 440 3783 lolatriam.
478 3733 569 3792 (La
608 3732 798 3792 cerda.)

249 3847 291 3881 c.
326 3841 470 3882 taceo
510 3831 573 3880 de
607 3828 846 3897 periurio]
883 3833 1036 3882 Habet
1063 3833 1321 3895 negotiatio

184 3899 385 3947 tratrem
420 3899 662 3959 alterum,
708 3900 928 3957 videlicet
963 3901 1257 3963 periurium,
1294 3915 1320 3948 a

186 3978 287 4027 quo
351 3979 519 4015 servus
590 3967 667 4015 dei
729 3968 903 4016 abesse
959 3966 1102 4029 longe
1162 3968 1321 4027 debet,

186 4031 386 4092 quaudo
421 4041 468 4081 et
502 4049 527 4081 a
563 4034 773 4097 simplici
823 4035 1090 4083 iuramento
1140 4034 1322 4092 (Mattb.

189 4096 243 4155 V,
297 4095 381 4145 33.
426 4098 539 4160 34),
587 4101 719 4165 qnod
767 4101 926 4150 minus
975 4100 1182 4160 malum,
1234 4100 1319 4149 sed

194 4169 335 4211 taceo
372 4171 521 4215 tameo
554 4169 615 4217 de
650 4169 738 4217 illo
776 4176 823 4216 et
849 4176 1102 4217 contentus
1126 4182 1234 4216 sum
1262 4167 1322 4216 ad

199 4229 536 4293 deturpandam
572 4235 948 4297 negotiationem
987 4235 1323 4284 coniunctione

207 4294 313 4351 3¹¹³,
360 4313 497 4361 quiam
530 4301 670 4352 babet
710 4316 820 4351 cum
859 4309 1011 4350 matre
1047 4301 1321 4365 cupiditate,

215 4375 307 4410 eum
343 4366 480 4416 fratre
514 4370 789 4420 mendacio.
860 4368 978 4417 Nam
1015 4368 1055 4417 si
1087 4369 1322 4431 cupiditas

218 4426 309 4479 lacit
342 4436 632 4499 naufragium
672 4436 809 4494 fidei,
847 4436 989 4484 etiam
1012 4431 1321 4484 ‘me‘ndacium

220 4493 355 4558 iaciat,
405 4512 453 4552 ut
503 4507 635 4555 filius
689 4513 740 4553 et
778 4503 997 4551 minister
1032 4503 1319 4565 cupiditatis.

221 4561 283 4616 (La
313 4567 491 4628 Cerda.)
532 4571 826 4623 Desiderius
863 4568 1100 4618 Heraldus
1135 4569 1196 4618 ad
1233 4570 1323 4618 Ar-

218 4633 300 4686 ΜΙ).
330 4638 391 4703 (ρ.
426 4640 509 4692 97.
551 4641 633 4692 ed.
665 4637 788 4698 LB.)
825 4636 1048 4698 corrigit:
1084 4637 1149 4687 De
1182 4651 1323 4699 neqo-

1398 2239 1446 2286 p.
1484 2240 1527 2288 q.
1562 2240 1609 2273 n.
1646 2226 1679 2272 i.
1718 2240 1762 2288 q.
1797 2226 1953 2282 liceat)
1999 2227 2249 2287 neqott'atio
2285 2241 2415 2276 servo
2453 2229 2531 2275 dei

1402 2298 1511 2354 apta
1545 2294 1653 2341 est?
1701 2291 1789 2339 hac
1836 2292 2229 2354 interpretatione
2265 2307 2412 2343 usus:
2458 2293 2529 2342 Eo

1403 2356 1545 2419 igitur
1581 2357 1736 2421 capite
1771 2358 2134 2417 (Tertullianus)
2170 2360 2264 2420 agit
2291 2360 2349 2408 de
2376 2374 2529 2422 nego·

1402 2426 1600 2474 tiatione
1638 2433 1685 2474 et
1720 2438 1826 2474 eam
1863 2424 2033 2488 probat
2071 2440 2181 2476 esse
2215 2427 2412 2476 omuino
2448 2441 2532 2478 re-

1402 2492 1728 2556 linquendam,
1782 2506 1903 2555 quae
1939 2493 2238 2542 idololatriac
2271 2494 2531 2545 famulatur

1400 2573 1522 2622 eque
1559 2561 1705 2608 rebus
1741 2559 1800 2608 ad
1836 2559 2155 2609 idololatriam
2182 2561 2532 2624 pertinentibus

1400 2635 1603 2677 constat.
1645 2626 1854 2677 Primum
1872 2634 2030 2677 autem
2053 2627 2344 2690 generaliter
2362 2636 2530 2679 ostea-

1399 2696 1467 2743 dit
1505 2710 1674 2757 magna
1724 2696 1770 2743 iu
1815 2696 1945 2744 omni
1984 2696 2303 2756 negotiatione
2340 2697 2528 2745 incom-

1400 2762 1570 2818 moda,
1618 2769 1718 2809 tum
1767 2761 1829 2809 ob
1877 2763 2212 2824 cupiditatem,
2267 2777 2389 2825 quae
2425 2762 2530 2824 ipsa

1400 2828 1701 2877 idololatr‘lae
1737 2827 1927 2889 species
1964 2836 2054 2885 est,
2093 2836 2191 2876 tum
2229 2829 2291 2878 ob
2329 2830 2527 2876 menda-

1400 2896 1555 2954 cium,
1608 2895 1715 2942 siue
1757 2893 1932 2956 quibus
1969 2894 2287 2942 incommodis
2322 2894 2393 2942 vix
2429 2894 2529 2942 ulla

1400 2961 1658 3021 negotiatio
1683 2968 1926 3009 tractatur.
1965 2961 2123 3018 Quare
2157 2960 2528 3020 negotiationem

1400 3043 1496 3077 non
1535 3026 1800 3090 improbat,·
1829 3027 1921 3074 nisi
1954 3020 2096 3073 κατὰ
2130 3020 2459 3091 συμβεβηκὸς
2484 3036 2532 3076 et

1401 3102 1601 3158 propter
1648 3093 1979 3153 incommoda,
2029 3107 2149 3156 quae
2197 3095 2239 3142 ei
2285 3094 2531 3157 saepicule

1402 3162 1706 3215 comitantur,
1733 3161 1908 3225 quibus
1929 3160 2131 3209 sublatis
2150 3160 2267 3209 nibil
2301 3168 2376 3209 est
2400 3162 2531 3225 quod

1403 3227 1775 3291 negotiationem
1807 3227 2024 3275 odiosam
2048 3228 2208 3276 eflicit.
2244 3229 2394 3291 Atque
2413 3227 2533 3277 baec

1400 3297 1461 3346 de
1498 3295 1820 3357 negotiatione
1845 3295 1893 3342 in
1918 3308 2109 3354 genere.
2145 3295 2338 3344 Transit
2358 3294 2532 3344 deinde

1402 3364 1460 3413 ad
1498 3377 1604 3412 eam
1642 3361 1977 3424 negotiationis
2013 3363 2256 3425 speciem,
2300 3377 2422 3425 quae
2458 3370 2535 3411 est

1400 3431 1461 3480 de
1497 3430 1643 3479 rebus
1680 3427 1998 3488 idololatriae,
2036 3436 2084 3478 et
2119 3443 2223 3477 eam
2260 3429 2531 3479 Christiano

1402 3498 1595 3547 bomine
1633 3497 1777 3559 plane
1811 3495 2054 3557 indignam
2092 3496 2348 3546 luculentia
2381 3497 2533 3546 ratio·

1403 3565 1542 3614 uibus
1579 3564 1878 3625 comprobat.

1472 3632 1518 3681 d.
1556 3625 1789 3693 Viderint]
1837 3628 2067 3690 Rigaltius
2103 3629 2344 3678 distinxit:
2397 3630 2533 3678 Vide-

1402 3701 1512 3759 rint,
1542 3700 1594 3746 si
1629 3700 1813 3746 eaedem
1845 3711 2032 3745 mercea-
2083 3703 2188 3745 tura
2222 3702 2332 3745 cett.
2391 3695 2531 3744 verto

1403 3766 1502 3814 sic:
1566 3764 1619 3812 Iu
1670 3765 1757 3812 der
1801 3763 1932 3822 that,
1990 3763 2052 3812 ist
2097 3763 2231 3811 ienea
2277 3759 2409 3810 nicbt
2455 3761 2533 3810 eia

1405 3830 1858 3895 hauptsaecblicber
1897 3824 2293 3890 goetzendienst?
2364 3827 2534 3889 Hagen

1406 3900 1476 3947 sie
1525 3898 1733 3946 zuseben
1786 3897 1893 3955 (wie
1929 3895 1999 3944 sia
2034 3896 2138 3945 sich
2172 3894 2532 3956 vertbeidigcu),

1405 3979 1541 4014 wenn
1581 3963 1830 4013 dieselben
1863 3967 2069 4022 waar‘em
2105 3963 2180 4012 ich
2211 3963 2369 4010 meina
2384 3962 2534 4011 weih-

1404 4033 1551 4082 raucb
1623 4031 1719 4080 und
1780 4030 1984 4079 anderes
2044 4030 2132 4078 der
2198 4028 2383 4077 lremde
2458 4029 2534 4077 als

1407 4100 1548 4162 opser
1593 4098 1682 4148 der
1727 4104 1923 4158 goetzen
1970 4098 2090 4146 aucb
2137 4097 2230 4145 den
2273 4097 2534 4145 menschen

1408 4166 1480 4214 als
1546 4166 1778 4213 heilsame
1829 4165 2074 4226 spezerei‚
2133 4177 2224 4214 uus
2270 4163 2535 4222 (Christeu)

1407 4232 1528 4282 auch
1566 4233 1690 4281 noch
1729 4230 1982 4280 ueherdics
2018 4246 2073 4279 zu
2101 4237 2410 4291 troestungen
2446 4229 2535 4279 des

1404 4299 1773 4360 begraebuisses
1809 4298 1953 4347 dicut.
2009 4298 2230 4347 Occurrit
2261 4297 2534 4347 adversario

1408 4366 1780 4424 negotiationem
1819 4366 2079 4422 excusanti,
2115 4365 2242 4428 quod
2279 4371 2358 4413 tus
2383 4370 2430 4413 et
2464 4364 2534 4412 si-

1408 4434 1539 4482 milia
1588 4447 1684 4482 non
1740 4432 1978 4481 idolorum
2016 4431 2321 4481 solummodo
2359 4432 2406 4479 in
2451 4445 2532 4479 sa-

1406 4500 1603 4558 criticia,
1621 4499 1707 4550 sed
1728 4501 1775 4548 in
1801 4499 2060 4549 salutarem
2079 4498 2354 4548 homiuibus
2374 4511 2532 4554 usum,

1408 4567 1520 4631 quin
1570 4567 1689 4629 ipsis
1727 4566 2012 4616 Christianis
2058 4567 2118 4615 ad
2163 4574 2381 4614 mortuos
2414 4576 2532 4612 suos

1408 4634 1706 4686 condiendos
1745 4641 1991 4697 procuret.

2127 4711 2203 4761 6*
