3263 5311
1088 451 1161 493 An
1205 449 1496 494 uniones
1544 451 1656 493 nin.
1689 450 1755 493 n.
2475 437 2600 500 379

251 597 744 679 5⁰¹’conpendium
769 599 991 678 abipsa
1023 600 1373 679 dispiciendi
1407 601 1726 662 ¹⁰⁶ratione
1758 599 2124 673 sumamus‘,
2172 601 2466 681 originem
2492 623 2599 683 ge-

248 701 412 763 neris
458 699 695 761 illorum
738 700 1129 763 retractando.
1198 701 1381 780 Origo
1426 702 1584 764 enim
1615 702 1801 763 totius
1829 700 2266 781 posteritatis⁶.·
2314 703 2397 765 Ea
2428 705 2600 783 origo

246 800 500 863 deorum
544 809 880 863 vestrorum
925 803 1212 877 Saturno,
1270 811 1339 864 ut
1392 803 1639 883 opinor,
1709 803 1996 883 signatur.
2081 801 2286 882 Neque
2341 804 2500 866 enim
2545 805 2599 866 si

242 902 433 963 Varro
480 901 927 982 antiquissimos
957 903 1103 964 deos
1134 903 1333 965 lovem
1351 949 1366 974 ‚
1411 904 1700 965 lunonem
1727 911 1790 966 et
1815 903 2134 965 Minervam
2164 906 2375 977 refert,
2421 905 2598 966 nobis

246 1004 282 1036 ¹¹
299 1002 593 1064 excidisse
648 1003 824 1064 debet
880 1021 1117 1066 omnem
1159 1012 1386 1083 patrem
1430 1004 1566 1065 filiis
1611 1004 2038 1084 antiquiorem,
2103 1012 2222 1065 tam
2279 1005 2601 1067 Saturnum

243 1104 383 1166 love
428 1122 604 1184 quam
650 1103 887 1165 Caelum
930 1105 1220 1179 Saturum
1259 1105 1333 1166 de
1377 1104 1551 1166 Caelo
1597 1104 1754 1167 enim
1799 1113 1860 1166 et
1901 1104 2086 1166 Terra
2130 1106 2440 1168 Saturnus.
2523 1107 2602 1169 Et

244 1215 445 1266 tamen
491 1204 648 1266 Caeli
694 1201 754 1265 e't
795 1205 1014 1267 Terrae
1058 1205 1348 1284 originem
1394 1206 1622 1268 omitto.
1690 1206 1875 1268 Erant
1903 1205 2311 1268 “bundeunde
2341 1207 2598 1269 caelibes

242 1306 346 1368 diu
392 1314 453 1367 et
495 1304 627 1366 orbi
668 1315 981 1386 antequam
1022 1307 1219 1368 mariti
1264 1315 1325 1368 et
1365 1317 1665 1387 parentes,
1747 1307 1955 1387 Longo
2003 1306 2228 1369 scilieet
2269 1326 2415 1368 aevo
2461 1326 2597 1369 cre-

245 1408 535 1470 scendum
580 1406 699 1468 illis
744 1407 855 1468 suit
896 1408 969 1468 ad
1012 1416 1231 1469 tantam
1279 1408 1768 1488 ¹²prooeritatem.
1875 1408 2138 1488 Denique
2184 1407 2356 1469 simul
2402 1408 2602 1487 coepit

244 1517 306 1571 et
350 1507 529 1569 Caelo
586 1526 700 1568 vox
756 1507 1152 1570 insolesceref
1206 1517 1266 1570 et
1320 1509 1502 1571 ubera
1547 1509 1770 1570 Terrae
1829 1507 2307 1589 ''lapilliscere‘5
2380 1491 2600 1570 iaciunt

243 1608 488 1690 nuptias
535 1609 691 1670 inter
735 1628 821 1670 se.
912 1609 1139 1682 Credo,
1186 1620 1289 1672 aut
1321 1611 1557 1671 Caelum
1602 1609 1908 1672 descendit
1950 1610 2021 1671 ad
2068 1610 2441 1689 ¹⁴sponsam,
2488 1623 2599 1674 aut

247 1710 444 1772 Terra
486 1709 752 1771 ascendit
795 1710 868 1772 ad
916 1729 1225 1790 sponsum.
1316 1710 1656 1791 ¹⁵Concepit
1701 1718 1897 1771 tamen
1941 1710 2127 1771 Terra
2186 1710 2261 1771 de
2306 1710 2481 1772 Caelo
2538 1719 2599 1773 et

244 1811 536 1891 ²⁶peperit
578 1810 675 1872 illa
718 1820 851 1872 aeto
893 1810 1095 1873 anno*
1139 1812 1490 1884 Saturnum,
1557 1811 1704 1873 mira
1761 1811 2008 1872 ratione.
2097 1811 2225 1872 Utri
2284 1821 2596 1891 parentum

246 1910 539 1973 simiiis⁵?
580 1937 589 1950 ·
626 1912 742 1973 Sed
788 1913 901 1973 ¹⁷et
936 1912 1271 1994 pepererit,
1328 1920 1489 1974 certe
1545 1921 1683 1974 ante
1728 1911 2050 1976 Saturnum
2104 1912 2400 1975 neminem
2446 1933 2594 1995 pro-

245 2021 626 2085 creaverunt,
674 2013 835 2075 ¹⁸nec
880 2013 995 2074 nisi
1040 2032 1217 2075 unam
1260 2013 1302 2047 ¹⁹
1317 2020 1528 2093 postea
1559 2014 1785 2093 Opem3
1831 2013 2041 2074 exinde
2083 2014 2157 2074 de
2206 2014 2417 2076 subole
2459 2033 2596 2077 oes-

248 2123 444 2176 satum
490 2121 602 2175 est.
693 2113 838 2176 Nam
888 2114 1175 2177 Saturnus
1221 2113 1460 2194 quidem
1503 2112 1804 2174 ”Caelum
1849 2113 2140 2177 castravit
2182 2115 2594 2177 dormientem.

245 2216 528 2295 Legimus
575 2214 812 2276 Caelum
858 2234 1075 2294 genere
1117 2214 1465 2276 masculino.
1557 2213 1890 2275 ²¹Ceterum
1935 2216 2224 2296 quomodo
2268 2224 2438 2296 pater
2477 2216 2597 2278 nisi

247 2313 661 2378 masculinus?
728 2316 846 2377 Sed
894 2324 953 2377 et
996 2315 1155 2378 unde
1199 2313 1668 2377 castrandumk?
1732 2314 1924 2376 ”Falx
1967 2315 2072 2377 illi.
2145 2313 2332 2378 ”Hoc
2375 2316 2600 2381 scilicet

255 2445 319 2518 10'
337 2469 382 2517 b.
422 2469 757 2533 compendium
795 2485 892 2533 eya.
964 2470 1251 2533 compendio
1288 2469 1399 2520 Aab.
1523 2468 1642 2518 wc.
1679 2470 1866 2518 ratione
1900 2484 2150 2520 sumamus
2189 2485 2291 2534 eqo.
2359 2471 2597 2521 rationem

247 2549 484 2587 summam
518 2538 631 2587 Aah.
743 2536 817 2584 11.
858 2537 1090 2586 excidisse
1127 2540 1209 2601 by.
1280 2536 1412 2585 excid
1430 2572 1495 2586 .....
1530 2534 1661 2597 Αβα.
1733 2537 1924 2606 excid...
1960 2535 2070 2602 Αφ.
2179 2537 2299 2586 tlh.
2339 2538 2608 2589 undeunde»

249 2621 345 2669 eya.
402 2604 529 2655 unde
565 2607 678 2654 Aah.
763 2603 842 2652 12.
877 2605 1217 2669 proceritatem
1255 2607 1337 2669 by.
1395 2606 1586 2670 proceri
1603 2628 1671 2654 a...
1704 2605 1788 2655 Aa.
1874 2604 1952 2654 13.
1990 2605 2282 2669 lapilliscere
2317 2608 2400 2670 by.
2451 2605 2593 2671 lapil-

248 2673 374 2723 lis...
402 2676 484 2724 Aa.

252 2742 328 2790 15.
364 2741 618 2804 concupit
650 2744 702 2790 A.

253 2877 407 2924 ......rit
441 2892 485 2924 a.
556 2883 601 2923 et
636 2876 814 2938 p....rit
846 2872 957 2937 Αφ.

252 2950 355 2991 stea
393 2944 473 3005 by.
540 2950 687 3005 post..
723 2946 804 2993 Aa.

291 3009 500 3058 uomodo
537 3012 615 3072 by.
681 3011 947 3060 Ceterum..
951 3048 1015 3059 .....
1043 3012 1124 3059 Aa.

314 3178 361 3228 d.
375 3177 553 3240 abipsa
572 3177 858 3240 dispiciendi
880 3179 1066 3228 ratione
1094 3174 1366 3242 sumamus]

248 3246 315 3296 lta
353 3245 706 3295 emendandum
738 3244 998 3295 videbatur.
1040 3245 1367 3296 Gothol‘redus

245 3313 446 3378 putabat
494 3314 761 3376 compendio
797 3316 859 3363 ad
905 3315 1054 3377 ipsam
1090 3314 1368 3377 dispiciendi

240 3384 469 3431 rationem
496 3394 674 3430 waiam
707 3404 774 3417 --
795 3404 857 3417 -
894 3383 1232 3441 retractandam
1268 3381 1370 3439 (aut

245 3451 387 3499 etiam
426 3446 721 3506 retractabo).
759 3448 925 3507 ,Quod
964 3462 1053 3509 ego
1089 3448 1205 3497 olirn
1241 3447 1403 3509 volui,

244 3516 1365 3644 imitatam15⁰¹¹¹¹i⁰¹¹t⁹¹¹23332535

245 3652 442 3709 Quaest.
493 3652 539 3699 in
577 3650 767 3713 Heptat.
819 3649 927 3708 vu,
980 3651 1118 3709 extr.)
1170 3652 1367 3714 abipsa

242 3721 335 3778 (sc.
349 3717 514 3782 speeie
538 3718 648 3774 ista)
668 3719 946 3781 dispiciendi
977 3721 1205 3768 rationem
1240 3734 1365 3767 stam-

242 3802 365 3836 mam
399 3810 547 3821 —-
585 3787 913 3845 retractando„
954 3786 1101 3834 hodie
1134 3800 1187 3834 re
1226 3785 1362 3834 roho.

313 3868 356 3902 e.
378 3852 527 3914 Origo
552 3853 681 3901 enim
700 3854 845 3901 totius
864 3854 1174 3915 posteritatis.
1231 3853 1364 3916 Apo·

242 3920 343 3982 log-
381 3920 572 3983 cap.10
609 3921 763 3980 „Ante
798 3920 1058 3969 Saturnum
1097 3935 1248 3984 penes
1284 3934 1369 3969 vos

240 4001 388 4038 nemo
420 3993 509 4038 est.
542 3987 612 4036 Ab
647 3987 734 4037 illo
772 4000 946 4037 census
986 3987 1132 4037 totius
1168 3988 1238 4036 vel
1274 4002 1368 4050 po-

240 4056 383 4105 tioris
400 4054 471 4103 vel
496 4054 700 4103 notioris
736 4054 1010 4104 divinitatis.
1049 4056 1212 4119 ltaque
1238 4054 1367 4119 quod

242 4121 303 4171 de
344 4122 530 4183 origine
567 4122 856 4184 constiterit,
892 4122 940 4171 id
977 4128 1025 4171 et
1059 4121 1120 4172 de
1156 4122 1366 4186 posteri-

238 4197 340 4240 tate
376 4188 681 4239 conveniet.“

310 4257 344 4305 i.
382 4250 704 4319 insolescere]
758 4257 1037 4307 lvi-solescere
1085 4264 1159 4306 est
1195 4255 1366 4307 insoli-

239 4332 343 4374 tum
378 4324 501 4384 fleri,
539 4323 730 4373 mutari.
802 4324 1119 4387 Hieronymus
1168 4331 1368 4386 usurpat

236 4391 301 4441 de
339 4400 478 4441 atero
516 4389 735 4453 gravidae
784 4388 937 4454 Epist.
984 4392 1044 4442 ad
1092 4390 1222 4440 flelv.
1260 4404 1366 4453 cap.

241 4458 305 4509 18
330 4459 546 4518 „Novem
572 4457 821 4507 mensibus
842 4465 1001 4508 uterus
1024 4454 1368 4509 imolesceas.“

238 4524 312 4576 Gt.
349 4525 555 4577 Tei-tull.
608 4524 677 4573 De
713 4526 869 4575 Carne
916 4526 1093 4576 Christi
1142 4540 1249 4591 cap.
1289 4520 1367 4577 12.

234 4593 311 4642 De
341 4607 459 4644 voce
492 4593 862 4656 pubescentium
909 4592 1232 4643 insolescente
1264 4592 1368 4644 No-

236 4662 345 4711 vius
391 4661 561 4726 posuit
615 4659 936 4722 yatlulascere.
1006 4658 1182 4710 Novius
1240 4659 1367 4725 apud

579 2672 656 2722 14.
693 2687 944 2736 sponsam,
980 2684 1061 2723 aut
1086 2674 1234 2722 Terra
1272 2675 1315 2722 b.
1385 2688 1637 2736 sponsam,
1674 2681 1755 2722 aut
1787 2688 1967 2737 sponsa
2003 2687 2061 2737 γ.
2127 2687 2357 2737 sponsam
2375 2709 2483 2723 .......
2512 2674 2594 2723 Aa.

824 2739 903 2790 16.
940 2741 1128 2804 peperit
1165 2740 1243 2788 illa
1283 2749 1389 2789 acto
1427 2755 1553 2790 auno
1591 2756 1689 2802 eqo.
1776 2742 1967 2804 peperit
2003 2740 2083 2789 illa
2119 2742 2297 2790 Athos:
2333 2741 2482 2790 Athos
2518 2743 2592 2790 ab.

252 2810 493 2871 peperit...
514 2806 671 2857 latinos
708 2806 819 2871 Αφ.
891 2822 1015 2871 pepe
1031 2805 1406 2936 ei”.¹:⁸1¹·li‘th{3?⁶

1515 2807 1592 2857 17.
1631 2815 1680 2856 et
1714 2809 1958 2870 pepererit
1990 2822 2044 2870 γ.
2127 2814 2175 2856 et
2210 2809 2398 2870 peperit
2434 2810 2477 2857 b.
2548 2814 2597 2857 et

1484 2873 1562 2923 18.
1601 2888 1692 2922 nec
1727 2874 1819 2923 nisi
1855 2890 1954 2937 eya.
2039 2874 2129 2922 nisi
2165 2875 2276 2924 Aah.
2387 2873 2464 2923 19.
2501 2888 2593 2937 po-

909 2940 990 2991 20.
1028 2942 1224 2992 Caelum
1264 2943 1483 2991 castravit
1518 2944 1598 3004 by.
1686 2940 1870 2990 caelum
1889 2941 2032 2990 .....vit
2065 2942 2147 2990 Aa.
2251 2940 2331 2990 21.
2370 2941 2594 2991 Ceterum

1219 3008 1299 3058 22.
1339 3009 1449 3057 Falx
1487 3009 1869 3071 b.Got1to[redus.
1940 3008 2015 3057 fax
2051 3012 2132 3058 Aa.

254 3026 364 3127 ilicet
400 3072 557 3126 aero?
588 3093 683 3141 eqo.
755 3079 849 3128 hoc
883 3079 969 3127 sed
1008 3073 1175 3127 uude?
1206 3091 1262 3142 γ.
1332 3077 1426 3127 hoc
1441 3075 1585 3126 ..1.....
1617 3074 1750 3125 Aah.
1821 3076 1914 3124 hoc
1948 3075 2050 3125 scin
2069 3110 2162 3124 .......
2187 3075 2307 3140 Am.

2238 3007 2319 3058 23.
2359 3009 2461 3058 Hoc
2494 3009 2594 3058 sci-

1468 3177 1593 3227 Non.
1644 3192 1691 3240 p.
1745 3177 1857 3226 116.
1908 3176 2050 3227 llere.
2104 3188 2356 3241 „puerum
2406 3177 2595 3227 mulieri

1469 3253 1749 3309 praestare3
1793 3256 1935 3294 nemo
1971 3244 2064 3293 scit
2098 3252 2277 3308 quanto
2315 3244 2490 3295 melior
2523 3246 2595 3295 Sit

1472 3312 1607 3362 cuins
1642 3327 1735 3361 voa:
1768 3312 2062 3374 qattalascit,
2116 3312 2252 3362 cuius
2301 3314 2394 3362 iam
2428 3326 2596 3363 ramus

1472 3380 1796 3429 roborescit.“

1539 3462 1583 3508 g.
1624 3442 1941 3512 lapilliscere]
1995 3446 2044 3495 h.
2070 3461 2111 3495 e.
2150 3447 2196 3496 iu
2236 3448 2431 3497 modum
2468 3447 2593 3511 lapi-

1471 3514 1585 3563 dum
1625 3514 1946 3564 intumescere
1968 3514 2355 3565 etiudurescere.
2394 3516 2592 3566 Festus:
2689 3566 2694 3575 ,

1470 3582 1713 3631 Soror-iare
1770 3595 2007 3630 memmae
2059 3582 2283 3632 dicuntur
2319 3583 2594 3647 puellarum

1469 3662 1576 3699 cum
1614 3651 1824 3713 primum
1861 3656 2161 3708 tumescunt,
2208 3658 2261 3703 ut
2293 3652 2595 3714 fraterculare

1466 3730 1751 3779 puerorum.
1803 3716 1998 3766 Plautus
2035 3717 2081 3765 in
2103 3716 2396 3766 Frivolaria:
2433 3718 2593 3777 „Tum

1467 3784 1680 3846 papillae
1700 3784 1962 3848 primulum
1983 3785 2291 3843 sororiabant,
2327 3783 2445 3832 illud
2465 3783 2593 3832 volui

1470 3851 1633 3899 dicere
1678 3848 2102 3913 fraterculabant.“

1470 3986 1617 4034 ubera
1656 3992 1861 4034 montes.

1539 4053 1585 4101 b.
1624 4061 1733 4103 acto
1770 4047 1924 4116 anuo]
1983 4050 2047 4100 lta
2084 4050 2438 4103 emendandum
2474 4057 2594 4101 eret.

1471 4120 1673 4171 Phaedr.
1724 4120 1771 4179 1,
1811 4118 1876 4170 18
1932 4118 2182 4180 „lustente
2231 4127 2372 4183 partu
2420 4119 2596 4170 mulier

1469 4191 1586 4240 actis
1619 4185 1914 4238 mensibus.“

1537 4256 1569 4305 i.
1603 4256 1707 4307 Utrl
1745 4261 1998 4320 parentum
2033 4250 2270 4317 similis‘t]
2325 4254 2428 4305 Utri
2465 4255 2593 4304 euim

1469 4331 1723 4387 parentum
1760 4317 1982 4381 similis?

1536 4391 1580 4439 k.
1619 4390 1717 4440 Sed
1752 4398 1801 4439 et
1835 4390 1962 4439 unde
1998 4383 2372 4453 castrandumTJ
2413 4387 2509 4437 Sed
2546 4393 2598 4437 et

1471 4458 1714 4518 castratio,
1767 4469 1976 4521 quonam
2025 4457 2341 4506 instrumento
2378 4461 2484 4503 erat
2515 4454 2593 4503 in-

1470 4524 1711 4574 stituenda
1746 4519 1873 4573 ina?
1946 4523 2157 4573 Castrare
2202 4522 2346 4583 igitur
2392 4528 2467 4569 est
2515 4519 2594 4569 hic

1471 4591 1692 4642 absolute
1744 4592 1986 4656 positum,
2046 4598 2093 4640 et
2148 4588 2444 4641 casa-anama
2493 4600 2592 4639 nen

1471 4658 1782 4725 gerundivum
1819 4658 1906 4708 sed
1943 4656 2242 4720 gerundium.

2171 3849 2243 3900 Cf.
2283 3850 2403 3898 Pliu.
2443 3850 2498 3898 Η.
2534 3850 2592 3899 Ν.
2685 3841 2696 3850 ’

1444 3918 1626 3977 'xxx1,
1647 3918 1695 3977 6,
1716 3916 1798 3966 33.
1835 3918 1967 3966 Caeli
1990 3930 2075 3966 vox
2101 3924 2175 3966 est
2200 3917 2399 3978 tonitru,
2433 3925 2593 3967 terrae
