3263 5311
1145 429 1220 472 aa
1265 427 1583 473 micina.
2410 417 2537 481 825

196 575 379 651 Quale
422 583 519 638 est
559 577 717 639 enim
734 624 749 651 ‚
818 585 885 639 ut
926 596 1060 641 cum
1113 580 1367 642 maxime
1421 580 1652 643 incesto
1708 579 2051 643 fornicatori
2105 582 2535 662 posssiminium

189 677 433 757 largitus
490 677 924 742 ecclesiasticae
975 679 1139 759 pacis
1195 682 1396 743 statim
1447 680 1770 761 ingesserit
1824 681 1898 743 de
1952 680 2359 745 ³aversatione
2413 684 2532 748 im-

58 812 61 841 l
188 778 639 853 munditiarum,
705 780 782 841 de
822 780 1226 861 amputatione
1266 782 1658 855 macularum,
1731 782 1808 850 de
1851 781 2260 847 exhortatione
2304 788 2528 849 sancti-

58 914 61 953 ⁵
186 880 587 955 momarumb,
632 881 803 962 quasi
844 881 993 944 nibil
1036 882 1398 945 contrarium
1439 883 1618 964 paulo
1648 891 1789 945 ante
1812 883 2187 947 deci-averit?
2242 885 2531 967 Compara

58 1020 61 1055 r
184 981 467 1061 denique,
532 1000 610 1044 an
673 982 805 1044 eius
870 983 952 1045 sit
1012 983 1239 1058 dicere,
1305 984 1629 1063 Propterea
1683 984 1971 1047 habentes
2027 986 2527 1054 ministrationem
2552 984 2733 1095 1¹¹C⁰f¹3

58 1122 59 1131 κ
183 1082 393 1156 istam,
437 1083 763 1146 secundum
808 1084 967 1164 quod
1009 1084 1481 1147 misericordiam
1525 1087 1827 1148 consecuti
1871 1104 2111 1161 sumus,
2156 1105 2283 1149 non
2321 1089 2527 1153 defici-

58 1206 63 1261 1
125 1201 353 1258 mas,
400 1184 508 1246 sed
549 1183 890 1248 abdicamus
935 1185 1162 1247 occulta
1205 1185 1555 1261 dedecoris,
1612 1188 1715 1268 qni
1755 1205 1878 1250 non
1922 1187 2234 1251 dedecoris
2278 1197 2526 1267 tantum,

58 1332 59 1349 1
178 1283 288 1348 sed
331 1292 394 1346 et
431 1284 675 1347 sederis
717 1285 1132 1349 “manifestum
1174 1286 1679 1351 dedamnaverit·:
1745 1307 1822 1351 an
1876 1290 2143 1352 eiusdem
2186 1291 2301 1354 ‘sit
2343 1312 2527 1356 excu-

176 1403 312 1448 sare
368 1385 623 1466 aliquam
677 1386 1100 1466 impudicitiam
1156 1389 1259 1468 qui
1310 1389 1470 1451 inter
1520 1390 1728 1452 titulos
1784 1389 2052 1453 laborum
2099 1410 2347 1455 suorum
2385 1405 2531 1475 post

56 1534 64 1573 ,
173 1487 484 1567 angustias
521 1496 698 1568 atque
738 1507 1088 1568 pressuras,
1130 1497 1274 1569 post
1313 1490 1535 1553 ieiunia
1576 1499 1638 1553 et
1663 1491 1889 1571 vigilias
1926 1491 2333 1556 castimoniam
2362 1513 2518 1576 quo·
2546 1491 2723 1587 ἦῐξζΐ·

58 1636 59 1669 ,
172 1607 290 1668 qne
330 1588 720 1670 praediscit:
784 1607 863 1652 an
918 1589 1184 1652 eiaisdem
1227 1590 1309 1653 sit
1343 1591 1609 1673 recipere
1666 1593 1729 1654 in
1772 1594 2365 1657 communicationem
2418 1615 2521 1659 re-
2600 1573 2612 1595 ’
2691 1555 2733 1599 ᾧ

56 1738 64 1777 ,
169 1689 404 1769 probos
445 1707 718 1771 quosque
759 1691 861 1772 qui
904 1691 1157 1760 scribat.
1204 1692 1370 1765 Quae
1413 1692 1571 1755 enim
1616 1693 1872 1755 societas
1916 1692 2179 1756 iustitiae
2207 1704 2269 1758 et
2294 1696 2518 1777 iniqui-
2550 1691 2612 1787 v?
2624 1693 2766 1801 ffiqq

58 1840 63 1879 3
105 1785 111 1791 ’
171 1788 326 1852 tati?
369 1809 524 1871 quae
565 1799 762 1854 autem
804 1791 1259 1855 communicatio
1304 1792 1422 1854 luci
1465 1801 1526 1855 et
1568 1793 1880 1856 tenebris?
1935 1812 2089 1873 quae
2130 1798 2523 1861 consonantia
2600 1774 2613 1796 ⁹
2769 1778 2780 1788 ’

58 1944 63 1983 4
168 1890 413 1955 Christo
459 1902 522 1954 et
557 1892 787 1956 Belial?
831 1901 933 1956 aut
971 1911 1125 1973 quae
1167 1912 1305 1973 pars
1349 1893 1506 1955 fideli
1550 1912 1687 1956 cum
1728 1894 1997 1957 infideli?
2058 1903 2161 1957 aut
2202 1897 2337 1977 quis
2368 1917 2517 1960 con-

58 2056 61 2065 ,
163 2011 384 2056 sensus
433 1994 652 2074 templo
695 1994 828 2056 ‘dei
870 2003 931 2056 et
971 1992 1195 2057 idolis?
1257 1994 1471 2056 Nonne
1499 2003 1849 2058 constanter
1885 1995 2091 2058 audire
2133 1996 2401 2072 debebit,
2444 1999 2522 2061 Et

163 2094 475 2174 quomodo
519 2095 815 2157 discernis
870 2114 1022 2175 quae
1076 2112 1275 2188 supra,
1312 2095 1521 2157 incesti
1585 2095 1967 2158 restitutione
2024 2095 2316 2160 iunxisti?
2411 2099 2520 2161 Illo

161 2196 326 2258 enim
370 2203 810 2277 concorporato
853 2214 1065 2258 rursus
1111 2195 1397 2258 ecelesiae
1442 2204 1502 2258 et
1543 2196 1770 2259 iustitia
1811 2215 1946 2259 cum
1983 2197 2292 2277 iniquitate
2319 2201 2518 2263 socia-

159 2305 262 2360 tur
305 2305 368 2359 et
412 2297 694 2360 tenebrae
750 2315 886 2360 cum
940 2298 1072 2359 luce
1117 2296 1554 2359 communicant
1608 2305 1670 2359 et
1708 2296 1891 2360 Belial
1945 2307 2237 2360 consonat
2280 2298 2517 2362 Christo

158 2406 221 2459 et
277 2397 578 2459 '‘infidelis
631 2415 768 2461 cum
823 2397 982 2460 fideli
1034 2405 1400 2461 sacramenta
1453 2397 1785 2478 participat.
1890 2397 1968 2460 Et
2002 2385 2284 2460 'viderint
2338 2399 2515 2472 idola,

58 2488 59 2583 J
151 2497 294 2580 ipse
338 2497 552 2580 templi
595 2499 690 2562 dei
717 2500 989 2563 ‘’vitiator
1029 2500 1094 2561 iu
1136 2498 1422 2579 templum
1464 2499 1561 2560 dei
1603 2499 1895 2561 convenit.
1958 2497 2105 2560 Nam
2136 2507 2197 2561 et
2223 2500 2350 2573 bic,
2394 2500 2513 2564 Vos
2542 2496 2759 2608 &¹5²3ng

153 2600 352 2677 onim,
399 2601 630 2681 inquit,
677 2601 825 2663 estis
869 2600 1153 2684 templum
1198 2600 1295 2663 aei
1334 2600 1473 2663 vivi.
1541 2599 1697 2664 mcii
1740 2600 1932 2677 enim,
1979 2600 2132 2674 Quia
2174 2600 2515 2664 inhabitabo
2593 2579 2605 2600 '
2762 2582 2773 2593 ‘

148 2701 213 2764 in
257 2702 480 2777 vobis,
540 2710 598 2764 et
641 2701 1051 2776 inambulabo,
1110 2702 1234 2763 et⁹
1247 2721 1351 2765 ero
1395 2703 1542 2765 deus
1584 2702 1854 2776 illorum,
1920 2710 1982 2764 et
2023 2701 2105 2764 illi
2152 2711 2329 2765 erunt
2368 2703 2514 2765 mihi

143 2804 446 2884 populus.
531 2803 785 2883 Propter
826 2804 985 2882 quod
1027 2803 1315 2865 discedite
1370 2803 1444 2865 de
1497 2804 1699 2865 medio
1746 2821 1988 2876 eorum,
2054 2802 2411 2882 separamini
2455 2813 2516 2865 et

140 2903 536 2969 immundum
579 2924 658 2966 ne
699 2903 1033 2984 attigeritis.
1105 2904 1238 2966 Hoc
1277 2923 1513 2984 quoque
1557 2903 1812 2977 evolvis,
1857 2921 1894 2963 o
1936 2902 2239 2983 apostole,
2282 2911 2350 2965 ut
2376 2922 2512 2966 cum

140 3007 408 3070 maxime
463 3006 598 3087 ipse
653 3014 815 3071 tanto
872 3005 1376 3068 immunditiarum
1432 3004 1649 3085 gurgiti
1707 3004 1997 3065 ¹⁰manum
2053 3002 2270 3075 tradis,
2326 3004 2510 3065 immo

137 3116 202 3171 et
245 3108 460 3171 adhuc
503 3107 543 3139 ¹¹
558 3107 919 3188 superdicis,
962 3106 1264 3171 Habentes
1305 3106 1485 3185 igitur
1524 3104 1993 3185 promissionem
2038 3104 2245 3178 istam,
2300 3102 2671 3165 ¹²dile-11C0r·
2738 3107 2825 3161 ΠΙ,

138 3209 220 3272 cti
239 3257 256 3283 ,
306 3207 713 3273 emundemus
742 3226 858 3271 nos
887 3208 962 3270 ab
992 3209 1157 3270 omni
1185 3206 1628 3287 inquinamento
1660 3204 1856 3267 carnis
1891 3212 1951 3266 et
1980 3190 2229 3285 spiritu’s
2248 3251 2264 3278 ,
2310 3203 2508 3284 ¹³per-

134 3311 426 3374 ficientes
488 3309 898 3372 castimoniam
953 3309 1017 3370 in
1072 3309 1223 3370 ¹⁴dei
1277 3307 1512 3370 timore.
1623 3306 1748 3369 Oro
1803 3315 1897 3380 te,
1964 3307 2067 3384 qui
2123 3304 2259 3366 talia
2323 3304 2512 3384 infigit

133 3412 462 3474 mentibus
507 3411 733 3473 nostris
749 3457 766 3485 ‚
832 3418 1213 3473 revocaverat
1264 3408 1522 3487 aliquem
1577 3406 1997 3468 fornicatorem
2049 3405 2112 3467 in
2155 3404 2510 3469 ecclesiam?

133 3532 214 3575 an
261 3513 414 3576 ideo
463 3510 708 3585 scribit,
754 3530 830 3573 ne
871 3510 979 3573 tibi
1021 3527 1184 3573 nunc
1221 3524 1539 3571 revocasse
1580 3505 1893 3571 videatur?
1971 3507 2130 3570 Haec
2174 3507 2405 3570 “sicuti
2448 3515 2511 3570 et

123 3613 496 3697 praeteritis
531 3610 1055 3693 ¹⁰praescribere⁴‚
1098 3612 1180 3673 ita
1218 3618 1279 3673 et
1307 3609 1695 3690 sequentibus
1725 3607 2165 3691 praeiudicare·
2191 3607 2507 3671 debebunt.

124 3733 176 3785 3.
219 3733 552 3785 aversatione
586 3731 661 3791 Β.,
698 3731 828 3782 Fulv.
857 3731 1066 3791 Ursinus,
1104 3730 1195 3780 Ios.
1226 3731 1447 3793 Scaliger.
1532 3728 1863 3778 adversatione
1911 3728 2100 3793 reliqui.
2214 3727 2263 3777 4.
2300 3727 2506 3777 manife-

123 3802 313 3853 stando
355 3801 682 3851 damnaverat
713 3799 765 3848 A.
836 3798 1142 3847 manifestum
1178 3797 1592 3861 praedamnaverit
1626 3795 1854 3844 Latinius.
1969 3795 2017 3844 5.
2055 3795 2118 3843 sit
2151 3810 2239 3844 om.
2263 3795 2352 3844 AB.
2409 3795 2508 3844 Ha-

120 3874 235 3922 bent
277 3869 396 3931 GD.,
441 3881 509 3917 ιω
544 3866 662 3916 libro
692 3864 946 3915 amentis.
1047 3864 1094 3913 6.
1132 3864 1209 3914 dei
1245 3872 1295 3914 et
1331 3863 1417 3913 (ΞΒ.
1453 3864 1571 3914 liber
1609 3863 1865 3913 Clevnentis.
1942 3870 1989 3911 et
2020 3861 2108 3911 AB.
2212 3860 2262 3909 7.
2299 3860 2507 3910 infidelis

123 3939 218 3988 GD.
257 3938 394 3987 liber
434 3935 701 3985 Clementis.
770 3932 1028 3982 infidelitas
1060 3931 1149 3982 AB.
1253 3930 1300 3981 8.
1335 3929 1609 3980 vitiatur-A·
1713 3927 1761 3978 9.
1801 3943 1891 3991 ego
1924 3929 1982 3978 D.
2082 3927 2160 3977 10.
2200 3927 2377 3977 malum
2414 3928 2506 3979 La-

115 4006 293 4056 tinius.
417 4002 509 4052 11.
547 4014 694 4064 supra
731 4000 852 4049 dicis
886 4000 1015 4050 Fulv.
1052 3999 1257 4049 Ursinus.
1367 3996 1445 4046 12.
1485 3997 1645 4047 dilecti
1686 3996 1791 4058 011„
1844 4010 1903 4046 ez
1937 3997 2251 4046 emendatione
2283 3995 2505 4046 Han-ixii.

112 4071 438 4189 ξὲιίοιίΔΑΒ.
559 4065 639 4117 13.
671 4067 966 4132 perficientis
999 4068 1087 4118 AB.
1183 4066 1274 4139 14.
1321 4065 1432 4117 fidei
1465 4064 1555 4116 AB.
1674 4063 1751 4113 15.
1801 4063 1941 4114 sicuti
1974 4063 2027 4113 A.
2145 4061 2223 4111 16.
2258 4065 2507 4127 praescri-

184 4146 268 4191 ret
347 4172 366 4188 .

185 4241 241 4292 b.
301 4240 374 4290 de
434 4235 778 4287 exhortatione
832 4228 1285 4298 sanctimoniarum]
1384 4232 1529 4283 tionis
1564 4231 1835 4283 resciderit.
1913 4229 2043 4280 Intra
2079 4230 2207 4281 dicet
2253 4230 2502 4293 „redinte-

107 4308 200 4360 Sic
239 4308 316 4358 De
359 4306 510 4367 Fuga
546 4304 596 4352 iu
633 4303 876 4354 Persecat.
915 4302 1133 4366 cap.14.
1169 4302 1286 4351 dixit
1383 4302 1532 4363 gravit
1566 4304 1971 4364 concorporatum
2007 4312 2178 4348 rursus
2212 4298 2501 4350 eeclesiaef‘

106 4376 469 4439 „exhortator
508 4370 726 4420 omnium
755 4368 1156 4421 tolerantiarnm“
1189 4382 1282 4433 pro
1383 4367 1597 4430 (Rigalt.)

105 4412 471 4507 :Junci-tator
509 4436 574 4487 ad
609 4450 780 4488 omnes
814 4437 1132 4487 tolerantias.
1119 4435 1152 4461 ‘
1206 4435 1283 4486 Cf.
1451 4435 1498 4485 d.
1537 4428 1894 4498 praescribere]
1932 4432 2001 4481 De
2037 4432 2130 4483 boc
2164 4432 2308 4483 verbo
2344 4447 2385 4482 v.
2412 4431 2500 4481 ad-

105 4524 246 4577 quae
286 4510 550 4560 adnotata
584 4514 698 4556 aunt
730 4504 790 4555 ad
827 4505 929 4554 init.
966 4502 1282 4554 1111110181-
1384 4509 1484 4551 not.
1523 4501 1581 4550 ad
1616 4500 1819 4564 Apolog.
1857 4514 1963 4562 cap.
1983 4498 2033 4550 ’1.

102 4579 243 4632 bort.
289 4575 485 4629 Castit.
1451 4583 1498 4620 e.
1531 4564 1889 4633 praeiudicare]
1920 4567 2245 4617 Praeindieare
2280 4579 2387 4616 cum
2412 4565 2500 4616 da-

177 4662 226 4699 c.
269 4634 691 4705 dedamnaverit]
734 4639 1033 4690 Sententiam
1079 4636 1281 4688 damua-
1382 4638 1477 4688 tiro
1513 4644 1749 4688 structum
1784 4634 1925 4698 vulgo
1961 4640 2036 4685 eat
2085 4647 2178 4699 pro
2214 4647 2391 4685 nocere
2422 4633 2499 4684 vel
