3263 5311
1214 330 1289 375 os
1333 331 1746 399 motem-nu.
2569 319 2651 381 93

273 478 414 541 tria
463 487 582 541 est.
672 478 736 540 Si
778 477 1043 541 hominis
1096 497 1271 542 causa
1326 489 1452 556 est,
1522 480 1919 560 recogitemus
1971 494 2207 544 omnem
2248 478 2654 545 ‘idololatrian

280 583 352 642 in
409 580 679 642 hominis
724 599 963 641 causam
1008 582 1202 642 esseb.
1276 581 1691 660 Recogitemus
1736 600 1973 643 omnem
2001 581 2410 645 ‘idololatrian
2439 584 2501 644 in
2531 583 2649 644 bo-

278 682 503 743 mines
562 700 695 742 esse
748 681 1066 755 culturam,
1138 682 1307 742 'cum
1364 683 1531 762 ipsos
1588 683 1735 744 deos
1795 682 2103 743 nationum
2159 683 2432 745 homines
2483 691 2648 745 retro

278 783 497 844 fuisse
544 782 719 843 etiam
762 782 917 860 apud
966 799 1111 842 suos
1169 790 1421 844 constet.
1488 784 1712 863 ‘Itaque
1764 784 1911 844 nibil
1965 783 2242 857 interest,
2316 784 2649 863 superioris

280 902 371 944 an
425 883 608 943 huius
651 881 867 942 saeculi
919 882 1058 943 viris
1115 883 1462 963 superstitio
1519 883 1629 944 ista
1692 890 2048 962 praestetur.
2133 883 2470 944 Idololatria
2523 902 2648 945 non
2721 886 2744 907 ⁶

279 992 559 1062 propter
597 1001 910 1062 personas,
955 1002 1103 1062 quae
1145 983 1624 1063 'opponuntur⁴,
1670 984 1776 1045 sed
1817 966 2084 1064 propter'
2110 982 2297 1044 officia
2333 984 2444 1044 ista
2475 984 2645 1045 dam-

280 1092 443 1144 nata
500 1090 623 1155 est,
696 1086 846 1162 quae
903 1083 973 1143 ad
1027 1084 1380 1145 ’daemonas
1435 1084 1754 1164 pertinent.
1841 1083 2156 1145 Reddenda
2215 1091 2356 1143 sunt
2409 1084 2645 1145 Caesari

288 1201 458 1262 quae
503 1190 641 1243 sunt
683 1183 970 1245 Caesaris,
1054 1185 1215 1246 Bene
1259 1184 1451 1263 quod·
1507 1184 1816 1264 apposuit:
1870 1195 1930 1244 et
1972 1203 2121 1263 quae
2175 1191 2317 1245 sunt
2369 1184 2463 1246 dei
2509 1185 3046 1267 deo.¹¹·t11=-¹111.,„.,
3107 1222 3116 1263 ,ι

290 1283 476 1356 Quae
523 1301 660 1362 ergo
708 1292 848 1344 sunt
891 1283 1209 1346 Caesaris?
1279 1284 1512 1346 Scilicet
1554 1285 1627 1344 de
1672 1284 1888 1363 quibus
1931 1292 2072 1346 tunc
2111 1284 2463 1345 consultatio
2507 1258 2946 1369 mo-U‘Lssg'n’

288 1383 581 1458 rebatur,
647 1384 1115 1464 praestandusne
1180 1393 1341 1446 esset
1395 1404 1611 1446 census
1670 1385 1940 1459 Caesari,
1998 1404 2073 1446 an
2114 1403 2258 1446 non.
2346 1384 2539 1447 ¹⁰1deo
2585 1392 2646 1447 et

290 1493 607 1545 monetam
649 1485 883 1546 ostendi
928 1486 1040 1548 sibi
1084 1486 1360 1547 dominus
1402 1485 1737 1565 postulavit,
1783 1493 1842 1545 et
1883 1486 1957 1547 de
1999 1485 2282 1565 imagine,
2329 1485 2494 1547 cuius
2537 1505 2642 1547 es-

296 1592 429 1658 set,
477 1585 817 1664 requisivit,
864 1595 924 1648 et
966 1606 1100 1647 cum
1143 1586 1408 1648 audisset
1451 1586 1753 1659 CaesariS,
1811 1586 2092 1660 Reddite,
2158 1587 2257 1660 ait,
2307 1605 2456 1666 quae
2502 1594 2643 1649 sunt

297 1685 579 1746 Caesaris
624 1686 857 1747 Caesari
876 1684 913 1761 ,'
960 1696 1019 1748 et
1060 1706 1210 1766 quae
1254 1696 1395 1748 sunt
1436 1687 1530 1748 dei
1588 1686 1735 1758 deo,
1800 1686 1857 1746 id
1917 1695 2011 1747 est
2065 1686 2380 1765 imaginem
2423 1688 2640 1749 Caesa-

294 1786 383 1845 ris
427 1785 688 1860 Caesari,
733 1807 881 1866 quae
924 1789 985 1848 in
1028 1790 1066 1820 ¹¹
1083 1807 1265 1848 numo
1309 1796 1423 1860 est,
1468 1794 1528 1848 et
1568 1786 1881 1864 imaginem
1926 1787 2018 1848 dei
2064 1788 2200 1862 deo,
2245 1807 2393 1867 quae
2435 1788 2497 1849 in
2525 1788 2641 1848 bo-

298 1886 461 1946 mine
519 1896 643 1961 est,
702 1895 767 1948 ut
821 1888 1054 1949 Caesari
1110 1889 1347 1967 quidem
1403 1888 1712 1966 pecuniam
1771 1886 2017 1961 reddas,
2073 1888 2186 1949 deo
2241 1888 2639 1968 temetipsum.

296 1986 598 2065 Alioquin,
644 1987 783 2065 quid
829 1988 941 2049 erit
983 1989 1108 2062 dei,
1167 1990 1217 2050 si
1264 1990 1460 2051 omnia
1505 1986 1828 2049 Caesaris?
1913 1988 2104 2067 Ergo,
2159 1988 2389 2066 inquis,
2445 1990 2643 2050 bonor

299 2084 391 2146 dei
452 2096 545 2146 est
601 2087 875 2149 lucernae
926 2107 1036 2167 pro
1094 2090 1321 2150 loribus
1369 2098 1431 2150 et
1486 2089 1687 2150 laurus
1749 2089 1811 2150 in
1854 2087 2177 2167 postibus?
2263 2088 2395 2149 Non
2438 2089 2642 2168 utique

298 2186 460 2266 quod
488 2187 584 2247 dei
627 2189 825 2249 honor
868 2198 978 2263 est,
1027 2191 1133 2250 sed
1178 2190 1336 2269 quod
1381 2190 1528 2264 eius,
1574 2190 1675 2270 qui
1717 2207 1827 2268 pro
1873 2188 1986 2250 deo
2032 2189 2074 2222 ¹²
2089 2188 2381 2250 eiusmodi
2428 2189 2639 2251 officiis

194 2350 203 2355 ,
298 2286 657 2361 honoratur,
727 2298 1007 2368 quantum
1052 2290 1165 2351 ¹³in
1209 2291 1521 2351 manifesto
1567 2298 1691 2364 est,
1753 2289 1908 2350 salva
1967 2289 2310 2369 operatione
2353 2308 2504 2368 quae
2545 2298 2642 2352 est

299 2387 358 2446 in
402 2387 669 2461 occulto,
726 2391 798 2450 ad
852 2390 1162 2452 daemonia
1202 2393 1578 2470 perveniens.
1666 2390 1824 2452 Certi
1881 2390 2088 2451 ¹¹enim
2150 2408 2285 2451 esse
2329 2390 2637 2464 debemus,

300 2488 400 2547 “si
445 2507 601 2567 quos
643 2489 786 2550 latet
827 2508 934 2569 per
977 2492 1363 2569 ignorantiam
1407 2493 1769 2553 litteraturae
1798 2491 2135 2563 saecularis,
2181 2490 2354 2551 etiam
2388 2491 2637 2553 ¹⁰ostio-

300 2605 431 2648 rum
480 2589 632 2651 deos
678 2590 830 2669 apud
875 2591 1210 2666 Romanos,
1274 2591 1590 2654 Cardeam‘
1628 2612 1662 2652 a
1707 2591 2044 2652 cardinibus
2089 2591 2128 2623 ¹⁷
2144 2591 2521 2671 appellatam,
2580 2600 2641 2651 et

302 2687 659 2750 Forculum‘
711 2709 746 2752 a
788 2691 1053 2766 foribus,
1110 2701 1171 2754 et
1212 2693 1612 2754 Limentinum
1655 2713 1688 2753 a
1731 2693 1962 2765 limine,
2009 2700 2067 2752 et
2110 2691 2306 2770 ipsum
2348 2692 2555 2752 Ianum
2601 2710 2634 2752 a

303 2788 498 2851 ianua:
558 2800 621 2852 et
671 2791 877 2872 utique
931 2793 1177 2867 scimus,
1234 2794 1372 2855 licet
1431 2795 1671 2854 nomina
1723 2793 1918 2856 inania
1986 2800 2157 2869 atque
2202 2792 2450 2852 conficta
2493 2791 2633 2865 sint,

304 2907 428 2950 cum
470 2900 671 2952 tamen
716 2893 776 2952 in
819 2894 1301 2971 superstitionem
1344 2894 1747 2959 deducuntur,
1813 2909 2021 2968 rapere
2076 2890 2148 2950 ad
2207 2909 2273 2950 se
2329 2889 2636 2951 daemonia

307 2999 359 3049 et
408 3010 649 3053 omnem
707 2993 984 3072 spiritum
1036 2994 1403 3055 immundum
1460 3011 1571 3074 per
1624 2990 2090 3052 consecrationis
2156 2989 2633 3067 obligamentum.

305 3089 569 3170 Alioquin
615 3092 927 3155 daemonia
969 3095 1196 3156 nullum
1237 3094 1457 3156 babent
1498 3111 1719 3155 nomen
1762 3089 2173 3170 ¹⁸singillatim,
2231 3090 2335 3151 sed
2393 3089 2474 3151 ibi
2519 3109 2635 3151 no-

304 3207 429 3251 men
495 3192 823 3268 inveniunt,
888 3194 989 3255 ubi
1054 3203 1113 3256 et
1183 3195 1420 3275 pignus.
1506 3193 1699 3255 Etiam
1766 3191 1919 3272 apud
1987 3192 2245 3252 Graecos
2308 3190 2636 3270 Apollinem

306 3289 693 3374 ”Oveatmh
762 3301 825 3355 et
881 3295 1148 3356 Antelios
1218 3294 1563 3358 daemonas‘*
1631 3293 1920 3355 ostiorum
1990 3290 2294 3371 praesides
2366 3290 2636 3370 legimus,

306 3458 349 3507 ⁵.
380 3460 690 3512 idololatrian
725 3464 777 3513 A.
826 3464 1181 3514 ·idololotriam
1213 3468 1397 3531 reliqui.
1536 3464 1587 3515 6.
1622 3463 1928 3514 idololatrian
1963 3462 2014 3511 A.
2065 3460 2418 3512 .idololatriam
2452 3461 2638 3523 reliqui.

306 3525 350 3575 Ἰ.
383 3543 489 3578 cum
526 3539 575 3578 et
613 3531 747 3594 ipsos
782 3532 864 3581 Ab.
970 3531 1018 3582 8.
1056 3543 1366 3598 opponuntur
1400 3532 1549 3583 ABca.
1620 3539 1929 3595 apponuntur
1964 3532 2007 3578 b.
2023 3529 2248 3578 Latinius.
2352 3526 2402 3577 9.
2437 3526 2635 3576 daemo-

304 3605 384 3642 nas
414 3599 495 3645 Ab.
567 3597 833 3647 daemones
866 3600 1052 3663 reliqui.
1171 3601 1249 3650 10.
1285 3601 1399 3649 ideo
1436 3607 1677 3648 monetam
1714 3603 1764 3647 A.
1883 3596 1959 3644 11.
2000 3610 2146 3644 numo
2181 3593 2262 3662 Α..
2330 3608 2527 3642 nummo
2561 3609 2637 3643 re-

306 3660 426 3724 liqui.
568 3663 650 3713 12.
689 3666 924 3715 eiusmodi
958 3667 1111 3716 ABG«.
1180 3668 1453 3717 huiusmodi
1491 3669 1534 3715 b.
1673 3664 1751 3713 13.
1789 3665 1836 3714 in
1873 3663 2126 3714 manifesta
2162 3662 2253 3710 est*
2272 3661 2550 3723 operatione
2584 3661 2637 3710 A.

309 3726 378 3776 14.
414 3731 541 3779 enim
580 3748 668 3782 om.
703 3734 754 3781 A.
875 3732 951 3783 15.
989 3735 1031 3782 si
1069 3749 1163 3798 quo
1197 3737 1253 3786 A.
1374 3734 1451 3784 16.
1487 3733 1754 3791 hostiorum
1790 3730 1903 3794 Αφ.
2017 3729 2094 3777 17.
2132 3729 2360 3791 pellatam
2395 3728 2449 3776 A.
2491 3735 2498 3752 ¹
2558 3723 2637 3776 18.

306 3794 572 3857 singillatim
603 3801 687 3850 Ab.
757 3800 1032 3862 singulatim
1068 3803 1253 3866 reliqui.
1396 3801 1473 3850 19.
1500 3799 1741 3866 θυραῖον
1772 3799 1886 3848 Boo.
1959 3797 2226 3859 Thyraeum
2265 3797 2308 3844 b.
2379 3800 2564 3855 tyn-eum
2580 3795 2635 3845 A.

364 3928 410 3977 b.
456 3931 505 3980 in
556 3945 751 3981 causam
801 3928 933 3999 esse]
992 3934 1043 3984 V.
1089 3934 1199 3984 adn.
1247 3933 1305 3983 ad
1355 3933 1423 3982 De
1577 3934 1609 3981 f.
1661 3926 1920 3994 Cardeam]
1967 3930 2018 3979 V.
2067 3942 2190 3996 quae
2239 3927 2526 3976 adnotavere
2575 3926 2636 3976 ad

308 3992 420 4056 Paga
456 3999 504 4046 in
542 3999 789 4047 Persecut.
827 4015 930 4063 cap.
968 4000 1018 4049 7.
1507 4000 1754 4062 Scorpiac.
1803 4013 1909 4063 cap.
1961 3996 2040 4046 10.
2100 4003 2148 4046 et
2193 3994 2253 4043 ad
2298 3994 2366 4042 De
2416 3993 2635 4057 Spectas.

368 4077 404 4112 c.
437 4061 597 4129 retro]
634 4066 666 4114 i.
687 4081 729 4115 e.
768 4073 923 4118 antea.
957 4067 1008 4117 V.
1047 4082 1170 4130 quae
1206 4067 1425 4117 adnotavi
1509 4082 1613 4130 cap.
1656 4065 1732 4113 13.
2029 4080 2046 4092 ·
2259 4101 2266 4108 .

308 4127 361 4176 ad
393 4129 456 4179 De
491 4134 716 4195 spectac.
761 4147 865 4196 cap.
901 4132 950 4183 9.
1576 4151 1618 4194 g.
1657 4124 1940 4192 Forculum]
1978 4127 2205 4188 Rigaltins
2241 4126 2435 4176 adnotat
2470 4127 2520 4176 iu
2547 4139 2635 4175 an-

348 4195 411 4270 ·d.
455 4213 579 4261 quae
627 4196 967 4265 opponuntur}
1037 4202 1167 4258 Quae
1215 4201 1424 4249 idolola-
1510 4201 1654 4264 liquis
1703 4197 2057 4260 exemplaribus
2107 4194 2226 4264 legi:
2277 4195 2542 4244 Periculum
2590 4199 2638 4242 et

307 4265 413 4309 triae
446 4265 637 4314 colendi
675 4276 1002 4329 opponuntur.
1074 4269 1136 4316 La
1161 4269 1312 4317 Corda
1349 4269 1425 4316 in·
1509 4268 1793 4317 Foreculum.
1838 4266 2027 4312 imbuto.

306 4331 611 4390 terpretatur:
673 4347 801 4395 quae
860 4334 1165 4397 oppositione
1219 4336 1425 4399 quadam
1578 4335 1627 4383 b.
1676 4331 1945 4397 Apollinem
1986 4324 2249 4391 Θυραῖον]
2296 4324 2635 4384 Μουσικδει-

194 4447 199 4456 ,
306 4391 417 4443 inter
449 4413 503 4446 se
537 4399 788 4447 differunt.
1509 4408 1635 4450 turn.
1674 4400 1710 4458 l,
1746 4400 1796 4448 9.
1836 4397 2075 4457 „Ele-nim,
2111 4397 2235 4443 sicut
2262 4392 2477 4452 Nigidius
2513 4405 2636 4453 quo·

364 4474 403 4508 0·
448 4464 574 4514 Bene
625 4460 785 4530 quod]
819 4462 881 4529 tv.
932 4482 1052 4531 quae
1098 4469 1315 4519 adnotavi
1363 4469 1423 4518 od
1508 4483 1601 4532 que
1638 4469 1803 4517 refert.
1845 4465 1970 4527 apud
2009 4465 2218 4513 Graecos
2251 4459 2424 4521 Apollo
2463 4458 2638 4506 colitur

305 4539 397 4591 ⁶³1²·
433 4530 479 4580 ⁵·
1509 4537 1591 4597 qui
1629 4531 1867 4598 Θυραῖος
1899 4538 2114 4589 vocatur,
2146 4529 2346 4589 eiusque
2381 4537 2491 4572 aras
2527 4531 2637 4574 ante
