3263 5311
602 360 728 421 472
1120 372 1320 422 orari
1367 370 1628 414 serum
1673 370 2003 413 rnosexvns
2048 369 2441 413 τειτσιιωη

590 521 1159 604 ‘pt-enuntiationis,
1202 521 1305 583 ⁷ut
1346 521 1516 583 camb
1560 520 1635 581 ad
1674 519 2074 583 velamentum
2112 518 2445 583 timiditatis
2472 534 2623 580 suae
2648 515 2949 591 'uantum

289 638 575 691 uanuxas.
595 642 730 687 eum
775 633 834 685 et
874 641 1166 704 personas
1211 640 1352 683 suas
1395 620 1670 682 habuerit
1724 628 1785 680 et
1840 629 2111 699 tempora
2152 630 2215 681 et
2254 636 2489 681 causas.
2574 617 2757 681 ⁹Cum
2800 636 2945 679 coe-

593 726 823 806 perint,
875 723 1094 803 inquit,
1147 721 1431 802 persequi
1474 740 1616 795 vos,
1680 721 1867 799 sugite
1909 720 1985 781 de
2026 719 2259 782 civitate
2314 719 2377 781 in
2416 720 2731 781 civitatem.
2816 718 2953 780 Hoc

595 828 658 888 in
687 825 1038 906 ¹⁰personas
1077 822 1321 902 proprie
1363 821 1776 903 apostolorum
1819 830 1882 882 et
1920 821 1985 882 in
2025 829 2292 901 tempora
2322 829 2383 882 et
2406 821 2471 882 in
2498 838 2713 883 causas
2736 838 2953 882 eorum

593 927 891 1007 pertinere
934 923 1341 996 defendimus,
1387 923 1425 997 ¹}
1443 923 1598 984 sicut
1642 922 2076 1002 subsequentes
2117 933 2373 984 sensus·
2411 920 2781 1001 probabunt,
2820 922 2951 1000 -qui

285 1041 714 1095 uanh.x‚5‚e.non
757 1026 877 1088 nisi
921 1026 985 1087 in
1026 1024 1338 1104 apostolos
1380 1030 1752 1102 competunt:
1818 1022 1886 1083 In
1938 1022 2092 1085 viam
2147 1024 2455 1109 nationum
2519 1040 2597 1084 ne
2648 1020 2845 1083 ieritis
2888 1030 2953 1083 et

592 1130 655 1192 in
696 1129 989 1191 civitatem
1017 1125 1520 1187 Samaritanorum
1566 1142 1645 1184 ne
1687 1123 2057 1197 introieritis,
2104 1108 2145 1156 ἶ*
2159 1124 2268 1185 sed
2310 1123 2392 1185 ite
2432 1122 2634 1202 potius
2678 1122 2753 1183 ad
2799 1140 2951 1183 oves

590 1229 854 1309 perditas
899 1228 1114 1288 domus
1157 1225 1421 1286 Israelis.
1509 1224 1699 1285 Nobis
1756 1233 1954 1287 autem
2009 1234 2071 1287 et
2124 1224 2215 1285 via
2270 1224 2578 1286 nationum
2620 1231 2818 1302 patet,
2886 1224 2955 1284 in

593 1349 707 1410 qua
751 1337 813 1391 et
854 1328 1077 1390 inventi
1118 1345 1332 1388 sumus
1378 1335 1441 1387 et
1479 1343 1672 1405 usque
1714 1325 1776 1386 in
1820 1326 2000 1386 finem
2042 1325 2404 1397 incedimus,
2452 1332 2514 1386 et
2554 1324 2711 1387 nulla
2738 1322 2949 1385 civitas

593 1437 836 1510 excepta
891 1437 1016 1500 est,
1078 1426 1293 1506 ''quo‘¹
1338 1445 1447 1506 per
1488 1435 1679 1488 totum
1723 1426 1933 1487 orbem
1988 1426 2432 1505 praedicamus,
2501 1425 2613 1488 sed
2653 1442 2767 1486 nec
2806 1443 2957 1485 cura

593 1531 772 1592 uobis
802 1529 1045 1591 israelis
1088 1528 1349 1590 iniuncta
1394 1536 1485 1588 est
1529 1534 1695 1589 extra
1738 1526 2065 1599 ordinem·,
2109 1526 2373 1605 nisique
2402 1535 2463 1587 et
2490 1525 2767 1587 omnibus
2796 1543 2955 1605 gen-
3006 1562 3025 1603 .·

601 1630 764 1692 tibus
806 1629 1150 1709 praedicare
1192 1627 1501 1690 debemus.
1587 1623 1783 1690 Etiam
1826 1627 1880 1689 si
1920 1626 2463 1708 apprehendamur,
2524 1645 2649 1689 non
2690 1627 2757 1688 in
2797 1645 2957 1688 con-

596 1731 727 1793 cilia
771 1749 979 1793 eorum
1021 1730 1418 1809 perducemur
1459 1749 1572 1792 nec
1614 1730 1677 1790 in
1708 1728 2024 1808 synagogis
2052 1728 2293 1789 illorum
2321 1724 2797 1806 flagellabimur¹,
2842 1728 2957 1789 sed

595 1831 881 1893 Romanis
925 1830 1130 1908 utique
1170 1827 1566 1913 potestatibus
1612 1835 1673 1889 et
1715 1827 2109 1891 tribunalibus
2154 1828 2500 1890 obim‘emur.
2589 1828 2955 1911 “Sieigitur

597 1940 657 1993 et
699 1934 869 2011 fugae
910 1939 1290 2012 praeceptum
1346 1928 1759 2008 apostolorum
1815 1929 2086 1991 condicio
2142 1928 2548 2002 desiderabat,
2615 1928 2957 2008 ¹³quoniam

593 2031 787 2117 primo
828 2031 1288 2112 praedicandum
1334 2037 1463 2091 erat
1504 2029 1578 2091 ad
1622 2047 1764 2090 oves
1808 2029 2073 2109 perditas
2118 2029 2333 2091 domus
2361 2029 2625 2090 israelis.
2698 2030 2778 2091 Ut
2806 2049 2952 2108 ergo

595 2132 1038 2212 ¹⁰perficeremr
1079 2131 1438 2211 praedicatio
1483 2131 1640 2210 apud
1676 2148 1830 2209 quos
1862 2128 2151 2210 ¹‘'priores
2195 2148 2325 2192 eam
2367 2130 2573 2210 perfici
2616 2130 2953 2210 oportebat,

598 2235 680 2294 uti
725 2252 941 2314 panem
985 2241 1120 2293 ante
1165 2233 1271 2294 filii
1314 2251 1491 2311 quam
1534 2249 1711 2292 canes
1754 2241 2091 2306 sumerent,
2134 2230 2271 2292 ideo
2317 2231 2431 2309 iuis
2474 2233 2679 2310 fugere
2706 2239 2851 2294 tuuc
2877 2231 2957 2292 ad

597 2344 830 2414 tempus
891 2333 1274 2414 ¹''praecepit,
1343 2351 1466 2393 non
1518 2339 1768 2411 propter
1812 2330 2221 2393 ”eludendum
2274 2331 2607 2410 periculum
2644 2330 2950 2411 ²''proprio

594 2433 837 2495 nomine
898 2433 1336 2514 persecutionis
1391 2433 1454 2505 (²¹
1471 2432 1677 2511 atquin
1717 2432 2168 2512 persecutiones
2225 2450 2331 2493 eos
2376 2450 2669 2511 passuros
2712 2431 2953 2512 ¹'prae-

581 2520 828 2596 'dicabat
870 2543 930 2596 et
971 2534 1305 2596 tolerandas
1348 2533 1644 2610 docebat),
1692 2532 1799 2593 sed
1827 2542 2076 2612 propter
2103 2535 2432 2612 profectum
2461 2532 2953 2605 annuntiationis,

596 2654 672 2698 ne
713 2634 1003 2698 2³statim⁸
1047 2633 1356 2714 oppressis
1404 2632 1688 2712 evangelii
1745 2651 1984 2713 quoque
2024 2632 2433 2696 disseminatio
2478 2632 2950 2714 ²'perimet-etur.

594 2790 642 2839 6.
679 2788 1136 2854 pronumptiationis
1172 2788 1224 2837 A.
1341 2787 1389 2835 7.
1440 2793 1491 2835 ut
1526 2799 1631 2835 eam
1668 2785 1879 2837 Arma.
1961 2795 2013 2836 ut
2046 2800 2105 2835 ea
2138 2787 2175 2837 A
2198 2759 2276 2844 (nt.
2300 2785 2413 2844 see.)
2438 2801 2479 2847 e,
2520 2793 2564 2837 et
2602 2786 2809 2836 Orsines.
2896 2785 2951 2836 8.

595 2862 758 2905 utatur
793 2857 842 2905 Β.
936 2855 983 2905 9.
1022 2855 1143 2904 Cum
1180 2855 1432 2918 coeperint
1469 2877 1532 2887 —
1569 2878 1635 2889 —
1671 2879 1739 2888 —
1774 2861 1993 2917 tempora
2031 2861 2079 2903 et
2114 2867 2285 2904 causas
2324 2869 2413 2903 om.
2450 2854 2502 2903 B.
2595 2853 2674 2903 10.
2708 2865 2954 2916 personas

595 2939 634 2973 e.
664 2924 1071 2984 Ursinusdunim.
1139 2936 1349 2986 persona
1382 2923 1554 2972 Aabcd.
1662 2920 1741 2970 11.
1777 2921 1903 2971 sicut
1937 2921 2290 2985 subsequentes
2325 2935 2503 2970 seusus
2536 2921 2815 2986 probabunt
2848 2923 2956 2971 aee.

592 2990 719 3041 sicut
752 2989 1106 3054 subsequentes
1141 2989 1417 3052 probabunt
1449 2989 1538 3038 AB.
1618 2988 1748 3038 sicut
1778 2989 2122 3052 subsequentia
2160 2987 2431 3052 probabunt
2466 2990 2518 3038 A.
2552 3004 2614 3038 aa.
2648 3003 2740 3039 see.
2825 2988 2956 3039 sicut

592 3057 941 3136 praecedentes
962 3064 1010 3107 et
1030 3056 1382 3133 subsequentes
1402 3069 1579 3106 sensus
1615 3055 1893 3118 probabunt
1927 3057 2016 3116 de„
2052 3062 2237 3135 praeter
2269 3058 2757 3133 omnem-scriptorum
2791 3062 2951 3106 necco-

593 3131 796 3241 {wa
831 3123 1069 3253 13...⁸⁴.³{¹
1093 3138 1197 3239 5¹:3⁰
1230 3121 2245 3252 ‘’etati-²..¹3...‘¹⁰⁸f.⁹;{.5·&5¹23ss
2281 3137 2559 3251 ..mmm
2582 3123 2955 3254 ’ἑῗᾞὲῗξζ

597 3259 677 3307 15.
714 3271 856 3335 quam
894 3258 1052 3330 primo
1087 3257 1174 3305 AB.
1238 3324 1249 3335 .
1297 3257 1375 3306 16.
1413 3258 1729 3334 perficeretur
1763 3272 1802 3306 e.
1838 3257 2066 3335 Latinius,
2106 3258 2315 3306 Ursinus.
2382 3258 2733 3334 perciperetur
2765 3257 2957 3321 reliqui.

595 3324 1747 3455 313..⁹23523.?²‘21÷¹323‘313.⁸⁸2.⁶⁶⁶·20¹3¹¹33⁸
1767 3325 1962 3440 3333:
1986 3322 2377 3442 ‘misma‘
2380 3338 2427 3441 ¹1¹3
2431 3322 2959 3455 '‘.f,.÷.¹?.·..2¹5.‘¹‘¹22

596 3457 824 3520 quoniam
860 3457 913 3506 B.
984 3464 1031 3506 at
1066 3457 1293 3520 quoniam
1331 3458 1381 3507 A.
1470 3464 1518 3506 at
1552 3459 1633 3521 qni
1670 3458 1720 3507 A.
1756 3474 1816 3508 m.
1853 3473 1944 3509 sec.
2049 3455 2130 3507 22.
2167 3457 2476 3522 praedicebat
2509 3460 2560 3508 A.
2595 3474 2655 3508 m.
2689 3473 2782 3508 sec.
2872 3457 2956 3508 23.

594 3524 754 3573 statim
792 3524 920 3574 bede.
958 3524 1216 3574 Rhenunm.
1285 3531 1414 3573 statu
1451 3525 1637 3588 reliqui,
1671 3527 1810 3589 prob.
1846 3527 1995 3576 Iunio.
2099 3525 2182 3575 24.
2218 3534 2560 3590 perveneretur
2593 3527 2641 3576 A.
2679 3541 2740 3575 m.
2772 3541 2875 3603 pr..

661 3623 711 3672 b.
749 3629 804 3673 ut
846 3617 980 3688 eam]
1038 3621 1109 3672 lta
1156 3623 1343 3673 restitui
1397 3637 1487 3686 pro
1538 3631 1590 3673 ue
1649 3640 1720 3686 ea,
1826 3623 2128 3676 Matthaeum.
2197 3624 2378 3675 Sanum
2428 3627 2573 3687 igitur
2626 3625 2954 3691 interpolave-

598 3690 728 3755 quod
776 3696 973 3754 praeter
1007 3688 1245 3739 librorum
1281 3690 1616 3740 anctoritatem
1652 3693 1722 3740 ir-
1825 3700 1939 3743 runt
1984 3693 2148 3743 locum
2195 3692 2277 3757 qni
2319 3691 2645 3757 praecedentes
2679 3700 2722 3744 et
2757 3694 2957 3746 adiece-

594 3757 765 3822 repsit.
824 3757 899 3808 Cf.
946 3756 1015 3806 De
1063 3757 1261 3808 Testim.
1311 3758 1509 3808 Animae
1545 3772 1651 3822 cap.
1688 3759 1723 3809 4
1825 3767 1956 3809 runt.

597 3833 683 3885 „et
717 3832 972 3889 tantopere
1008 3839 1304 3890 praeparare
1339 3841 1458 3890 quoe
1491 3825 1557 3876 sit
1575 3842 1724 3876 usuro
1891 3828 1939 3877 d.
1976 3823 2098 3890 qno]
2136 3825 2453 3890 Temptarunt
2486 3842 2577 3895 prp
2597 3844 2686 3894 quo
2709 3841 2957 3891 reponere

593 3901 708 3955 post
760 3889 1038 3944 obitum?“
1126 3892 1194 3942 De
1249 3891 1439 3942 Corona
1493 3908 1596 3957 cap.
1656 3893 1719 3943 10
1824 3909 1919 3958 qua
1970 3902 2019 3943 et
2063 3895 2299 3958 quoniam.
2368 3893 2465 3944 Sed
2512 3904 2644 3946 recte
2692 3896 2957 3946 Rhenanus

594 3959 773 4018 „Quod
818 3961 860 4010 si
909 3959 1032 4012 tales
1067 3959 1214 4010 edicit
1247 3960 1436 4010 futuros
1471 3960 1554 4024 qui
1590 3960 1723 4010 idola
1824 3960 1943 4010 olim
1978 3961 2269 4012 iudicaverat
2302 3977 2392 4026 quo
2430 3961 2510 4011 hic
2544 3977 2652 4013 esse
2678 3977 2768 4028 pro
2786 3978 2959 4027 quare,

595 4026 920 4085 fabricantur,
968 4026 1092 4078 tates
1145 4027 1239 4076 iam
1275 4035 1391 4077 sunt
1424 4026 1507 4091 qui
1541 4041 1722 4077 secun·
1822 4027 1905 4091 qui
1953 4042 2071 4078 usus
2105 4029 2427 4093 scriptoribus
2462 4029 2535 4079 vel
2571 4030 2784 4094 optimae
2818 4038 2957 4081 aeta·

587 4092 708 4146 ,dum
759 4092 1006 4143 idolorum
1056 4101 1282 4144 ornatum
1317 4096 1432 4159 quid
1466 4091 1721 4145 utuntur.“
1823 4096 1886 4145 tis
1921 4095 2111 4146 alienus
2149 4110 2244 4146 uon
2282 4103 2371 4147 est.

591 4158 662 4236 120
698 4159 788 4208 hac
814 4166 1068 4236 ‘structura‘
1098 4161 1228 4211 verbi
1263 4163 1334 4211 eti
1369 4175 1477 4212 cum
1514 4176 1719 4212 accusa-
1889 4176 1934 4212 e.
1973 4170 2103 4213 extra
2139 4158 2389 4229 ordinem]
2426 4164 2475 4215 h.
2495 4179 2539 4214 e.
2558 4165 2841 4230 praecipua,
2867 4178 2953 4214 ex-

589 4232 686 4275 tivo
735 4240 774 4274 v.
811 4233 1101 4304 interpretes
1147 4228 1209 4278 ad
1244 4227 1436 4306 Lucret.
1471 4228 1532 4290 V,
1572 4227 1721 4280 1033.
1826 4228 2164 4308 traordinaria.
2411 4298 2422 4310 ⁶
2501 4299 2510 4309 ⁶

590 4291 668 4419 ³¹1¹:
689 4290 876 4423 ΡῙΙὲῗὲ.5
911 4293 1135 4426 {lg-«idm.
1171 4295 1327 4347 lustit.
1364 4296 1579 4347 Gramm.
1614 4295 1718 4346 Lat.
1822 4363 1871 4414 bi
1883 4297 2452 4431 ssupfcugzffisyizgcltgrs
2498 4297 2695 4351 illorum
2731 4299 2953 4363 flagella-

658 4441 700 4476 c.
737 4428 863 4478 sicut
894 4429 1249 4494 subsequentes
1278 4424 1478 4495 sensus]
1515 4429 1717 4481 Intelle·
1887 4445 1936 4493 g.
1970 4429 2158 4497 statim]
2194 4432 2499 4484 Censnerunt
2520 4434 2715 4499 quidam
2730 4435 2951 4484 retinen-

589 4493 731 4551 ssendi
767 4502 880 4545 sunt
913 4495 1104 4546 scilieet
1137 4499 1219 4560 qui
1255 4497 1479 4561 protinus
1514 4499 1576 4548 ab
1605 4500 1715 4562 ipso
1822 4499 1936 4548 dum
1973 4506 2098 4550 statu
2132 4514 2222 4564 pro
2260 4503 2417 4552 statim
2444 4501 2817 4566 interpretantes
2838 4515 2950 4552 cum

589 4558 886 4632 Tertulliano
924 4564 1283 4629 exprimuntur,
1333 4579 1433 4614 non
1469 4566 1550 4630 qui
1586 4565 1717 4631 apud
1817 4565 2077 4619 Rhenano:
2128 4568 2190 4619 ob
2238 4576 2418 4620 statum
2452 4568 2504 4624 h.
2542 4584 2586 4621 e.
2620 4570 2664 4620 si
2697 4568 2950 4640 pefstitis-
