3263 5311
2358 445 2485 539 809
2542 431 2549 440 ’

1090 490 1166 531 ΒΕ
1211 487 1524 533 Pumct‘ru.

209 638 336 701 enim
367 637 427 699 ad
461 635 1044 700 ”Andromachamm
1107 638 1209 701 Sic
1258 646 1321 701 et
1361 637 1681 701 haereticis
1726 638 1966 702 easdem
2008 640 2319 720 parabolas
2362 661 2481 722 quo

206 738 369 801 volunt
401 737 737 812 ¹'tribunum
805 756 930 800 non
986 758 1105 820 quo
1160 739 1381 802 dehent
1433 740 1744 820 aptissime
1807 739 2123 803 excludunt
2137 755 2174 803 ².
2264 721 2484 816 'Quare

204 838 499 921 aptissime?
583 838 936 913 ”Quoniam
980 860 1015 902 a
1057 840 1387 921 primordio
1433 841 1762 904 secundum
1822 841 2170 904 occasiones
2226 843 2485 924 parabo-

199 942 354 1003 larum
398 941 544 1022 ipsas
600 941 877 1003 materias
942 941 1356 1004 confinxerunt
1420 943 1843 1005 doctrinarum.
1952 941 2214 1005 ²‘Vacuit
2263 944 2490 1008 scilicet

196 1042 293 1105 illis
332 1042 515 1104 solutis
562 1059 594 1102 a
638 1043 838 1121 regula
881 1043 1144 1105 veritatis
1190 1062 1260 1105 ea
1303 1044 1661 1125 conquirere
1702 1052 1879 1125 atque
1923 1063 2285 1126 componere
2327 1064 2485 1126 quo-

196 1161 310 1206 rum
346 1143 638 1223 parabolae
680 1143 971 1206 videntur.

333 1243 437 1304 Nos
477 1252 670 1305 autem
717 1244 851 1324 quia
895 1263 1020 1307 non
1064 1263 1135 1307 ex
1177 1245 1478 1326 parabolis
1517 1246 1797 1310 materias
1829 1256 2328 1322 commentamur,
2376 1249 2485 1312 sed
2517 1271 2714 1329 capax.

186 1364 248 1408 ex
284 1345 513 1407 materiis
557 1344 870 1425 parabolas
915 1347 1406 1428 interpretamur,
1454 1366 1565 1409 nec
1605 1347 1773 1410 valde
1815 1347 2155 1410 laboramus
2193 1349 2391 1411 omnia
2422 1348 2486 1413 in

186 1446 516 1526 expositione
569 1454 883 1526 torquere,
959 1447 1102 1510 dum
1160 1449 1455 1511 contraria
1511 1466 1779 1529 quaeque
1844 1467 2172 1511 caveamuS.
2284 1450 2485 1524 Quare
2507 1451 2774 1560 sssssglggffiq

177 1554 386 1610 centum
425 1546 608 1609 oves?
665 1555 727 1609 et
768 1547 910 1628 quid
955 1548 1157 1629 utique
1202 1549 1405 1611 decem
1448 1548 1813 1612 drachmae?
1868 1559 1929 1613 et
1970 1569 2119 1631 quae
2163 1550 2295 1613 illae
2338 1569 2481 1613 sco·
2777 1538 2789 1550 ’

169 1647 315 1729 pse?
377 1648 625 1711 Necesse
672 1649 861 1722 ²erat,
915 1659 988 1711 ut
1030 1649 1132 1729 qui
1176 1649 1352 1714 unius
1396 1651 1729 1733 peccatoris
1785 1651 2037 1713 salutem
2081 1651 2482 1731 gratissimam

170 1748 306 1811 'deo
344 1749 560 1812 volebat
603 1750 963 1829 exprimere,
1030 1750 1284 1830 aliquam
1326 1752 1558 1814 numeri
1602 1752 1986 1832 quantitatem
2031 1754 2367 1815 nominaret
2408 1755 2482 1817 de

79 1915 86 1930 .
168 1867 279 1930 quo
320 1867 487 1912 unum
542 1851 779 1931 quidem
835 1851 1072 1932 perisse
1114 1851 1548 1927 ’desen-ibera,
1606 1871 1859 1915 necesse
1905 1861 2060 1927 erat,
2134 1862 2201 1916 ut
2243 1854 2479 1917 habitus

163 1951 494 2031 requirentis
539 1951 876 2014 drachmam
921 1952 984 2013 in
1027 1952 1207 2014 domo
1265 1959 1384 2013 tam
1440 1971 1756 2033 scoparum
1810 1972 1984 2034 quam
2039 1953 2316 2017 lucernae
2371 1954 2480 2017 ad-

155 2051 421 2114 miniculo
449 2052 1021 2115 adcommodaretur.
1088 2053 1439 2116 Huiusmodi
1486 2054 1646 2116 enim
1689 2055 2068 2117 curiositates
2112 2063 2171 2117 et
2204 2064 2484 2136 suspecta

149 2153 361 2215 faciunt
400 2154 681 2234 quaedam
737 2163 798 2215 et
839 2162 1175 2216 coactarum
1219 2154 1693 2235 expositionum‘·
1759 2155 2079 2217 subtilitate
2133 2155 2483 2236 plerumque

148 2253 437 2316 deducunt
476 2273 509 2315 a
537 2255 801 2317 veritate.
869 2254 1022 2316 Sunt
1063 2264 1258 2317 autem
1303 2273 1454 2335 quae
1498 2263 1558 2317 et
1600 2255 1947 2336 simpliciter
1970 2245 2183 2337 ‘posita
2228 2264 2369 2318 sunt
2406 2257 2483 2319 ad

141 2355 481 2417 struendam
525 2364 585 2416 et
625 2354 1058 2436 disponendam
1103 2363 1163 2418 et
1206 2355 1518 2419 texendam
1557 2355 1930 2438 parabolam,
1979 2364 2046 2418 ut
2083 2357 2223 2419 illuc
2252 2356 2479 2437 perdu-

141 2463 351 2518 cantur
392 2456 484 2517 cui
527 2457 859 2539 exemplum
900 2464 1279 2537 procuratur.
1355 2456 1430 2519 Et
1472 2456 1590 2519 duo
1634 2456 1840 2536 utique
1883 2457 1986 2519 filii
2031 2457 2169 2519 illuc
2210 2457 2478 2539 ⁴specta-

132 2557 286 2618 hunt
331 2575 451 2637 quo
508 2567 566 2619 et
608 2558 885 2620 drachma
940 2564 1001 2620 et
1054 2558 1204 2619 oviS.
1313 2557 1545 2631 Quibus
1600 2557 1761 2619 enim
1815 2557 2162 2631 cohaerent,
2231 2559 2479 2621 eandem

123 2657 352 2721 habent
393 2677 664 2735 causam,
710 2659 1076 2739 eandemque
1120 2658 1322 2738 utique
1350 2660 1825 2722 mussitationem
1860 2660 2310 2741 pharisaeorum
2342 2677 2482 2740 erga

116 2810 208 2862 22.
247 2812 647 2863 andromachiam
667 2814 718 2862 A.
805 2812 885 2862 23.
925 2812 1118 2862 trahunt
1152 2814 1379 2864 Latinius.
1449 2814 1641 2864 trudunt
1665 2813 1997 2877 Ios.Scaliqer.
2081 2812 2162 2862 24.
2200 2826 2407 2877 quonam
2429 2813 2476 2862 A.

113 2879 205 2929 25.
244 2879 436 2929 Vacuit
472 2881 545 2942 D„
584 2881 715 2930 Fulv.
737 2881 947 2931 Ursinus.

260 2947 383 3012 Cap.
420 2948 500 2997 lx.
600 2949 643 2998 1.
682 2956 802 3008 erat,
839 2956 891 2998 ut
931 2964 1032 3012 eqo.
1119 2957 1223 2999 erat
1255 2947 1382 2998 BGD.
1454 2956 1588 2997 erant
1622 2949 1673 2998 A.
1778 2945 1824 2996 2.
1863 2961 1889 2997 a
1926 2946 2016 2996 deo
2051 2947 2101 2997 A.
2207 2946 2253 2997 3.
2292 2947 2478 2998 descri-

104 3015 238 3065 bere
269 3016 321 3064 A.
444 3015 494 3064 4.
533 3015 850 3082 expectabunt
884 3018 1013 3080 quod
1041 3017 1093 3066 A.

178 3163 230 3211 p.
272 3148 374 3198 Sed
413 3149 587 3200 viderit
621 3151 863 3212 ingenium
921 3150 1253 3201 extraordina-
1354 3148 1508 3205 σθαι,
1559 3141 1924 3216 ἐξορχεῖσθαι,
1977 3148 2047 3198 vel
2099 3148 2159 3197 ad
2208 3141 2269 3195 τὸ
2309 3138 2479 3214 ἄπορ-

91 3217 255 3267 rium.
349 3217 489 3267 Nihil
539 3219 666 3268 enim
716 3219 774 3268 ad
828 3212 1252 3283 Andromacham]
1345 3217 1610 3283 χεῖσθαι),
1653 3218 1740 3277 illi,
1778 3218 2002 3266 haeretici
2039 3216 2240 3276 scilicet,
2277 3217 2471 3266 easdem

89 3284 371 3345 Ingenium
412 3285 580 3335 dicere
615 3294 742 3335 amat
777 3300 866 3350 pro
894 3287 1130 3335 machina.
1179 3282 1252 3348 [V.

86 3366 230 3415 quae
291 3353 529 3402 adnotavi
580 3352 637 3402 ad
688 3352 756 3402 De
804 3352 996 3403 Corona
1045 3367 1149 3416 cap.
1176 3347 1252 3417 8.]

81 3419 188 3468 Hic
226 3433 354 3469 vero
395 3420 833 3470 extraordinarium
886 3420 1131 3470 histrionis
1178 3420 1253 3468 in-

78 3486 301 3548 genium
344 3488 475 3536 dicit
496 3488 625 3552 quod
656 3489 852 3537 minime
872 3488 1089 3537 convenit
1113 3487 1254 3537 Chri-

78 3555 283 3614 stiano,
352 3555 498 3618 quod
547 3562 622 3605 est
666 3563 796 3604 extra
846 3555 1064 3605 ordinem
1115 3555 1257 3605 Chri-

78 3624 292 3670 stianae
370 3622 684 3686 disciplinae.
796 3622 1008 3686 ldeoqne
1076 3621 1255 3682 adiicit,

78 3688 228 3739 Nihil
281 3692 425 3739 enim
477 3692 541 3740 ud
584 3691 962 3751 Andromacham,
1023 3691 1116 3739 hoc
1163 3699 1253 3751 est,

78 3755 218 3804 vibit
263 3758 333 3807 sd
379 3757 658 3816 Christum,
708 3757 834 3808 Nihil
890 3757 948 3807 ad
998 3757 1254 3807 ecclesiam

78 3824 469 3874 :hristianauu
506 3824 721 3888 (Rigalt.)
789 3825 1028 3876 Adludere
1075 3824 1258 3874 videtur

78 3892 129 3939 td
180 3893 388 3941 veteris
432 3892 645 3942 alieuius
697 3893 865 3954 tragici
915 3892 1126 3943 fabulam
1165 3906 1255 3941 no-

78 3960 214 4007 nine
271 3961 674 4009 Andromachae
725 3960 1019 4023 inscriptam.
1093 3960 1149 4008 Et
1201 3974 1257 4009 ex

78 4026 422 4076 'er-tulliano
469 4028 702 4090 colligere
738 4036 811 4077 est
847 4028 963 4078 nihil
1003 4028 1133 4077 aliud
1167 4028 1256 4076 ist-

79 4095 849 4212 r?.;²..¹’2‘:.⁹²2¹31-2.;³⁸”}2¹535¹
888 4096 1255 4215 .‘{=⁰³3⁰..¹.‘t⁵.⁰3‚²

78 4219 274 4276 »hebr
300 4224 476 4293 πρὸς
499 4199 646 4285 ἔποςζ
677 4221 1124 4297 lineos-deducent,
1165 4229 1259 4278 boc

78 4304 130 4344 st
200 4296 398 4346 aliena
470 4314 498 4347 a
557 4312 626 4347 re.
693 4294 996 4362 [Diogenian.
1034 4297 1142 4357 vtt,
1178 4295 1256 4346 18.

78 4363 267 4413 chott.
319 4366 394 4415 ad
447 4365 633 4415 Zenob.
672 4366 722 4424 V,
749 4361 858 4430 40]
927 4365 1046 4415 Nam
1085 4364 1258 4413 haere·

78 4444 186 4480 cos
257 4446 402 4481 cum
472 4431 790 4482 histrionibus
843 4439 1108 4495 comparat.
1196 4428 1255 4481 Hi

80 4498 406 4560 legor-icon
455 4507 624 4561 gestus
660 4499 1031 4549 accomodantes
1057 4497 1256 4549 canticis

78 4566 134 4613 ia
184 4566 384 4629 longe
435 4581 469 4616 a
509 4567 751 4631 praesenti
789 4574 836 4616 et
857 4566 1019 4616 rabula
1046 4575 1256 4616 etscena

83 4635 384 4696 primunt
445 4632 526 4692 (ut
560 4634 776 4684 videatur
823 4633 881 4683 ad
921 4634 1099 4684 Graeca
1138 4647 1256 4698 pro·

78 4701 224 4751 thia
271 4701 638 4766 respexisse:
690 4693 844 4755 ἐκτὸς
867 4699 1047 4767 χοροῦ
1084 4692 1260 4765 ὀρχεῖ-

1355 3286 1612 3349 parabolas
1650 3300 1745 3350 quo
1781 3284 1946 3334 volunt
1981 3283 2210 3341 tribuunt,
2248 3299 2343 3333 non
2376 3299 2471 3348 quo

1355 3353 1531 3405 debent
1547 3354 1797 3417 aptissime
1811 3352 2081 3402 exctudunt.
2097 3351 2262 3410 (Andr.
2278 3353 2473 3415 HoyuS.)

1424 3454 1471 3502 q.
1508 3438 1589 3487 Sic
1625 3446 1674 3487 et
1707 3433 1959 3502 haeretici]
2008 3437 2114 3486 Nou
2163 3437 2321 3487 solum
2361 3452 2473 3501 psy-

1358 3506 1495 3556 chici.
1531 3505 1746 3568 (Rigalt.)

1425 3613 1464 3647 r.
1502 3612 1598 3647 non
1636 3612 1732 3662 quo
1781 3596 1959 3665 dehent
2004 3596 2257 3660 aptissime
2312 3596 2474 3646 exclu-

1357 3661 1518 3731 dunt]
1568 3665 1829 3715 Parabolas
1875 3664 2135 3714 excludunt
2181 3678 2277 3728 quo
2326 3664 2478 3727 aptis-

1357 3735 1530 3783 simum
1569 3733 1615 3782 in
1656 3746 1845 3797 quaque
1882 3746 2029 3781 eausa
2060 3733 2213 3782 visum
2251 3738 2342 3791 est,
2380 3744 2475 3780 non

1358 3794 1454 3865 (Ino
1490 3800 1683 3850 debent.

1424 3892 1541 3956 Cap.
1581 3892 1655 3941 tx.
1705 3906 1745 3939 a.
1785 3897 2059 3941 coactarum
2097 3885 2478 3954 expositionum]

1357 3960 1438 4009 Sic
1473 3960 1539 4009 De
1568 3958 1703 4009 Orat.
1740 3973 1842 4022 cap.
1863 3958 1924 4007 15
1962 3957 2214 4016 „affectata
2236 3965 2283 4005 et
2300 3964 2475 4018 coacta,

1358 4034 1406 4077 et
1442 4027 1619 4077 curiosi
1656 4025 1978 4090 potiusquam
2006 4022 2256 4075 rationalis
2276 4024 2478 4074 oflicii.“

1359 4094 1428 4144 De
1474 4095 1677 4145 Patient.
1730 4107 1835 4157 cap.
1860 4092 1923 4142 16
1974 4094 2165 4155 „coedi
2210 4088 2483 4157 obsequii.“

1358 4162 1428 4212 De
1463 4162 1707 4227 Baptismo
1745 4175 1853 4224 cap.
1879 4160 1942 4209 12
1997 4159 2120 4220 „Alii
2170 4159 2315 4224 plane
2361 4159 2481 4210 satis

1360 4238 1515 4281 coacte
1550 4227 1786 4280 iniciunt“
1823 4235 1931 4279 cett.
1995 4226 2062 4277 De
2088 4227 2268 4277 Paenit.
2289 4242 2394 4292 cap.
2419 4226 2478 4277 11

1361 4298 1439 4357 „si
1477 4297 1590 4362 quid
1628 4299 1776 4348 coacti
1808 4297 1994 4347 ruboris
2031 4296 2078 4344 in
2117 4295 2242 4344 labia
2280 4303 2363 4345 aut
2396 4309 2482 4357 ge-

1361 4378 1448 4413 nas
1486 4364 1706 4426 urgeat.“
1758 4364 1828 4413 De
1861 4364 2028 4412 Anima
2064 4356 2256 4425 cap.’42
2292 4363 2481 4423 „multo

1361 4434 1567 4482 coactius
1604 4430 1825 4481 Seueca⁴⁴
1862 4438 1969 4481 cett.
2031 4429 2099 4479 De
2119 4430 2307 4490 Monog.
2330 4427 2479 4492 cap.9

1362 4499 1494 4559 „Sed
1531 4500 1620 4548 hae
1658 4499 2095 4561 argumentationes
2130 4497 2294 4560 potius
2319 4495 2483 4544 existi·

1362 4573 1553 4615 mentur
1588 4566 1648 4615 de
1686 4565 1974 4615 coniecturis
2011 4571 2211 4624 coactae,
2250 4564 2410 4612 sinon
2436 4568 2484 4611 et

1361 4632 1627 4682 sententiae
1681 4631 2002 4681 adstiterint.“
2090 4631 2199 4680 Λᾶν.
2249 4629 2482 4679 valentin.

1362 4715 1466 4764 cap.
1489 4700 1514 4749 1
1554 4700 1863 4765 „patrocinio
1899 4705 2083 4751 coactae
2117 4697 2355 4760 figurae.“
