3263 5311
1132 471 1208 513 nr:
1253 470 1484 514 Pinnio.
2251 489 2254 492 ⁴
2296 544 2301 549 ψ
2354 455 2479 518 955

123 694 130 699 .
165 617 416 701 patitur?
458 618 604 700 quis
640 619 829 682 oculis
873 620 936 681 in
979 640 1115 683 eum
1157 629 1356 702 potest
1397 622 1463 682 in
1506 639 1681 701 quem
1711 620 2012 683 mentibus
2038 638 2163 682 nen
2191 620 2482 701 potest⁸?

168 721 378 783 Grande
420 722 580 802 pallii
621 722 973 785 beneficium
1019 731 1144 797 est,
1205 723 1318 785 sub
1375 723 1542 785 onius
1599 722 1925 802 recogitatu
1980 721 2237 807 improbi
2279 741 2483 785 mores

165 824 250 885 vel
285 823 657 911 erubescunt.
745 824 1002 886 Viderit·
1044 843 1202 886 nunc
1241 824 1652 905 philosophia,
1700 825 1838 904 quid
1878 823 2104 905 prosit3
2170 841 2280 884 nec
2322 825 2480 885 cuim

169 924 285 1003 sola
322 943 552 987 mecum
596 932 708 986 est.
796 925 998 987 Habeo
1058 936 1120 987 et
1160 926 1303 989 alias
1347 934 1504 989 artes
1549 926 1607 986 in
1653 925 1888 1005 publico
1931 924 2128 987 utiles,
2216 925 2301 985 De
2345 943 2480 986 meo

155 1026 475 1090 secuuntur
513 1035 575 1088 et
613 1026 842 1107 primus
884 1027 1237 1089 informator
1279 1027 1604 1090 litterarum
1651 1037 1709 1087 et
1749 1026 1978 1105 primus
2015 1026 2343 1088 ³enodator
2367 1045 2480 1087 vo-

167 1129 248 1189 cis
286 1135 340 1189 et
379 1128 608 1207 primus
649 1146 1036 1191 numerorum
1066 1125 1480 1191 ⁴hareuarius‘
1522 1136 1581 1188 et
1615 1128 2029 1206 grammaticus
2074 1136 2133 1189 et
2174 1117 2383 1190 rhetor
2423 1137 2483 1190 et

167 1228 418 1310 sophista
463 1237 523 1290 et
566 1228 828 1291 medicus
873 1237 934 1291 et
975 1226 1151 1310 poeta
1197 1239 1258 1292 et
1295 1230 1399 1309 'qui
1443 1230 1727 1291 musicam
1769 1229 1994 1308 pulsatss
2053 1237 2111 1289 et
2155 1230 2255 1309 qui
2297 1229 2478 1291 ‘stel-

162 1331 330 1392 larem
372 1330 699 1393 coniectat¹¹
744 1338 805 1392 et
846 1331 943 1412 qui
988 1331 1293 1394 volaticam
1337 1330 1611 1411 spectat‘.
1714 1330 1920 1392 Omnis
1976 1330 2297 1394 liberalitas
2344 1339 2479 1392 stu-

162 1518 206 1567 3.
243 1517 467 1567 enodator
502 1519 573 1567 de.
610 1520 727 1568 liber
759 1518 993 1570 Salmusii.
1064 1520 1298 1570 edonator
1329 1520 1451 1581 ABG,
1522 1518 1775 1569 edomator
1807 1518 2179 1579 A(m.sec.)abc.
2247 1518 2295 1568 4.
2334 1519 2478 1569 hare-

161 1587 314 1635 narius
345 1586 551 1674 ABCubc.
643 1588 891 1636 arenarius
927 1590 998 1639 de.
1104 1588 1151 1637 5.
1200 1588 1465 1638 stellarium
1501 1593 1552 1637 A.
1634 1587 1884 1636 stellarum
1922 1587 2006 1637 BC.
2032 1655 2047 1674 ἱ

228 1720 269 1770 d.
315 1735 409 1770 non
457 1716 642 1786 potest]
690 1722 809 1780 Quis
844 1723 970 1771 euim
1008 1737 1102 1771 non
1140 1738 1255 1787 per-

158 1789 363 1839 turbatur
396 1789 467 1837 vel
503 1789 662 1838 solum
700 1790 759 1838 ad
784 1799 1007 1853 aspectus
1030 1791 1257 1840 contrarii

160 1853 410 1907 notitiam?
455 1857 572 1915 Quis
607 1864 768 1920 potest
802 1871 1054 1906 occursum
1079 1874 1135 1907 ac
1154 1859 1257 1907 vul-

156 1934 253 1974 tum
300 1926 399 1985 eius
447 1925 574 1973 terre
621 1938 762 1988 quem
812 1925 1098 1987 cogitatione
1152 1927 1256 1990 ipsa

155 1988 512 2058 perhorrescit?
545 1991 742 2049 (Ludov.
779 1992 838 2040 de
875 1993 917 2041 la
952 1992 1144 2054 Cerda.)

225 2075 265 2109 e.
299 2055 494 2135 Viderit]
550 2059 725 2109 Viderit
761 2074 904 2119 nunc,
941 2063 1110 2124 inquit,
1146 2061 1258 2124 phi·

154 2122 384 2205 losophia‘,
420 2140 561 2191 quam
599 2128 763 2187 vestio,
801 2129 912 2191 quid
935 2129 1103 2191 prosit.
1157 2129 1261 2177 Hoc

151 2196 340 2247 nomine
373 2203 555 2243 tantum
598 2195 922 2245 commendari
958 2210 1053 2245 uon
1087 2195 1258 2256 debeo,

158 2278 252 2312 nec
279 2263 402 2311 enim
438 2262 541 2310 sola
576 2272 763 2312 mecum
799 2271 889 2312 est.
963 2264 1161 2312 Habitus
1182 2263 1260 2313 hic

155 2344 288 2379 meus
321 2343 415 2378 non
450 2336 630 2379 tantum
666 2337 870 2395 propter
903 2344 1006 2380 eam
1054 2338 1129 2380 est
1162 2332 1258 2380 uti-

153 2399 231 2457 lis,
265 2398 345 2446 sed
382 2398 522 2447 etiam
557 2406 757 2463 propter
789 2398 909 2448 alias
945 2408 1072 2448 artes
1106 2413 1257 2463 aeque

153 2467 200 2516 in
253 2464 493 2529 publicum
553 2469 810 2529 proficuas,
863 2480 986 2530 quae
1038 2467 1098 2516 de
1145 2481 1256 2516 meo

151 2533 328 2598 pariter
363 2534 636 2583 vostiantur.
672 2534 889 2592 (Sam.)-

219 2602 252 2649 l.
285 2608 332 2649 et
364 2600 548 2665 primus
584 2616 892 2651 numerorum
948 2596 1256 2668 harenarius]

151 2669 270 2720 Trea
305 2671 499 2733 primos
546 2671 624 2719 hic
657 2677 998 2735 praeceptores
1048 2678 1095 2720 et
1131 2670 1259 2720 ludi-

145 2739 402 2799 magistros
453 2739 714 2787 nominavit
759 2747 926 2787 auctor
978 2739 1058 2802 qui
1110 2738 1257 2788 rudes

144 2807 475 2867 puer-ianuas
509 2805 679 2868 primis
723 2812 771 2854 et
817 2807 1139 2855 elementariis
1177 2806 1260 2856 lit—

145 2871 266 2921 teris
311 2871 600 2920 erudiendos
646 2873 987 2936 suscipiebant,
1040 2888 1163 2937 quos
1214 2882 1260 2923 et

147 2955 173 2988 a
207 2939 522 2999 grammatico
557 2939 773 2989 distinxit
806 2942 884 3004 qui
911 2941 1144 2991 solidiore
1168 2941 1259 2990 do-

147 3007 299 3056 ctriua
336 3021 445 3055 eum
473 3007 742 3056 imbuebat:
772 3011 970 3072 primm
1004 3010 1259 3059 litterarum

143 3078 505 3137 infmatorarn,
561 3076 639 3138 qui
684 3075 944 3125 litterarum
994 3077 1176 3126 formas
1212 3085 1258 3125 et

65 3151 68 3152 ’
145 3149 435 3206 potestatem
474 3156 765 3204 cognoscere
800 3139 848 3192 e't
880 3143 1139 3194 scribendo
1176 3155 1260 3193 ex-

139 3210 377 3280 primere,
419 3212 617 3276 primam
648 3214 774 3261 vocis
819 3213 1125 3274 enodatorem,
1179 3213 1259 3276 qui

139 3284 277 3327 recte
326 3277 656 3341 pronuntiare,
721 3281 918 3344 primum
970 3295 1261 3330 numerum

139 3348 455 3406 harma-iam,
516 3346 598 3423 qui
652 3345 892 3396 calculare
945 3347 1259 3396 monstrabat.

137 3415 297 3474 Atque
331 3411 452 3462 haec
484 3415 579 3463 tria·
610 3427 807 3464 munera
843 3414 983 3465 unius
1019 3416 1261 3465 eiusdem-

138 3493 240 3543 que
261 3479 475 3529 doctoris
505 3482 887 3541 terminarunt,
916 3496 1056 3545 quem
1085 3496 1261 3548 γραμ-

131 3539 424 3663 μαῖιστην
468 3548 648 3598 Graece
697 3548 990 3613 appellatum
1039 3550 1258 3600 diximus.

133 3617 243 3676 (sa
251 3628 299 3672 m
324 3616 340 3671 ›

209 3695 258 3745 g.
296 3691 348 3731 et
383 3697 463 3746 qut
484 3696 716 3731 musicam
737 3679 917 3744 pulsat]
955 3674 1258 3735 citharistam

130 3757 222 3800 aut
259 3750 593 3800 citharoedum
619 3750 1026 3812 intelligivoluut;
1063 3767 1152 3801 nec
1171 3767 1259 3814 ego

126 3827 260 3868 sane
308 3819 511 3879 nollem,
564 3819 657 3868 nisi
709 3819 944 3883 quaedam
991 3833 1259 3884 repugnare

125 3885 435 3935 viderentur.
506 3886 870 3937 citharoedicus
907 3885 1095 3937 habitus
1129 3888 1259 3951 palla

123 3953 248 4012 suit,
289 3967 390 4002 non
413 3949 629 4017 pallium,
656 3963 706 4005 ut
730 3957 784 4004 ei
818 3954 981 4004 multis
1007 3963 1255 4004 auctorum

91 4020 263 4085 ‘locis
304 4021 423 4069 mihi
446 4030 742 4086 compertum
771 4031 903 4073 certo
925 4037 1073 4086 posse
1097 4023 1262 4073 videor

124 4089 409 4148 affirmare.
481 4088 600 4138 Hinc
622 4090 812 4153 Apollo,
851 4098 903 4140 ut
935 4091 1262 4151 citharoedus,

120 4170 342 4220 semper
354 4170 464 4206 cum
477 4155 608 4220 palla
623 4157 886 4218 tingebatur
900 4166 945 4208 et
958 4158 1263 4222 pingebatur,

117 4224 461 4288 Aesculapius
497 4238 609 4273 vero
634 4237 739 4273 cum
762 4226 926 4303 pallio.
979 4228 1084 4277 Non
1104 4226 1259 4276 dicam

119 4293 381 4343 musicam
419 4292 571 4355 magis
606 4293 804 4355 proprie
837 4295 1010 4345 dictam
1047 4295 1108 4344 de
1129 4295 1260 4344 vocis

118 4368 302 4421 cautu,
353 4359 482 4409 unde
518 4359 803 4410 musicarius
850 4363 929 4424 qui
964 4377 1077 4412 voce
1113 4377 1259 4412 cauc-

113 4427 949 4560 ξῒιίἰὴῗέιῗοεοέὶᾶῗοῗιειὶοζῗιιοθυὲἳᾶ
968 4431 1260 4561 sitlzilzddsszltgs

106 4564 265 4613 secto
319 4575 419 4612 uon
463 4563 716 4612 tacendum
765 4571 854 4624 est,
919 4563 998 4628 qui
1043 4578 1157 4615 voce
1209 4566 1257 4616 in

111 4631 291 4682 choro
331 4631 585 4690 canebant,
632 4631 857 4694 palliatos
901 4632 1040 4694 vulgo
1092 4632 1257 4682 ruisse.

104 4699 250 4750 Nam
291 4706 486 4765 septem
537 4698 722 4764 palliati
771 4699 970 4750 chorum
1021 4700 1260 4756 faciehant

1357 1722 1483 1786 apud
1519 1729 1719 1771 veteres.
1770 1721 1981 1785 Hyginus
2016 1715 2313 1788 [Fauna]
2350 1723 2478 1786 „Py-

1359 1789 1565 1850 thanles,
1616 1790 1697 1853 qui
1747 1789 1908 1853 Pythia
1958 1797 2241 1850 cantaverat,
2289 1798 2475 1853 septem

1357 1857 1524 1907 habuit
1568 1857 1794 1921 palliatos
1850 1856 1930 1921 qui
1986 1871 2100 1906 voce
2154 1864 2477 1920 cantaverunt,

1358 1925 1487 1975 uude
1532 1933 1700 1987 postea
1748 1924 2021 1988 appellatus
2085 1933 2158 1974 est
2204 1926 2479 1975 choraules.

1359 1994 1555 2043 Tibicen
1603 1993 1709 2057 ipse
1746 1993 1824 2057 qui
1863 1992 1992 2042 tibiis
2044 1992 2103 2042 ad
2157 1994 2356 2042 chorum
2394 2009 2500 2047 ca·.

1358 2061 1504 2110 nebat
1550 2068 1597 2109 et
1633 2060 1888 2110 choraules
1940 2060 2051 2110 inde
2086 2061 2333 2110 dicebatur
2368 2061 2477 2125 pal·

1359 2127 1503 2176 liatus
1539 2141 1634 2175 non
1659 2134 1777 2181 erat,
1809 2141 1916 2177 cum
1937 2128 2098 2190 palliis
2122 2129 2322 2177 amictus
2348 2136 2478 2178 esset

1361 2196 1539 2244 chorus
1575 2196 1883 2244 cantantium.
1936 2196 1994 2244 Et
2028 2195 2088 2244 de
2124 2196 2221 2244 illis
2245 2198 2476 2258 sympho-

1360 2263 1511 2312 niacis
1548 2262 1759 2325 palliatis
1804 2262 2001 2310 omnino
2055 2262 2134 2310 hic
2184 2262 2478 2312 intellexerit

1355 2328 1681 2379 Tertullianus
1717 2343 1917 2378 necesse
1954 2336 2043 2387 est,
2091 2343 2187 2378 uon
2226 2331 2284 2379 de
2321 2330 2475 2379 citha-

1357 2398 1491 2448 ristis
1527 2404 1608 2446 aut
1643 2397 1932 2446 citharoedis
1984 2397 2064 2460 qui
2100 2397 2263 2460 palliis
2298 2398 2473 2447 amicti.

1355 2470 1412 2515 Αι
1448 2466 1572 2514 inter
1605 2465 1784 2529 pallam
1835 2472 1882 2514 et
1930 2464 2130 2528 pallium
2182 2465 2323 2526 longa
2372 2474 2476 2515 erat

1356 2533 1641 2583 differentia.
1711 2532 1805 2583 Sed
1843 2533 2087 2596 quomodo
2125 2535 2204 2596 qui
2246 2548 2360 2582 voce
2392 2548 2475 2582 ca-

1359 2608 1478 2651 nunt
1533 2602 1763 2650 musicam
1834 2600 2030 2665 pulsare
2100 2600 2190 2650 dici
2259 2597 2478 2666 queant?

1359 2670 1701 2734 Symphoniaci
1736 2671 1782 2718 iu
1832 2670 1980 2718 choro
2026 2669 2170 2732 pulsu
2218 2671 2356 2732 pedis
2391 2684 2475 2719 vo-

1359 2752 1462 2788 cem
1511 2752 1648 2796 snam
1701 2737 2091 2796 moderabantur,
2151 2737 2279 2801 quod
2332 2737 2477 2787 hodie

1358 2805 1528 2855 musici
1565 2806 1719 2855 nostri
1756 2818 1898 2853 manu
1920 2806 2115 2864 faciunt,
2152 2813 2199 2853 et
2225 2813 2476 2868 percutere

1359 2885 1635 2922 mensuram
1672 2887 1727 2922 se
1762 2873 1938 2923 dicunt.
1993 2840 2245 2922 i'rae'terea
2272 2874 2317 2921 in
2342 2880 2475 2922 vete-

1357 2955 1464 2991 rum
1502 2935 1665 2990 choris
1700 2954 1894 3004 semper
1930 2955 2052 2989 unus
2082 2940 2269 3004 luitqui
2301 2942 2475 2990 ceteris

1357 3001 1656 3075 ἐνδόσιμον
1694 3009 1830 3058 daret
1863 3008 2002 3071 pedis
2038 3008 2357 3072 supplosione
2394 3016 2474 3058 aut

1360 3077 1502 3130 etiam
1540 3090 1767 3126 manuum
1794 3077 2126 3140 percussione,
2163 3077 2291 3140 quod
2312 3090 2475 3125 meso-

1362 3145 1496 3194 chori
1533 3144 1630 3193 sive
1666 3144 1922 3208 coryphaei
1958 3145 2169 3193 officium
2191 3151 2307 3193 erat.
2362 3144 2475 3193 Vide

1360 3227 1484 3276 quae
1518 3226 1670 3275 super
1704 3213 1792 3261 hac
1826 3227 1880 3261 re
1915 3219 2024 3261 ante
2053 3212 2296 3261 biennium
2334 3220 2474 3261 nota-

1359 3281 1530 3329 bamus
1567 3280 1625 3329 ad
1664 3280 1920 3329 Historiam
1946 3279 2476 3341 Angustam.‘Etegnu-

1362 3357 1435 3398 ter
1481 3349 1626 3409 igitur
1678 3348 1756 3397 hic
1791 3348 1968 3397 Noster
2009 3350 2231 3398 musicam
2280 3348 2475 3411 pulsare

1345 3416 1478 3469 dixit
1497 3418 1556 3464 de
1576 3430 1635 3464 eo
1651 3417 1730 3479 qui
1754 3417 1981 3465 musicam
2003 3416 2144 3478 pulsu
2166 3423 2400 3479 temperat
2419 3429 2475 3464 ac

1363 3484 1655 3533 moderatur.
1682 3484 1731 3533 Si
1748 3484 1857 3546 quia
1872 3484 2128 3533 contendet
2146 3483 2205 3532 de
2230 3484 2473 3534 citharista

1361 3551 1692 3614 accipiendum
1730 3552 1889 3613 potius
1924 3565 2051 3609 esse,
2104 3543 2325 3600 ostendat
2358 3551 2475 3600 mihi

1359 3618 1560 3682 pallium
1599 3618 1954 3668 citharistarum
1998 3620 2249 3684 proprium
2304 3620 2471 3669 luisse.

1360 3687 1557 3736 Fuerint
1577 3685 1647 3735 illi
1675 3686 1786 3736 licet
1804 3686 2007 3751 palliati,
2028 3702 2122 3736 non
2154 3686 2245 3737 soli
2275 3688 2367 3737 hoc
2386 3688 2472 3736 ha·

1361 3753 1461 3803 bitu
1477 3755 1602 3803 inter
1614 3754 1828 3803 musicos
1842 3756 1991 3804 luere.
2018 3755 2135 3806 Nam
2154 3755 2472 3812 ostendimus,

1359 3822 1438 3885 qui
1475 3836 1588 3871 voce
1624 3823 1878 3871 cantabant
1911 3823 2041 3872 hunc
2074 3824 2215 3871 etiam
2248 3823 2472 3872 amictum

1356 3890 1601 3948 habuisse,
1638 3904 1779 3953 quem
1817 3903 1903 3939 cur
1937 3889 2058 3939 solis
2093 3890 2373 3940 attribueret
2401 3890 2472 3939 ci-

1354 3957 1601 4007 tharoedis
1640 3958 1684 4006 h.
1708 3958 1738 4006 Ι.
1775 3957 2117 4017 Tertullianus,
2166 3972 2338 4007 causae
2373 3972 2471 4006 non

1360 4032 1477 4074 erat.
1562 4026 1699 4088 Atqui
1749 4026 2040 4075 contrarium
2092 4026 2182 4075 iam
2221 4026 2473 4075 docuimus

1359 4092 1745 4142 citharoedorum
1800 4094 2022 4143 amictum
2089 4094 2287 4156 pallam,
2358 4107 2472 4142 voce

1359 4161 1646 4210 cantantium
1683 4160 1882 4224 pallium
1920 4161 2100 4222 suisse3
2135 4161 2195 4209 de
2219 4162 2292 4210 his
2314 4160 2471 4223 igitur

1359 4242 1456 4279 non
1492 4227 1552 4278 do
1589 4228 1704 4287 illis,
1737 4236 1905 4277 auctor
1935 4230 2260 4291 exponendus.
2281 4228 2472 4286 (Salui.)

1428 4297 1476 4345 h.
1512 4295 1592 4374 qui
1628 4295 1873 4347 stellarem
1925 4294 2183 4374 coniectat]
2232 4296 2470 4356 Stellaris,

1359 4354 1390 4421 ἦ
1428 4356 1506 4410 δι’
1545 4354 1769 4428 ἄστρων
1798 4356 2048 4430 μαντική.
2118 4364 2363 4414 Stellarum
2394 4365 2472 4412 in-

1358 4433 1725 4496 tei-prelationem
1759 4431 1871 4481 dixit
1907 4432 1974 4480 De
1996 4431 2135 4482 Cultu
2175 4432 2301 4480 Fem.
2338 4431 2377 4488 1,
2404 4429 2473 4492 2.,

1357 4498 1594 4548 statianam
1627 4500 1893 4563 interpretes
1931 4500 1996 4547 De
2035 4499 2203 4548 ldolol.
2241 4513 2344 4562 cap.
2364 4498 2413 4548 9.

1428 4565 1458 4614 i.
1496 4566 1575 4629 qui
1614 4565 1862 4644 volaticam
1901 4563 2125 4645 spectat.]
2166 4567 2392 4625 volatica,
2436 4557 2468 4625 ἦ

1359 4623 1666 4691 οἰωνιστικὴ
1706 4623 2110 4698 ὄρνεοσκοπικὴ,
2166 4649 2288 4698 quae
2337 4633 2471 4684 vola-

1356 4709 1457 4751 tum
1493 4695 1678 4751 s'cilicet
1712 4702 1862 4752 avium
1898 4711 2096 4766 spectat.
2133 4700 2326 4764 (Salm.)
