3263 5311
1212 491 1286 536 ns
1321 491 1637 539 barrisno.
2463 481 2585 544 625

268 638 577 712 Quorsum
610 639 725 700 ista
765 638 1125 702 retulimus?
1196 640 1283 702 Ne
1325 640 1459 721 quis
1503 640 1709 702 durius
1753 641 1953 706 credat
1992 641 2263 722 angelum
2305 645 2399 708 dei
2441 665 2584 710 san-

265 748 423 802 ctum
465 740 633 820 aquis
676 740 739 800 in
783 741 1030 804 salutem
1074 739 1335 802 hominis
1379 741 1774 821 temperandis
1817 743 2063 822 adesse,
2119 763 2250 810 cum
2293 745 2587 826 ¹⁸²⁰gelu3
2686 733 2694 743 .
2759 733 2784 744 .,

267 841 455 914 malus
502 841 867 921 ¹³prol'anum
911 840 1326 904 commercium
1371 842 1637 904 eiusdem
1682 842 1955 906 elementi
2005 844 2067 906 in
2109 845 2428 925 perniciem
2471 848 2584 909 bo·

264 942 441 1003 minis
488 942 889 1022 ¹⁸l'requentat.
990 942 1271 1021 Angelum
1296 1009 1301 1016 ,
1329 944 1498 1022 aquis
1555 942 1909 1006 intervenire
1964 945 2016 1008 si
2069 963 2288 1010 novum
2341 947 2585 1021 videtur,

264 1043 594 1125 exemplum
636 1043 817 1110 futuri
863 1042 1283 1124 praecucurrit.
1362 1043 1654 1108 Piscinam
1697 1045 2069 1108 Bethsaidam
2114 1046 2356 1126 angelus
2399 1047 2586 1116 inter-

262 1145 506 1206 veniens
572 1143 998 1210 commovebat.
1108 1144 1511 1207 Observabant
1570 1146 1672 1224 qui
1731 1146 2116 1211 valetudinem
2175 1148 2587 1228 querebantur.

261 1246 407 1307 Nam
453 1245 504 1308 si
558 1246 691 1326 quis
746 1254 1130 1327 praevenerat
1183 1245 1592 1308 descendere·
1645 1247 1813 1321 illuc,
1880 1248 2044 1326 queri
2099 1257 2240 1328 post
2292 1248 2583 1312 lavacrum

263 1346 587 1408 desinebat.
673 1346 883 1425 Figura
939 1347 1053 1418 ista
1107 1346 1430 1409 medicinae
1481 1348 1804 1428 corporalis
1865 1348 2186 1429 spiritalem
2240 1350 2588 1422 medicinam

263 1447 539 1520 canebat,
605 1467 673 1509 ea
716 1450 904 1509 forma
947 1465 1059 1526 qna
1105 1467 1342 1527 semper
1396 1450 1647 1510 carnalia
1690 1450 1751 1511 in
1795 1449 1980 1530 figura
2023 1450 2370 1529 spiritalium
2412 1458 2584 1512 ante·
2647 1517 2652 1522 ,

264 1547 499 1610 cedun't.
586 1548 971 1610 Proficiente*
997 1548 1247 1628 ¹⁷itaque
1289 1550 1351 1610 in
1386 1550 1731 1626 bominibus
1775 1551 1957 1629 gratia
2000 1552 2092 1613 dei
2136 1551 2270 1632 plus
2315 1550 2483 1630 aquis
2528 1561 2588 1613 et

260 1649 471 1729 angelo
515 1649 785 1712 accessit.
875 1648 992 1722 Qui
1043 1649 1179 1710 vitia
1237 1651 1509 1730 corporis
1561 1651 1995 1725 remediabant,
2061 1670 2218 1714 nunc
2260 1652 2300 1684 ¹⁸
2317 1652 2587 1731 spiritum

258 1750 602 1826 medentum
646 1751 745 1832 qui
788 1750 1171 1830 temporalem
1216 1752 1610 1831 operabantur
1649 1752 1929 1826 salutem,
1973 1772 2131 1815 nunc
2158 1761 2454 1815 aeternam
2484 1772 2585 1815 re-

262 1841 551 1926 soi-manu
594 1853 695 1931 qui
740 1869 920 1914 unum
965 1851 1146 1914 semel
1190 1871 1345 1914 anno
1389 1853 1776 1926 liberabant¹,
1830 1872 1990 1916 nunc
2028 1853 2289 1934 quotidie
2333 1856 2586 1935 populos

218 1963 646 2027 ·conservant,
692 1953 880 2016 deleta
924 1965 1113 2015 morte
1155 1973 1264 2032 per
1304 1954 1662 2016 ablutionem
1707 1954 2072 2016 delictorum.
2138 1955 2418 2036 Exempto
2464 1956 2585 2017 sci·

261 2055 403 2117 licet
440 2065 609 2122 reatu
652 2054 926 2117 eximitur
970 2064 1028 2116 et
1069 2075 1279 2135 poena.
1346 2056 1431 2118 lta
1476 2049 1876 2118 ¹⁹restituetur
1918 2056 2096 2118 homo
2139 2056 2253 2118 deo
2297 2058 2369 2118 ad
2415 2056 2582 2126 simi-

263 2157 572 2220 litudinem
617 2157 776 2230 eius,
834 2157 934 2235 qui
975 2164 1135 2217 retro
1181 2157 1252 2217 ad
1294 2156 1605 2235 imaginem
1652 2156 1746 2217 dei
1791 2157 1997 2219 fuerat.
2093 2157 2289 2237 Imago
2334 2157 2397 2228 in
2437 2157 2585 2220 ²⁰ss-

262 2258 430 2338 figie,
498 2257 818 2319 similitudo
876 2258 939 2319 in
997 2257 1340 2319 aeternitate
1394 2267 1688 2319 censetur.
1793 2257 2022 2337 Recipit
2077 2259 2232 2320 enim
2289 2259 2448 2320 illum
2494 2259 2586 2322 dei

261 2360 568 2440 spiritum,
628 2378 804 2438 quem
849 2368 987 2420 tunc
1028 2357 1100 2419 de
1144 2359 1358 2420 adflatu
1401 2358 1530 2419 eius
1576 2369 1910 2438 acceperat,
1975 2361 2079 2421 sed
2133 2368 2272 2440 post
2314 2360 2588 2422 amiserat

262 2480 373 2541 per
414 2462 710 2546 delictum.

338 2592 345 2599 ·
433 2561 567 2623 Non
624 2562 782 2641 quod
840 2561 901 2622 in
956 2561 1123 2641 aquis
1182 2559 1454 2640 spiritum
1514 2568 1780 2622 sanctum
1833 2579 2296 2642 consequamur,
2365 2564 2471 2625 sed
2527 2563 2587 2624 in

263 2683 414 2747 aqua
459 2664 751 2743 emundati
799 2664 910 2725 sub
952 2663 1157 2742 angelo
1193 2663 1456 2742 ¹spiritui
1509 2672 1713 2725 sancto
1758 2678 2228 2744 praeparamur⁸.
2299 2666 2409 2727 Hic
2434 2684 2587 2744 quo·

262 2784 381 2844 que
423 2766 607 2844 ligura
660 2764 1019 2845 praecessit3
1082 2764 1173 2824 sic
1225 2765 1381 2824 enim
1424 2764 1676 2825 loannes
1723 2764 1891 2826 ²ante
1931 2765 2326 2845 praecursorh
2368 2765 2587 2826 domini

261 2866 406 2937 suit,
451 2884 808 2946 praeparans
851 2866 974 2928 vias
1020 2866 1170 2926 eiuS.
1243 2865 1328 2927 lta
1373 2873 1431 2925 et
1473 2866 1715 2944 angelus
1759 2865 2029 2944 baptismi
2073 2865 2328 2927 arbiter⁶
2372 2884 2587 2945 super·

260 2974 515 3027 venturo
560 2967 793 3047 spiritui
835 2977 1038 3029 sancto
1082 2967 1206 3027 vias
1251 2964 1448 3044 dirigit
1490 2965 1788 3027 ablutione
1817 2966 2192 3040 delictorum,
2241 2985 2411 3045 quam
2443 2967 2589 3029 fides

264 3120 347 3169 14.
387 3120 570 3183 angelis
608 3120 745 3170 malis
780 3122 830 3170 A.
940 3120 1016 3169 15.
1055 3121 1307 3195 profanum
1346 3121 1406 3180 b„
1448 3119 1576 3168 Fulv.
1608 3119 1815 3168 Ursinus.
1883 3120 2118 3196 profanus
2152 3119 2271 3169 Aea.
2378 3118 2452 3168 16.
2492 3122 2587 3169 l’re-

262 3196 464 3250 quentat
496 3189 611 3238 Aba.
685 3189 954 3252 frequentet
989 3190 1051 3245 b„
1086 3188 1215 3237 fulv.
1236 3178 1465 3239 Ursinus.
1517 3187 1592 3235 Fr.
1617 3188 1792 3236 Iunius.
1899 3186 1973 3235 17.
2013 3188 2074 3235 ita
2112 3188 2192 3251 qui
2229 3186 2502 3237 nominibus
2535 3191 2588 3239 A.

266 3254 347 3305 18.
386 3255 604 3319 spiritum
641 3258 750 3305 Aah.
822 3256 1008 3319 spiritui
1047 3255 1093 3304 Β.
1165 3254 1335 3317 spiritu
1373 3254 1497 3303 fulv.
1523 3255 1731 3304 Ursinus.
1839 3254 1916 3304 19.
1951 3255 2227 3304 restituetur
2259 3254 2376 3306 aaa.
2445 3257 2588 3305 resti-

260 3326 413 3383 tuitur
448 3326 509 3385 lu,
544 3325 672 3373 fulv.
715 3323 921 3372 Ursinus.
1027 3321 1105 3371 20.
1147 3323 1351 3383 el’tigiem
1387 3324 1437 3371 A.

399 3390 512 3454 Cap.
550 3390 623 3438 vt.
698 3390 741 3438 1.
780 3391 967 3453 spiritui
1002 3390 1222 3452 Aquab.
1294 3390 1465 3454 spiritu
1502 3390 1549 3438 A.
1634 3388 1680 3437 2.
1723 3396 1831 3438 ante
1863 3404 2156 3455 praecursor
2190 3393 2262 3441 ab.
2334 3400 2586 3457 anteprae-

262 3458 556 3510 cursor-AB.

332 3576 397 3609 m.
433 3568 745 3624 praevenerat
780 3554 1095 3623 descendere]
1142 3558 1209 3608 De
1246 3568 1376 3608 stru·
1479 3558 1688 3621 Spiritus
1722 3560 1884 3608 Sancti
1937 3561 2232 3623 septiformis
2284 3562 2433 3623 gratia
2481 3575 2587 3612 cum

212 3635 222 3646 ·
261 3639 417 3687 ctera,
464 3629 504 3677 si
543 3627 717 3689 placet,
765 3626 1116 3679 adeas‘adnot.
1152 3628 1213 3676 ad
1246 3630 1375 3690 Apo-
1479 3628 1607 3675 omni
1648 3626 1941 3689 plenitudine
1976 3629 2239 3678 sanctitatis
2281 3637 2328 3678 et
2361 3631 2587 3679 scientiae

260 3697 360 3758 leg.
401 3694 599 3759 eap.39.
1477 3695 1743 3811 ἶὲτῖιίι-ἑιὲἶὶε
1779 3695 1937 3745 venire
1983 3696 2032 3744 in
2079 3697 2321 3746 bominem
2368 3696 2587 3746 declare-

330 3812 407 3849 ⁰*
416 3808 496 3860 qm
533 3810 677 3845 ⁰⁰⁸¹OE
715 3795 864 3844 semel
916 3809 1039 3845 ⁸⁰⁰⁰
1088 3790 1376 3860 ''benbwq
1543 3830 1590 3878 b.
1627 3838 1736 3879 ante
1770 3826 2083 3895 praecursor]
2131 3831 2210 3879 Sic
2245 3829 2421 3881 babent
2457 3830 2586 3878 libri.

259 3865 478 3927 Singulis
514 3864 655 3925 igitur
703 3863 839 3912 annis
876 3863 1065 3915 nonnisi
1101 3863 1249 3912 semel
1287 3877 1375 3912 an-

196 3935 206 3943 “
259 3932 400 3996 gelus
450 3931 653 3992 ille,1n
700 3936 861 3980 censet
899 3924 1237 3991 Tertullianus,
1289 3932 1373 3979 de-

261 3999 553 4078 scendebat3
572 3999 748 4075 itaque
782 4012 922 4048 voces
944 4001 1058 4049 illas
1076 3998 1241 4048 loann.
1263 3999 1312 4055 V,
1328 3997 1374 4047 3.

246 4060 403 4125 ,κατὰ
436 4058 635 4144 καιρὸν
665 4082 752 4131 pro
790 4081 944 4116 annua
982 4067 1213 4131 temporis
1238 4081 1375 4115 revo-

262 4138 448 4187 lutione
484 4134 669 4198 accipit.
705 4133 918 4194 (corbin
957 4134 1150 4195 Tuom.)
1268 4136 1281 4147 ‘

1479 3897 1596 3949 Puto
1616 3898 1975 3953 rescribendum
1992 3907 2069 3946 aut
2084 3905 2346 3946 antecursor
2362 3906 2436 3945 aut
2450 3913 2587 3961 prae-

1475 3980 1650 4025 cursor,
1689 3973 1738 4013 et
1772 3963 2016 4014 librarium
2055 3964 2176 4013 inter
2213 3965 2298 4013 has
2321 3965 2585 4028 scripturas

1477 4033 1752 4095 ancipitem,
1788 4031 1899 4080 dum
1935 4039 2186 4094 utramque
2204 4032 2469 4092 adnotaret,
2505 4047 2586 4082 er-

1476 4101 1575 4149 rori
1612 4101 1726 4147 olim
1778 4112 1943 4147 ansam
1995 4100 2181 4147 fecisse.
2251 4099 2427 4149 Eadem
2463 4102 2586 4151 scri-

1476 4175 1614 4232 ptura
1655 4168 1860 4216 occurrit
1896 4175 1944 4215 et
1981 4167 2100 4215 inl’ra
2138 4182 2241 4230 cap.
2260 4167 2336 4217 11.

337 4238 454 4300 Cap.
490 4236 563 4285 vt.
634 4235 910 4299 &Spiritui
947 4236 1122 4285 Sancto
1168 4249 1375 4298 praepa·
1545 4251 1585 4284 c.
1623 4234 1822 4296 angelus
1846 4234 2069 4298 baptismi
2093 4232 2333 4297 arbiter]
2337 4235 2584 4297 ,Angelum

263 4298 472 4368 tantuin]
508 4303 1056 4353 IllustratBabanuffde
1082 4303 1231 4351 lustit.
1249 4302 1375 4353 Cler.
1476 4302 1738 4365 baptismi·‘
1776 4302 1888 4351 dicit
1909 4302 2100 4351 utlibro
2120 4303 2178 4350 de
2200 4302 2237 4352 0
2267 4303 2476 4361 atione,
2480 4317 2585 4359 ,an-

262 4374 303 4431 Ι,
322 4371 391 4422 30
426 4372 684 4433 „Signatur
708 4371 971 4435 baptizatus
993 4385 1097 4420 cnm
1120 4370 1379 4420 chrismate
1478 4370 1636 4433 gelum
1675 4370 1956 4423 oi·stionis.“
2019 4369 2204 4419 Arbiter
2239 4319 2330 4433 {ap
2336 4371 2461 4419 tismi
2498 4384 2584 4419 an-

260 4455 357 4505 per
372 4441 672 4491 sacerdotem
701 4439 747 4487 in
771 4438 940 4501 capitis
966 4438 1254 4496 summitate,
1292 4452 1380 4502 per
1478 4436 1614 4498 gelus
1652 4437 1787 4501 qnasi
1824 4438 2043 4487 conscius
2080 4447 2127 4486 et
2163 4439 2311 4486 testis.
2372 4437 2481 4499 lpse
2519 4434 2584 4484 De

258 4508 541 4585 pontificem
581 4520 689 4554 vero
726 4507 773 4567 in
811 4507 984 4564 fronte,
1021 4515 1070 4555 ut
1106 4506 1255 4569 priori
1288 4520 1378 4555 un·
1478 4505 1644 4555 Anima
1692 4501 1818 4569 [cap.
1848 4501 1983 4571 371:
2040 4505 2174 4564 „Nos
2226 4505 2382 4553 officia
2431 4501 2584 4551 divina

261 4576 426 4627 ctione
474 4574 767 4634 significetur
822 4542 1028 4635 Spiritus
1083 4574 1131 4625 δε
1133 4574 1244 4622 meti
1291 4573 1379 4623 de·
1481 4571 1678 4634 angelos
1725 4572 2018 4621 credimusf‘
2068 4571 2277 4633 (Rigalt.)
2356 4570 2583 4629 Angelum

257 4643 458 4696 seensio
495 4642 554 4690 ad
593 4642 933 4691 habitationem
967 4641 1058 4689 deo
1091 4654 1379 4689 consecran-
1479 4639 1704 4702 baptismi
1740 4639 1915 4688 dictum
1952 4638 2156 4688 arbitror
2191 4646 2413 4702 respectu
2453 4637 2586 4686 illins

260 4713 398 4769 dam,
448 4710 496 4758 in
544 4709 754 4758 secunda
802 4722 1011 4773 quoque,
1064 4715 1116 4757 ut
1165 4708 1379 4756 eiusdem
1482 4706 1640 4769 angeli
1673 4707 1887 4770 piscinae
1920 4705 2218 4756 Bethsaida.

334 4798 652 4841 Turonum
674 4806 774 4839 ore.
792 4806 865 4838 ιιι.
890 4805 1085 4839 oratu.
1124 4793 1247 4838 Tem.
1274 4793 1307 4836 1.
2220 4789 2285 4840 40

2624 2584 2727 2637 Cap.
2754 2583 2818 2624 vl.
