3263 5311
1108 409 1183 452 ns
1224 407 1635 453 octonum.
2447 397 2532 459 99

227 565 347 619 tum
389 564 529 618 sunt
571 557 873 621 consecuti
919 557 1329 637 pei-‚habitum
1371 558 1709 622 barbaricae
1753 560 2149 640 ingenuitatis„
2204 562 2295 624 sic
2345 581 2533 643 penes

224 676 335 719 nos
366 676 603 737 quoque
646 658 921 729 ¹⁰fideles‚
968 658 1019 720 si
1065 677 1311 721 necesse
1352 661 1544 733 suerit,
1588 660 1811 741 poterit
1852 661 1964 724 ¹¹et
2001 663 2205 742 pueris
2234 672 2532 745 praetexta

224 758 460 821 concedi
496 760 623 821 ⁴²et
662 758 906 839 puerilis
954 760 1123 833 stola,
1179 761 1492 824 nativitatis
1536 762 1808 841 insignia,
1863 780 1985 824 non
2040 765 2370 843 potestatis,
2427 785 2531 851 ge·-

222 861 397 934 neris,
442 878 565 922 non
606 860 876 933 honoris,
923 861 1168 935 ordinis,
1212 881 1334 924 non
1377 863 1834 944 superstitionis,
1922 862 2247 927 ¹³Ceterum
2274 886 2534 947 purpura

222 962 306 1023 vel
349 970 544 1023 cetera
586 962 835 1042 insignia
878 962 1215 1041 dignitatum
1261 974 1321 1026 et
1361 973 1715 1046 potestatum
1757 965 2010 1028 insertae
2040 965 2302 1044 dignitati
2331 978 2392 1029 et
2417 987 2534 1049 po-

222 1063 528 1125 testatibus
597 1062 959 1125 idololatriae
1024 1064 1095 1126 ab
1159 1065 1326 1127 initio
1383 1066 1567 1129 dicata
1622 1066 1840 1128 habent
1870 1066 2323 1147 ·prosanationis
2396 1088 2540 1131 suae

221 1165 523 1239 maculam,
570 1185 703 1227 cum
743 1173 1042 1246 praeterea
1086 1166 1231 1246 ipsis
1277 1167 1451 1230 etiam
1493 1168 1669 1229 idolis
1701 1168 2067 1230 ¹*induantur
2106 1177 2437 1249 praetextae
2481 1178 2543 1232 et

223 1266 449 1327 trabeae
496 1275 557 1329 et
597 1266 859 1340 laticlavi,
905 1267 1093 1329 fasces
1137 1287 1371 1349 quoque
1415 1277 1475 1330 et
1514 1269 1708 1349 virgae
1750 1271 2172 1349 praeferantur,
2217 1279 2276 1331 et
2303 1270 2538 1333 merito.

223 1368 357 1430 Nam
399 1368 715 1430 daemonia
757 1368 1127 1446 magistratus
1173 1377 1311 1431 sunt
1354 1371 1622 1432 ¹³saeculi
1667 1371 1878 1443 huius;
1934 1371 2111 1433 unius
2169 1372 2395 1451 collegii
2439 1372 2536 1433 in-

224 1470 398 1549 signia
442 1472 642 1531 fasces
688 1477 746 1530 et
786 1488 1078 1551 purpuras
1124 1479 1371 1551 gestant.
1461 1472 1614 1545 Quid
1661 1491 1802 1551 ergo
1831 1473 2124 1552 proficieS‚
2174 1474 2222 1534 si
2256 1482 2540 1552 suggestu

228 1571 449 1650 quidem
473 1571 682 1644 utari&
716 1590 896 1651 opera
916 1572 1045 1633 eius
1068 1573 1110 1605 ¹⁶
1122 1591 1262 1633 vero
1286 1592 1406 1634 non
1427 1571 1850 1635 administres?
1878 1573 2065 1635 Nemo
2088 1575 2199 1637 ¹⁷in
2222 1574 2540 1635 immundis

226 1672 467 1734 mundus
518 1672 702 1734 videri
742 1681 961 1752 potest.
1050 1673 1330 1736 Tunicam
1375 1674 1429 1736 si
1468 1676 1676 1737 induas
1719 1674 2076 1755 inquinatam
2119 1695 2228 1756 per
2280 1695 2364 1749 se,
2422 1694 2539 1755 po-

228 1774 351 1835 terit
385 1774 647 1836 forsitan
689 1774 783 1834 illa
826 1793 948 1835 non
990 1774 1281 1855 inquinari
1322 1796 1431 1858 per
1484 1786 1572 1849 te,
1631 1776 1738 1838 sed
1798 1784 1860 1837 tu
1917 1796 2026 1857 per
2078 1777 2234 1839 illam
2287 1777 2541 1838 mundus

232 1892 347 1937 esse
404 1894 539 1937 non
591 1875 837 1956 poteris.
923 1876 1045 1937 Iam
1090 1877 1299 1938 ¹⁸nunc
1340 1878 1439 1959 qui
1482 1878 1555 1939 de
1597 1878 1814 1958 Ioseph
1870 1885 1930 1939 et
1970 1878 2171 1939 Daniel
2224 1898 2537 1957 argumen-

233 1978 371 2051 iaris,
414 1978 596 2051 seito,
652 1996 775 2038 non
819 1996 1056 2057 semper
1097 1979 1485 2059 comparanda
1528 1998 1661 2040 esse
1703 1986 1899 2039 vetera
1945 1987 2004 2040 et
2043 1999 2224 2053 nova,
2279 1980 2445 2041 rudia
2489 1987 2550 2040 et

194 2072 418 2157 ‘polita,
481 2087 695 2159 coepta
749 2086 815 2139 et
864 2078 1157 2158 explicita,
1231 2079 1460 2141 servilia
1534 2087 1592 2139 et
1657 2078 1934 2141 liberalia.
2033 2081 2178 2142 Nam
2232 2081 2314 2141 illi
2370 2081 2544 2142 etiam

238 2178 618 2242 ”condicione
662 2180 817 2241 servi
862 2188 1056 2241 erant:
1103 2188 1165 2242 tu
1204 2199 1348 2242 vero
1389 2179 1662 2241 ”nullius
1692 2199 1917 2254 servm,
1963 2181 2025 2243 in
2049 2192 2328 2262 quantum
2357 2182 2543 2244 solius

238 2278 446 2356 Christi,
500 2282 601 2362 qui
646 2290 706 2342 te
749 2281 920 2341 etiam
967 2281 1295 2361 captivitate
1336 2281 1551 2342 saeculi
1594 2281 1877 2357 liberavit,
1920 2282 1961 2315 ²¹
1977 2302 2047 2344 ex
2075 2282 2304 2344 l'orma‘¹
2348 2283 2542 2345 domi-

237 2380 348 2443 nica
386 2401 559 2462 agere
605 2381 867 2443 debebis.
953 2382 1057 2442 Ille
1102 2382 1375 2443 dominus
1418 2382 1479 2443 in
1523 2381 1848 2444 humilitate
1890 2382 2004 2444 ²²et
2045 2383 2404 2463 ignobilitate
2445 2384 2542 2445 in-

239 2484 399 2545 cessit
432 2484 790 2546 ”domicilio
835 2482 1161 2544 incertus·:
1203 2502 1339 2545 nam
1382 2483 1581 2557 Filius,
1638 2484 1845 2565 inquit,
1902 2484 2159 2548 hominis
2202 2504 2323 2547 non
2368 2486 2845 2553 habetnue.1x‚5s.

238 2584 329 2645 ubi
364 2586 593 2667 ”caput
632 2585 912 2659 collocet3
955 2585 1168 2647 vestitu
1210 2585 1485 2658 incultuS‚
1528 2604 1722 2666 neque
1766 2585 1923 2648 enim
1964 2586 2228 2661 dixisset,
2260 2586 2410 2649 Ecce
2440 2586 2842 2668 quittamus.

242 2689 445 2749 teneris
503 2688 871 2760 vestiuntur,
944 2686 1006 2747 in
1070 2687 1342 2749 domibus
1414 2706 1619 2768 regum
1695 2696 1862 2760 sunt3
1933 2688 2096 2750 vultu
2166 2689 2419 2769 denique
2488 2696 2548 2749 et

254 2798 467 2865 aspectu
505 2788 811 2868 inglorius,
854 2787 1062 2850 ”sicut
1117 2797 1176 2851 et
1228 2789 1435 2850 Esaias
1490 2790 1988 2868 pronuntiaverat.
2075 2790 2136 2851 Si
2180 2788 2542 2868 ²sspotestatis
2577 2801 2843 2856 emtum.

261 2883 345 2945 ius
406 2906 621 2969 quoque
673 2890 896 2951 nullam
947 2908 1024 2951 ne
1080 2889 1140 2951 in
1184 2909 1331 2951 suos
1391 2889 1626 2969 quidem
1669 2889 1956 2963 exercuit,
2030 2889 2242 2969 quibus
2303 2891 2545 2951 sordido

261 2986 567 3051 ministerio
630 2992 866 3054 functus
949 3000 1068 3064 est,
1145 2990 1197 3052 si
1263 2991 1519 3070 ”regem
1590 2991 1843 3070 denique
1913 2988 2040 3051 fieri
2112 2989 2383 3053 conscius
2457 2991 2552 3054 sui

250 3174 321 3224 10.
354 3176 477 3227 fideli
503 3181 587 3230 Ab.
693 3180 778 3230 11.
814 3187 861 3230 et
893 3179 1094 3245 puerilis
1129 3187 1370 3245 praetexta
1407 3180 1450 3230 b.
1542 3177 1621 3229 12.
1661 3185 1708 3228 et
1740 3177 1943 3242 puerilis
1978 3178 2101 3228 stola
2135 3178 2253 3229 Am».
2322 3185 2368 3226 et
2404 3179 2546 3242 puel-

242 3242 297 3293 lis
328 3247 441 3295 stola
480 3249 557 3297 Ga.
692 3248 771 3298 13.
809 3250 1061 3299 Caeterum
1096 3247 1193 3311 Αβ.
1324 3248 1402 3298 14.
1440 3245 1697 3296 induantur
1731 3249 1776 3308 b,
1816 3248 2041 3298 Latinius.
2111 3246 2388 3310 inquantum
2425 3246 2544 3296 Bca.

242 3312 400 3363 Omma
428 3316 476 3365 A.
625 3316 705 3365 15.
741 3317 911 3368 seculi.
946 3318 1087 3366 buius
1136 3316 1324 3378 collegii
1362 3319 1404 3365 b.
1545 3315 1620 3364 16.
1661 3315 1778 3364 eins·
1813 3329 1923 3363 vero
1958 3314 2045 3364 AB.
2137 3329 2247 3362 vero
2294 3315 2397 3363 eius
2437 3315 2543 3365 Gab.

238 3378 307 3430 17.
341 3383 384 3431 in
419 3384 688 3433 immundis
724 3387 770 3434 b.
840 3385 1082 3435 inmundis
1113 3386 1165 3435 A.
1252 3383 1508 3433 immundis
1543 3385 1729 3447 reliqui.
1869 3381 1947 3431 18.
1984 3397 2110 3431 nunc
2146 3382 2259 3447 quid
2295 3381 2546 3445 (numquid

230 3446 354 3514 Αφ.)
388 3452 563 3516 loseph
606 3454 657 3501 A.
793 3452 872 3501 19.
910 3453 1190 3502 condicione
1224 3453 1345 3501 servi
1379 3453 1495 3502 Am».
1564 3452 1688 3500 servi
1725 3449 1996 3498 conditione
2037 3450 2110 3500 Ga.
2248 3449 2329 3499 20.
2366 3449 2546 3499 nullius

230 3517 548 3581 inquilinatum
595 3519 750 3569 solius
777 3520 827 3569 A.
900 3521 1079 3569 nullius
1115 3534 1279 3569 servus
1307 3519 1356 3568 in
1392 3527 1618 3584 quantum
1657 3519 1793 3568 solus
1816 3518 1867 3566 B.
1970 3516 2050 3566 21.
2073 3532 2128 3566 ex
2164 3519 2315 3567 l'orma
2350 3520 2427 3568 Ab.
2499 3524 2550 3566 et

226 3583 553 3653 format-eliqua.
647 3585 727 3636 22.
756 3594 805 3636 et
839 3589 1133 3648 ignobilitate
1169 3588 1320 3637 onuA.
1405 3585 1486 3636 23.
1524 3586 1752 3635 domicilii
1789 3587 1902 3635 Petr.
1921 3586 2202 3636 ciacconius.
2284 3584 2365 3634 24.
2405 3592 2550 3649 caput

224 3667 347 3704 suum
384 3657 604 3706 collocet
639 3672 688 3706 a.
825 3654 905 3704 25.
944 3656 1068 3705 sient
1100 3655 1265 3704 Esaias
1291 3657 1341 3704 A.
1478 3653 1558 3703 26.
1597 3654 1849 3717 potestatis
1897 3653 1972 3701 ius
2019 3667 2209 3717 quoque
2244 3653 2430 3702 nullum
2464 3655 2545 3703 Ab.

226 3731 497 3784 potestatem
535 3737 741 3789 quoque
772 3722 955 3772 nullam
987 3725 1171 3788 reliqui.
1273 3720 1357 3771 27.
1393 3733 1555 3783 regem
1590 3724 1671 3772 Ab.
1740 3734 1904 3782 regem
1938 3734 1994 3769 se
2026 3722 2209 3784 reliqui.

279 3841 321 3890 d.
355 3857 411 3892 ex
447 3837 646 3906 forma]
694 3842 860 3891 Forma
897 3841 1027 3905 apud
1062 3840 1342 3903 Septimium
1428 3853 1535 3889 rum
1571 3838 1750 3888 silentii
1785 3839 1905 3888 fides
1940 3836 2221 3887 debeatur.“
2269 3836 2388 3886 lbid.
2423 3835 2463 3896 1,
2498 3835 2549 3887 9.

221 3921 440 3974 persaepe
477 3919 559 3960 est
596 3909 794 3968 modus,
829 3909 921 3968 lex,
945 3909 1084 3959 ratio.
1116 3908 1347 3972 Exempla
1430 3907 1563 3966 „Sed
1598 3907 1713 3970 quid
1748 3921 1835 3967 ego
1873 3906 2020 3955 mirer
2051 3920 2168 3954 vana
2202 3913 2384 3963 vestra,
2440 3919 2550 3954 cum

220 3987 319 4027 sunt
347 3978 560 4043 Apolog.
616 3992 726 4041 cap.
761 3976 811 4026 2.
862 3978 1131 4052 ,‚§uspecta
1167 3977 1231 4025 sit
1264 3991 1347 4025 vo-
1429 3989 1485 4023 ex
1528 3979 1678 4039 [orma
1723 3973 1924 4024 naturali
1972 3981 2317 4036 concorporata
2351 3981 2398 4022 et
2431 3986 2550 4022 con-

218 4042 283 4093 his
316 4048 402 4096 ista
438 4046 768 4111 perversitas,
806 4059 866 4093 ne
900 4060 992 4109 qua
1027 4046 1095 4095 vis
1130 4045 1276 4095 lateat
1298 4043 1345 4093 in
1429 4049 1559 4093 creta
1604 4042 1878 4091 intercessit
1922 4041 2100 4091 malitia
2147 4047 2194 4090 et
2225 4041 2425 4091 stultitia
2458 4039 2549 4089 sub

219 4115 412 4176 occulto,
450 4129 589 4179 quae
628 4127 714 4162 vos
750 4112 975 4162 adversus
1009 4118 1216 4178 sommi,
1258 4112 1345 4161 ad·
1431 4110 1601 4161 eodem
1649 4110 1867 4172 mancipe
1914 4105 2168 4159 erroris?“
2237 4108 2356 4158 lbid.
2391 4108 2452 4169 ll,
2501 4105 2550 4157 3.

216 4195 365 4232 versus
414 4191 657 4232 naturam
692 4180 960 4238 indicandi,
1015 4189 1179 4231 contra
1214 4180 1347 4243 ipsas
1431 4177 1606 4237 „Quod
1655 4178 1696 4226 si
1741 4177 1806 4226 ita
1852 4185 1950 4235 est,
2003 4178 2144 4226 etiam
2190 4175 2410 4225 mortalia
2455 4175 2553 4225 sint

217 4261 394 4314 quoque
444 4251 593 4312 leges
644 4247 935 4297 ministret.“
1003 4248 1121 4297 lbid.
1158 4263 1262 4311 cap.
1299 4246 1349 4297 7.
1431 4261 1630 4296 neeesse
1665 4253 1756 4305 est,
1790 4245 2051 4294 secundnm
2072 4244 2291 4294 animalis
2306 4243 2550 4306 [omont-‘⁸

216 4331 347 4374 „cum
391 4319 469 4368 vel
523 4333 592 4368 eat
642 4322 792 4380 sonna
846 4315 1067 4365 omnibus
1112 4314 1351 4380 mysteriis
1431 4312 1501 4363 De
1536 4313 1732 4363 Testim.
1767 4312 1962 4361 Animae
2004 4327 2108 4376 cap.
2145 4312 2192 4362 4.
2230 4311 2551 4370 „Omittamus

216 4384 377 4435 silentii
426 4387 561 4436 fides
602 4382 889 4433 debeatnr.“
956 4383 1076 4433 lbid.
1126 4399 1231 4447 cap.
1265 4381 1347 4432 4⁸1.
1432 4395 1560 4431 nunc
1584 4379 1849 4431 naturalem
1872 4384 2064 4445 [ormam
2080 4380 2276 4431 timendi
2294 4378 2550 4444 mortem.“

213 4453 367 4514 „quod
401 4466 583 4503 rerum
637 4456 784 4514 [omia
824 4466 921 4501 non
956 4451 1213 4501 εῑιειίηοι.Η
1279 4450 1352 4500 Ad

212 4515 324 4569 Natt.
351 4520 392 4581 1,
416 4521 469 4571 2.
510 4527 732 4580 „contra
764 4524 958 4583 somam
991 4518 1351 4570 iudicandorum
1501 4533 1544 4566 e.
1582 4515 1824 4567 domicilio
1860 4512 2093 4579 incertus]
2131 4514 2331 4575 Quidam
2360 4514 2552 4564 denzici-

213 4589 443 4639 tnalorum
495 4587 787 4639 iudicatis.“
857 4587 976 4636 lbid.
1023 4587 1061 4646 l,
1110 4586 1158 4636 7.
1207 4600 1351 4647 „eum
1429 4587 1495 4635 iio
1532 4599 1641 4635 esse
1676 4586 1879 4635 dativum
1901 4599 2069 4648 parum
2090 4583 2421 4643 intellegentes
2442 4594 2553 4630 cor-

212 4655 275 4702 vel
308 4673 366 4706 es:
399 4662 567 4722 forma
607 4669 671 4704 ac
707 4655 809 4716 lege
852 4655 1063 4704 omnium
1099 4654 1351 4719 mysterio·
1434 4667 1599 4703 rexere
1644 4653 1881 4703 domicilii.

2155 4733 2231 4780 Ἰ*
