<?xml version="1.0" encoding="UTF-8"?>
<!DOCTYPE html PUBLIC "-//W3C//DTD XHTML 1.0 Transitional//EN"
    "http://www.w3.org/TR/xhtml1/DTD/xhtml1-transitional.dtd">
<html xmlns="http://www.w3.org/1999/xhtml" xml:lang="en" lang="en">
 <head>
  <title>
</title>
<meta http-equiv="Content-Type" content="text/html;charset=utf-8" />
  <meta name='ocr-system' content='tesseract 3.04.00' />
  <meta name='ocr-capabilities' content='ocr_page ocr_carea ocr_par ocr_line ocrx_word'/>
</head>
<body>
  <div class='ocr_page' id='page_1' title='image "./quintiseptimiif04tertgoog_0495.png"; bbox 0 0 3263 5311; ppageno 0'>
   <div class='ocr_carea' id='block_1_1' title="bbox 942 423 2563 488">
    <p class='ocr_par' dir='ltr' id='par_1_1' title="bbox 942 423 2563 488">
     <span class='ocr_line' id='line_1_1' title="bbox 942 423 2563 488; baseline 0.009 -14"><span class='ocrx_word' id='word_1_1' title='bbox 942 429 1017 474; x_wconf 73' lang='lat' dir='ltr'><strong>iiii·</strong></span> <span class='ocrx_word' id='word_1_2' title='bbox 1062 429 1213 474; x_wconf 65' lang='lat' dir='ltr'><strong>roci</strong></span> <span class='ocrx_word' id='word_1_3' title='bbox 1256 430 1317 474; x_wconf 78' lang='lat' dir='ltr'><strong>iii</strong></span> <span class='ocrx_word' id='word_1_4' title='bbox 1360 430 1830 477; x_wconf 61' lang='lat' dir='ltr'><strong>»sesacni-tomi.</strong></span> <span class='ocrx_word' id='word_1_5' title='bbox 2435 423 2563 488; x_wconf 79' lang='grc'><strong>463</strong></span> 
     </span>
    </p>
   </div>
   <div class='ocr_carea' id='block_1_2' title="bbox 189 578 2562 764">
    <p class='ocr_par' dir='ltr' id='par_1_2' title="bbox 189 578 2562 764">
     <span class='ocr_line' id='line_1_2' title="bbox 189 578 2560 677; baseline 0.009 -44"><span class='ocrx_word' id='word_1_6' title='bbox 189 584 582 677; x_wconf 48' lang='lat' dir='ltr'><strong>fam-tyrum</strong></span> <span class='ocrx_word' id='word_1_7' title='bbox 622 579 742 640; x_wconf 74' lang='lat' dir='ltr'><strong>”et</strong></span> <span class='ocrx_word' id='word_1_8' title='bbox 783 578 984 660; x_wconf 82' lang='lat' dir='ltr'><strong>paleas</strong></span> <span class='ocrx_word' id='word_1_9' title='bbox 1027 589 1409 660; x_wconf 85' lang='lat' dir='ltr'><strong>negatorum,</strong></span> <span class='ocrx_word' id='word_1_10' title='bbox 1462 581 1583 643; x_wconf 67' lang='lat' dir='ltr'><strong>”et</strong></span> <span class='ocrx_word' id='word_1_11' title='bbox 1620 581 1772 645; x_wconf 84' lang='lat' dir='ltr'><strong>haec</strong></span> <span class='ocrx_word' id='word_1_12' title='bbox 1810 582 2043 646; x_wconf 71' lang='lat' dir='ltr'><strong>”etiam</strong></span> <span class='ocrx_word' id='word_1_13' title='bbox 2083 584 2363 662; x_wconf 48' lang='lat' dir='ltr'><strong>²”sitalem</strong></span> <span class='ocrx_word' id='word_1_14' title='bbox 2409 607 2560 668; x_wconf 80' lang='lat' dir='ltr'><strong>quas</strong></span> 
     </span>
     <span class='ocr_line' id='line_1_3' title="bbox 198 680 2562 764; baseline 0.004 -18"><span class='ocrx_word' id='word_1_15' title='bbox 198 683 525 748; x_wconf 71' lang='lat' dir='ltr'><strong>”somniat</strong></span> <span class='ocrx_word' id='word_1_16' title='bbox 565 681 771 754; x_wconf 82' lang='lat' dir='ltr'>Iacob,</span> <span class='ocrx_word' id='word_1_17' title='bbox 837 680 981 743; x_wconf 80' lang='lat' dir='ltr'><strong>aliis·</strong></span> <span class='ocrx_word' id='word_1_18' title='bbox 1026 699 1336 745; x_wconf 86' lang='lat' dir='ltr'><strong>ascensum</strong></span> <span class='ocrx_word' id='word_1_19' title='bbox 1388 683 1451 744; x_wconf 83' lang='lat' dir='ltr'><strong>in</strong></span> <span class='ocrx_word' id='word_1_20' title='bbox 1506 684 1850 764; x_wconf 79' lang='lat' dir='ltr'>superiora,</span> <span class='ocrx_word' id='word_1_21' title='bbox 1914 685 2052 752; x_wconf 79' lang='lat' dir='ltr'><strong>aliis</strong></span> <span class='ocrx_word' id='word_1_22' title='bbox 2089 686 2442 752; x_wconf 77' lang='lat' dir='ltr'><strong>descensum</strong></span> <span class='ocrx_word' id='word_1_23' title='bbox 2484 691 2562 754; x_wconf 79' lang='lat' dir='ltr'><strong>ad</strong></span> 
     </span>
    </p>
   </div>
   <div class='ocr_carea' id='block_1_3' title="bbox 197 782 2640 868">
    <p class='ocr_par' dir='ltr' id='par_1_3' title="bbox 197 782 2640 868">
     <span class='ocr_line' id='line_1_4' title="bbox 197 782 2640 868; baseline -0.001 -19"><span class='ocrx_word' id='word_1_24' title='bbox 197 785 488 849; x_wconf 68' lang='lat' dir='ltr'><strong>inferiora</strong></span> <span class='ocrx_word' id='word_1_25' title='bbox 530 783 1034 844; x_wconf 88' lang='lat' dir='ltr'><strong>demonstrantes.</strong></span> <span class='ocrx_word' id='word_1_26' title='bbox 1122 782 1222 844; x_wconf 89' lang='lat' dir='ltr'><strong>Sic</strong></span> <span class='ocrx_word' id='word_1_27' title='bbox 1265 791 1324 845; x_wconf 90' lang='lat' dir='ltr'><strong>et</strong></span> <span class='ocrx_word' id='word_1_28' title='bbox 1364 801 1616 863; x_wconf 89' lang='lat' dir='ltr'><strong>agonem</strong></span> <span class='ocrx_word' id='word_1_29' title='bbox 1658 784 1698 817; x_wconf 79' lang='lat'><strong>³¹</strong></span> <span class='ocrx_word' id='word_1_30' title='bbox 1713 784 1974 865; x_wconf 87' lang='lat' dir='ltr'><strong>intellegi</strong></span> <span class='ocrx_word' id='word_1_31' title='bbox 2015 785 2228 867; x_wconf 67' lang='lat' dir='ltr'><strong>”capit</strong></span> <span class='ocrx_word' id='word_1_32' title='bbox 2266 808 2557 868; x_wconf 72' lang='lat' dir='ltr'><strong>perseeu-</strong></span> <span class='ocrx_word' id='word_1_33' title='bbox 2629 859 2640 868; x_wconf 29' lang='grc' dir='ltr'><em>ο</em></span> 
     </span>
    </p>
   </div>
   <div class='ocr_carea' id='block_1_4' title="bbox 194 883 2561 1976">
    <p class='ocr_par' dir='ltr' id='par_1_4' title="bbox 194 883 2561 1976">
     <span class='ocr_line' id='line_1_5' title="bbox 198 883 2561 969; baseline 0.002 -19"><span class='ocrx_word' id='word_1_34' title='bbox 198 888 432 950; x_wconf 88' lang='lat' dir='ltr'><strong>tionem</strong></span> <span class='ocrx_word' id='word_1_35' title='bbox 444 884 495 945; x_wconf 72' lang='lat'><strong>¹².</strong></span> <span class='ocrx_word' id='word_1_36' title='bbox 554 884 604 946; x_wconf 77' lang='lat' dir='ltr'>A</span> <span class='ocrx_word' id='word_1_37' title='bbox 645 902 764 963; x_wconf 86' lang='lat' dir='ltr'><strong>quo</strong></span> <span class='ocrx_word' id='word_1_38' title='bbox 806 883 1162 945; x_wconf 69' lang='lat' dir='ltr'><strong>²‘&#39;cei-tamen</strong></span> <span class='ocrx_word' id='word_1_39' title='bbox 1205 884 1486 959; x_wconf 80' lang='lat' dir='ltr'>edicitur,</span> <span class='ocrx_word' id='word_1_40' title='bbox 1532 886 1648 948; x_wconf 81' lang='lat' dir='ltr'><strong>nisi</strong></span> <span class='ocrx_word' id='word_1_41' title='bbox 1692 903 1725 947; x_wconf 88' lang='lat' dir='ltr'><strong>a</strong></span> <span class='ocrx_word' id='word_1_42' title='bbox 1769 904 1887 966; x_wconf 86' lang='lat' dir='ltr'><strong>quo</strong></span> <span class='ocrx_word' id='word_1_43' title='bbox 1932 905 2152 949; x_wconf 88' lang='lat' dir='ltr'><strong>corona</strong></span> <span class='ocrx_word' id='word_1_44' title='bbox 2195 898 2256 949; x_wconf 86' lang='lat' dir='ltr'><strong>et</strong></span> <span class='ocrx_word' id='word_1_45' title='bbox 2296 892 2561 969; x_wconf 86' lang='lat' dir='ltr'><strong>praemia</strong></span> 
     </span>
     <span class='ocr_line' id='line_1_6' title="bbox 197 983 2557 1069; baseline 0.003 -20"><span class='ocrx_word' id='word_1_46' title='bbox 197 983 671 1069; x_wconf 74' lang='lat' dir='ltr'><strong>proponuntur?</strong></span> <span class='ocrx_word' id='word_1_47' title='bbox 755 984 932 1063; x_wconf 90' lang='lat' dir='ltr'><strong>Legis</strong></span> <span class='ocrx_word' id='word_1_48' title='bbox 989 985 1243 1047; x_wconf 88' lang='lat' dir='ltr'><strong>edictum</strong></span> <span class='ocrx_word' id='word_1_49' title='bbox 1298 986 1507 1065; x_wconf 81' lang='lat' dir='ltr'><strong>agonis</strong></span> <span class='ocrx_word' id='word_1_50' title='bbox 1552 985 1728 1048; x_wconf 87' lang='lat' dir='ltr'><strong>istius</strong></span> <span class='ocrx_word' id='word_1_51' title='bbox 1772 987 1835 1048; x_wconf 87' lang='lat' dir='ltr'><strong>iii</strong></span> <span class='ocrx_word' id='word_1_52' title='bbox 1877 987 2226 1068; x_wconf 77' lang='lat' dir='ltr'><strong>Apocalypsi</strong></span> <span class='ocrx_word' id='word_1_53' title='bbox 2240 990 2276 1063; x_wconf 86' lang='lat'><strong>¹,</strong></span> <span class='ocrx_word' id='word_1_54' title='bbox 2339 991 2557 1069; x_wconf 82' lang='lat' dir='ltr'><strong>quibus</strong></span> 
     </span>
     <span class='ocr_line' id='line_1_7' title="bbox 196 1085 2560 1171; baseline 0.002 -21"><span class='ocrx_word' id='word_1_55' title='bbox 196 1088 484 1171; x_wconf 84' lang='lat' dir='ltr'><strong>praemiis</strong></span> <span class='ocrx_word' id='word_1_56' title='bbox 528 1087 602 1147; x_wconf 92' lang='lat' dir='ltr'><strong>ad</strong></span> <span class='ocrx_word' id='word_1_57' title='bbox 644 1085 957 1147; x_wconf 86' lang='lat' dir='ltr'><strong>victoriam</strong></span> <span class='ocrx_word' id='word_1_58' title='bbox 994 1085 1213 1149; x_wconf 80' lang='lat' dir='ltr'><strong>invitet-</strong></span> <span class='ocrx_word' id='word_1_59' title='bbox 1241 1086 1333 1147; x_wconf 84' lang='lat' dir='ltr'><strong>vel</strong></span> <span class='ocrx_word' id='word_1_60' title='bbox 1373 1085 1627 1149; x_wconf 83' lang='lat' dir='ltr'><strong>maxime</strong></span> <span class='ocrx_word' id='word_1_61' title='bbox 1669 1087 1806 1149; x_wconf 91' lang='lat' dir='ltr'><strong>illos</strong></span> <span class='ocrx_word' id='word_1_62' title='bbox 1863 1090 1966 1168; x_wconf 88' lang='lat' dir='ltr'><strong>qui</strong></span> <span class='ocrx_word' id='word_1_63' title='bbox 2015 1091 2259 1169; x_wconf 80' lang='lat' dir='ltr'><strong>proprie</strong></span> <span class='ocrx_word' id='word_1_64' title='bbox 2307 1091 2560 1158; x_wconf 80' lang='lat' dir='ltr'><strong>vicerint</strong></span> 
     </span>
     <span class='ocr_line' id='line_1_8' title="bbox 198 1186 2558 1268; baseline 0.002 -17"><span class='ocrx_word' id='word_1_65' title='bbox 198 1190 258 1251; x_wconf 90' lang='lat' dir='ltr'><strong>in</strong></span> <span class='ocrx_word' id='word_1_66' title='bbox 298 1187 756 1268; x_wconf 86' lang='lat' dir='ltr'><strong>persecutione,</strong></span> <span class='ocrx_word' id='word_1_67' title='bbox 821 1186 1111 1248; x_wconf 82' lang='lat' dir='ltr'><strong>vincendo</strong></span> <span class='ocrx_word' id='word_1_68' title='bbox 1155 1186 1352 1249; x_wconf 89' lang='lat' dir='ltr'><strong>luctati</strong></span> <span class='ocrx_word' id='word_1_69' title='bbox 1409 1203 1614 1250; x_wconf 83' lang='lat' dir='ltr'><strong>revera</strong></span> <span class='ocrx_word' id='word_1_70' title='bbox 1681 1206 1802 1249; x_wconf 88' lang='lat' dir='ltr'><strong>non</strong></span> <span class='ocrx_word' id='word_1_71' title='bbox 1861 1188 2146 1252; x_wconf 84' lang='lat' dir='ltr'><strong>adversus</strong></span> <span class='ocrx_word' id='word_1_72' title='bbox 2201 1209 2439 1255; x_wconf 82' lang='lat' dir='ltr'><strong>carnem</strong></span> <span class='ocrx_word' id='word_1_73' title='bbox 2495 1202 2558 1256; x_wconf 86' lang='lat' dir='ltr'><strong>et</strong></span> 
     </span>
     <span class='ocr_line' id='line_1_9' title="bbox 198 1285 2553 1370; baseline 0.002 -17"><span class='ocrx_word' id='word_1_74' title='bbox 198 1290 550 1369; x_wconf 87' lang='lat' dir='ltr'><strong>sanguinem</strong></span> <span class='ocrx_word' id='word_1_75' title='bbox 572 1336 587 1362; x_wconf 89' lang='lat'>,</span> <span class='ocrx_word' id='word_1_76' title='bbox 632 1287 739 1349; x_wconf 90' lang='lat' dir='ltr'><strong>sed</strong></span> <span class='ocrx_word' id='word_1_77' title='bbox 783 1285 1070 1349; x_wconf 73' lang='lat' dir='ltr'><strong>adversus</strong></span> <span class='ocrx_word' id='word_1_78' title='bbox 1102 1287 1389 1367; x_wconf 78' lang='lat' dir='ltr'><strong>spiritalia</strong></span> <span class='ocrx_word' id='word_1_79' title='bbox 1416 1288 1716 1368; x_wconf 85' lang='lat' dir='ltr'><strong>nequitiae</strong></span> <span class='ocrx_word' id='word_1_80' title='bbox 1728 1302 1789 1349; x_wconf 84' lang='lat'><strong>¹¹.</strong></span> <span class='ocrx_word' id='word_1_81' title='bbox 1861 1290 1948 1350; x_wconf 81' lang='lat' dir='ltr'><strong>lta</strong></span> <span class='ocrx_word' id='word_1_82' title='bbox 1978 1308 2267 1370; x_wconf 79' lang='lat' dir='ltr'>agnosces</span> <span class='ocrx_word' id='word_1_83' title='bbox 2297 1294 2370 1355; x_wconf 90' lang='lat' dir='ltr'><strong>ad</strong></span> <span class='ocrx_word' id='word_1_84' title='bbox 2400 1311 2553 1356; x_wconf 88' lang='lat' dir='ltr'><strong>eun-</strong></span> 
     </span>
     <span class='ocr_line' id='line_1_10' title="bbox 198 1389 2554 1471; baseline 0.002 -18"><span class='ocrx_word' id='word_1_85' title='bbox 198 1392 329 1453; x_wconf 85' lang='lat' dir='ltr'><strong>dem</strong></span> <span class='ocrx_word' id='word_1_86' title='bbox 388 1389 432 1423; x_wconf 81' lang='lat'><strong>⁸⁴</strong></span> <span class='ocrx_word' id='word_1_87' title='bbox 450 1390 871 1468; x_wconf 77' lang='lat' dir='ltr'><strong>agonothetam</strong></span> <span class='ocrx_word' id='word_1_88' title='bbox 935 1389 1237 1468; x_wconf 86' lang='lat' dir='ltr'><strong>pertinere</strong></span> <span class='ocrx_word' id='word_1_89' title='bbox 1300 1390 1640 1452; x_wconf 80' lang='lat' dir='ltr'><strong>certaminis</strong></span> <span class='ocrx_word' id='word_1_90' title='bbox 1692 1389 2004 1453; x_wconf 78' lang='lat' dir='ltr'><strong>arbitrium</strong></span> <span class='ocrx_word' id='word_1_91' title='bbox 2064 1392 2163 1471; x_wconf 85' lang='lat' dir='ltr'><strong>qui</strong></span> <span class='ocrx_word' id='word_1_92' title='bbox 2220 1394 2427 1462; x_wconf 80' lang='lat' dir='ltr'><strong>invitat</strong></span> <span class='ocrx_word' id='word_1_93' title='bbox 2479 1396 2554 1458; x_wconf 86' lang='lat' dir='ltr'><strong>ad</strong></span> 
     </span>
     <span class='ocr_line' id='line_1_11' title="bbox 195 1489 2551 1576; baseline 0.001 -22"><span class='ocrx_word' id='word_1_94' title='bbox 195 1492 553 1572; x_wconf 87' lang='lat' dir='ltr'><strong>praemium.</strong></span> <span class='ocrx_word' id='word_1_95' title='bbox 621 1490 837 1551; x_wconf 85' lang='lat' dir='ltr'><strong>Totum</strong></span> <span class='ocrx_word' id='word_1_96' title='bbox 884 1489 1046 1568; x_wconf 89' lang='lat' dir='ltr'><strong>quod</strong></span> <span class='ocrx_word' id='word_1_97' title='bbox 1089 1489 1281 1570; x_wconf 83' lang='lat' dir='ltr'><strong>agitur</strong></span> <span class='ocrx_word' id='word_1_98' title='bbox 1321 1490 1384 1551; x_wconf 91' lang='lat' dir='ltr'><strong>in</strong></span> <span class='ocrx_word' id='word_1_99' title='bbox 1425 1491 1843 1570; x_wconf 87' lang='lat' dir='ltr'><strong>persecutione</strong></span> <span class='ocrx_word' id='word_1_100' title='bbox 1886 1491 2074 1572; x_wconf 84' lang='lat' dir='ltr'><strong>gloria</strong></span> <span class='ocrx_word' id='word_1_101' title='bbox 2104 1494 2200 1555; x_wconf 89' lang='lat' dir='ltr'><strong>dei</strong></span> <span class='ocrx_word' id='word_1_102' title='bbox 2232 1503 2356 1570; x_wconf 90' lang='lat' dir='ltr'><strong>est,</strong></span> <span class='ocrx_word' id='word_1_103' title='bbox 2400 1515 2551 1576; x_wconf 88' lang='lat' dir='ltr'><strong>pro-</strong></span> 
     </span>
     <span class='ocr_line' id='line_1_12' title="bbox 194 1590 2552 1671; baseline 0.002 -16"><span class='ocrx_word' id='word_1_104' title='bbox 194 1593 388 1655; x_wconf 88' lang='lat' dir='ltr'><strong>bantis</strong></span> <span class='ocrx_word' id='word_1_105' title='bbox 433 1599 502 1653; x_wconf 82' lang='lat' dir='ltr'><strong>et</strong></span> <span class='ocrx_word' id='word_1_106' title='bbox 541 1590 949 1671; x_wconf 87' lang='lat' dir='ltr'><strong>reprobantis,</strong></span> <span class='ocrx_word' id='word_1_107' title='bbox 1012 1590 1374 1670; x_wconf 87' lang='lat' dir='ltr'><strong>imponentis</strong></span> <span class='ocrx_word' id='word_1_108' title='bbox 1429 1597 1490 1652; x_wconf 91' lang='lat' dir='ltr'><strong>et</strong></span> <span class='ocrx_word' id='word_1_109' title='bbox 1531 1592 1908 1671; x_wconf 87' lang='lat' dir='ltr'><strong>deponentis.</strong></span> <span class='ocrx_word' id='word_1_110' title='bbox 2018 1593 2194 1666; x_wconf 88' lang='lat' dir='ltr'><strong>Quod</strong></span> <span class='ocrx_word' id='word_1_111' title='bbox 2237 1604 2432 1659; x_wconf 87' lang='lat' dir='ltr'><strong>autem</strong></span> <span class='ocrx_word' id='word_1_112' title='bbox 2477 1598 2552 1659; x_wconf 94' lang='lat' dir='ltr'><strong>ad</strong></span> 
     </span>
     <span class='ocr_line' id='line_1_13' title="bbox 196 1691 2550 1776; baseline 0.001 -20"><span class='ocrx_word' id='word_1_113' title='bbox 196 1694 437 1774; x_wconf 80' lang='lat' dir='ltr'><strong>gloriam</strong></span> <span class='ocrx_word' id='word_1_114' title='bbox 493 1692 589 1753; x_wconf 92' lang='lat' dir='ltr'><strong>dei</strong></span> <span class='ocrx_word' id='word_1_115' title='bbox 630 1693 919 1771; x_wconf 81' lang='lat' dir='ltr'><strong>pertinet,</strong></span> <span class='ocrx_word' id='word_1_116' title='bbox 963 1691 1169 1770; x_wconf 86' lang='lat' dir='ltr'><strong>utique</strong></span> <span class='ocrx_word' id='word_1_117' title='bbox 1212 1710 1283 1753; x_wconf 85' lang='lat' dir='ltr'><strong>ex</strong></span> <span class='ocrx_word' id='word_1_118' title='bbox 1325 1692 1625 1754; x_wconf 81' lang='lat' dir='ltr'><strong>voluntate</strong></span> <span class='ocrx_word' id='word_1_119' title='bbox 1655 1693 1811 1755; x_wconf 89' lang='lat' dir='ltr'><strong>illius</strong></span> <span class='ocrx_word' id='word_1_120' title='bbox 1840 1695 2090 1758; x_wconf 84' lang='lat' dir='ltr'><strong>eveniet.</strong></span> <span class='ocrx_word' id='word_1_121' title='bbox 2165 1695 2284 1757; x_wconf 89' lang='lat' dir='ltr'><strong>Sed</strong></span> <span class='ocrx_word' id='word_1_122' title='bbox 2315 1697 2550 1776; x_wconf 89' lang='lat' dir='ltr'><strong>quando</strong></span> 
     </span>
     <span class='ocr_line' id='line_1_14' title="bbox 197 1790 2553 1877; baseline 0.002 -21"><span class='ocrx_word' id='word_1_123' title='bbox 197 1795 339 1858; x_wconf 90' lang='lat' dir='ltr'><strong>deus</strong></span> <span class='ocrx_word' id='word_1_124' title='bbox 394 1793 594 1872; x_wconf 86' lang='lat' dir='ltr'><strong>magis</strong></span> <span class='ocrx_word' id='word_1_125' title='bbox 649 1793 938 1865; x_wconf 89' lang='lat' dir='ltr'><strong>creditur,</strong></span> <span class='ocrx_word' id='word_1_126' title='bbox 1006 1790 1182 1853; x_wconf 63' lang='lat' dir='ltr'><strong>³¹&#39;nisi</strong></span> <span class='ocrx_word' id='word_1_127' title='bbox 1239 1810 1372 1855; x_wconf 90' lang='lat' dir='ltr'><strong>cum</strong></span> <span class='ocrx_word' id='word_1_128' title='bbox 1421 1793 1612 1872; x_wconf 84' lang='lat' dir='ltr'><strong>magis</strong></span> <span class='ocrx_word' id='word_1_129' title='bbox 1659 1793 1943 1856; x_wconf 74' lang='lat' dir='ltr'><strong>timetur?</strong></span> <span class='ocrx_word' id='word_1_130' title='bbox 2016 1795 2132 1856; x_wconf 90' lang='lat' dir='ltr'><strong>nisi</strong></span> <span class='ocrx_word' id='word_1_131' title='bbox 2173 1795 2239 1857; x_wconf 89' lang='lat' dir='ltr'><strong>in</strong></span> <span class='ocrx_word' id='word_1_132' title='bbox 2284 1806 2553 1877; x_wconf 88' lang='lat' dir='ltr'><strong>tempore</strong></span> 
     </span>
     <span class='ocr_line' id='line_1_15' title="bbox 197 1891 2547 1976; baseline 0.001 -18"><span class='ocrx_word' id='word_1_133' title='bbox 197 1892 685 1976; x_wconf 77' lang='lat' dir='ltr'><strong>persecutionis?</strong></span> <span class='ocrx_word' id='word_1_134' title='bbox 770 1892 1086 1955; x_wconf 73' lang='lat' dir='ltr'><strong>³⁸Ecclesia</strong></span> <span class='ocrx_word' id='word_1_135' title='bbox 1130 1891 1193 1954; x_wconf 94' lang='lat' dir='ltr'><strong>in</strong></span> <span class='ocrx_word' id='word_1_136' title='bbox 1234 1893 1277 1926; x_wconf 75' lang='lat'><strong>³⁷</strong></span> <span class='ocrx_word' id='word_1_137' title='bbox 1291 1895 1543 1957; x_wconf 88' lang='lat' dir='ltr'><strong>attonito</strong></span> <span class='ocrx_word' id='word_1_138' title='bbox 1589 1903 1740 1956; x_wconf 58' lang='lat' dir='ltr'><strong>estu.</strong></span> <span class='ocrx_word' id='word_1_139' title='bbox 1829 1895 1999 1957; x_wconf 84' lang='lat' dir='ltr'><strong>Tunc</strong></span> <span class='ocrx_word' id='word_1_140' title='bbox 2040 1908 2101 1958; x_wconf 88' lang='lat' dir='ltr'><strong>et</strong></span> <span class='ocrx_word' id='word_1_141' title='bbox 2141 1896 2291 1959; x_wconf 83' lang='lat' dir='ltr'><strong>fides</strong></span> <span class='ocrx_word' id='word_1_142' title='bbox 2335 1899 2399 1960; x_wconf 90' lang='lat' dir='ltr'><strong>in</strong></span> <span class='ocrx_word' id='word_1_143' title='bbox 2440 1917 2547 1960; x_wconf 83' lang='lat' dir='ltr'><strong>ex-</strong></span> 
     </span>
    </p>
   </div>
   <div class='ocr_carea' id='block_1_5' title="bbox 76 1993 2766 2076">
    <p class='ocr_par' dir='ltr' id='par_1_5' title="bbox 76 1993 2766 2076">
     <span class='ocr_line' id='line_1_16' title="bbox 76 1993 2766 2076; baseline 0.001 -18"><span class='ocrx_word' id='word_1_144' title='bbox 76 2061 89 2070; x_wconf 74' lang='grc'><em>,</em></span> <span class='ocrx_word' id='word_1_145' title='bbox 198 1999 497 2076; x_wconf 84' lang='lat' dir='ltr'><strong>peditione</strong></span> <span class='ocrx_word' id='word_1_146' title='bbox 546 1995 855 2057; x_wconf 85' lang='lat' dir='ltr'><strong>sollicitior</strong></span> <span class='ocrx_word' id='word_1_147' title='bbox 899 2002 957 2055; x_wconf 86' lang='lat' dir='ltr'><strong>et</strong></span> <span class='ocrx_word' id='word_1_148' title='bbox 1020 1993 1448 2074; x_wconf 83' lang='lat' dir='ltr'><strong>disciplinatior</strong></span> <span class='ocrx_word' id='word_1_149' title='bbox 1505 1996 1566 2056; x_wconf 92' lang='lat' dir='ltr'><strong>in</strong></span> <span class='ocrx_word' id='word_1_150' title='bbox 1622 1995 1859 2056; x_wconf 89' lang='lat' dir='ltr'><strong>ieiuniis</strong></span> <span class='ocrx_word' id='word_1_151' title='bbox 1913 1995 2026 2058; x_wconf 69' lang='lat' dir='ltr'><strong>”et</strong></span> <span class='ocrx_word' id='word_1_152' title='bbox 2079 1998 2436 2061; x_wconf 87' lang='lat' dir='ltr'><strong>stationibus</strong></span> <span class='ocrx_word' id='word_1_153' title='bbox 2490 2007 2554 2061; x_wconf 91' lang='lat' dir='ltr'><strong>et</strong></span> <span class='ocrx_word' id='word_1_154' title='bbox 2600 2023 2648 2068; x_wconf 79' lang='grc'><strong>,·</strong></span> <span class='ocrx_word' id='word_1_155' title='bbox 2749 2019 2766 2026; x_wconf 77' lang='grc'><em>·</em></span> 
     </span>
    </p>
   </div>
   <div class='ocr_carea' id='block_1_6' title="bbox 203 2094 2551 2480">
    <p class='ocr_par' dir='ltr' id='par_1_6' title="bbox 203 2094 2551 2480">
     <span class='ocr_line' id='line_1_17' title="bbox 203 2094 2549 2175; baseline 0.001 -16"><span class='ocrx_word' id='word_1_156' title='bbox 203 2098 571 2160; x_wconf 88' lang='lat' dir='ltr'><strong>orationibus</strong></span> <span class='ocrx_word' id='word_1_157' title='bbox 618 2104 678 2157; x_wconf 89' lang='lat' dir='ltr'><strong>et</strong></span> <span class='ocrx_word' id='word_1_158' title='bbox 718 2095 1078 2168; x_wconf 84' lang='lat' dir='ltr'><strong>humilitate,</strong></span> <span class='ocrx_word' id='word_1_159' title='bbox 1127 2094 1245 2156; x_wconf 72' lang='lat' dir='ltr'><strong>³¹&#39;in</strong></span> <span class='ocrx_word' id='word_1_160' title='bbox 1288 2095 1567 2157; x_wconf 89' lang='lat' dir='ltr'><strong>alterutra</strong></span> <span class='ocrx_word' id='word_1_161' title='bbox 1613 2096 1950 2175; x_wconf 84' lang='lat' dir='ltr'><strong>diligentia⁰</strong></span> <span class='ocrx_word' id='word_1_162' title='bbox 1993 2106 2055 2158; x_wconf 92' lang='lat' dir='ltr'><strong>et</strong></span> <span class='ocrx_word' id='word_1_163' title='bbox 2093 2098 2440 2175; x_wconf 78' lang='lat' dir='ltr'><strong>dilectione,</strong></span> <span class='ocrx_word' id='word_1_164' title='bbox 2487 2100 2549 2163; x_wconf 89' lang='lat' dir='ltr'><strong>in</strong></span> 
     </span>
     <span class='ocr_line' id='line_1_18' title="bbox 204 2196 2548 2279; baseline 0 -19"><span class='ocrx_word' id='word_1_165' title='bbox 204 2200 507 2264; x_wconf 87' lang='lat' dir='ltr'><strong>sanctitate</strong></span> <span class='ocrx_word' id='word_1_166' title='bbox 542 2206 601 2259; x_wconf 90' lang='lat' dir='ltr'><strong>et</strong></span> <span class='ocrx_word' id='word_1_167' title='bbox 629 2196 969 2258; x_wconf 86' lang='lat' dir='ltr'><strong>sobrietate.</strong></span> <span class='ocrx_word' id='word_1_168' title='bbox 1028 2196 1162 2257; x_wconf 89' lang='lat' dir='ltr'><strong>Non</strong></span> <span class='ocrx_word' id='word_1_169' title='bbox 1205 2196 1363 2258; x_wconf 90' lang='lat' dir='ltr'><strong>enim</strong></span> <span class='ocrx_word' id='word_1_170' title='bbox 1407 2205 1646 2258; x_wconf 85' lang='lat' dir='ltr'><strong>vacatur</strong></span> <span class='ocrx_word' id='word_1_171' title='bbox 1685 2197 1806 2258; x_wconf 91' lang='lat' dir='ltr'><strong>nisi</strong></span> <span class='ocrx_word' id='word_1_172' title='bbox 1849 2198 2051 2259; x_wconf 88' lang='lat' dir='ltr'><strong>timori</strong></span> <span class='ocrx_word' id='word_1_173' title='bbox 2081 2207 2141 2260; x_wconf 84' lang='lat' dir='ltr'><strong>et</strong></span> <span class='ocrx_word' id='word_1_174' title='bbox 2171 2199 2321 2279; x_wconf 88' lang='lat' dir='ltr'><strong>spei.</strong></span> <span class='ocrx_word' id='word_1_175' title='bbox 2383 2200 2548 2262; x_wconf 83' lang='lat' dir='ltr'><strong>Adeo</strong></span> 
     </span>
     <span class='ocr_line' id='line_1_19' title="bbox 206 2296 2551 2380; baseline 0 -19"><span class='ocrx_word' id='word_1_176' title='bbox 206 2309 263 2361; x_wconf 91' lang='lat' dir='ltr'><strong>et</strong></span> <span class='ocrx_word' id='word_1_177' title='bbox 304 2319 372 2362; x_wconf 83' lang='lat' dir='ltr'><strong>ex</strong></span> <span class='ocrx_word' id='word_1_178' title='bbox 415 2301 537 2361; x_wconf 88' lang='lat' dir='ltr'><strong>hoc</strong></span> <span class='ocrx_word' id='word_1_179' title='bbox 578 2299 710 2378; x_wconf 88' lang='lat' dir='ltr'><strong>ipso</strong></span> <span class='ocrx_word' id='word_1_180' title='bbox 756 2297 1093 2360; x_wconf 84' lang='lat' dir='ltr'><strong>ostenditur</strong></span> <span class='ocrx_word' id='word_1_181' title='bbox 1136 2296 1309 2359; x_wconf 90' lang='lat' dir='ltr'><strong>nobis</strong></span> <span class='ocrx_word' id='word_1_182' title='bbox 1371 2314 1495 2358; x_wconf 91' lang='lat' dir='ltr'><strong>non</strong></span> <span class='ocrx_word' id='word_1_183' title='bbox 1546 2316 1736 2377; x_wconf 90' lang='lat' dir='ltr'><strong>posse</strong></span> <span class='ocrx_word' id='word_1_184' title='bbox 1793 2298 2026 2362; x_wconf 90' lang='lat' dir='ltr'><strong>diabolo</strong></span> <span class='ocrx_word' id='word_1_185' title='bbox 2086 2300 2354 2380; x_wconf 81' lang='lat' dir='ltr'><strong>deputari</strong></span> <span class='ocrx_word' id='word_1_186' title='bbox 2417 2320 2551 2369; x_wconf 83' lang='lat' dir='ltr'><strong>eam</strong></span> 
     </span>
     <span class='ocr_line' id='line_1_20' title="bbox 206 2398 1313 2480; baseline -0.002 -18"><span class='ocrx_word' id='word_1_187' title='bbox 206 2421 351 2480; x_wconf 88' lang='lat' dir='ltr'><strong>quae</strong></span> <span class='ocrx_word' id='word_1_188' title='bbox 391 2401 675 2462; x_wconf 87' lang='lat' dir='ltr'><strong>meliores</strong></span> <span class='ocrx_word' id='word_1_189' title='bbox 723 2398 903 2460; x_wconf 78' lang='lat' dir='ltr'><strong>efficit</strong></span> <span class='ocrx_word' id='word_1_190' title='bbox 942 2399 1036 2460; x_wconf 90' lang='lat' dir='ltr'><strong>dei</strong></span> <span class='ocrx_word' id='word_1_191' title='bbox 1083 2417 1313 2460; x_wconf 75' lang='lat' dir='ltr'><strong>servos·</strong></span> 
     </span>
    </p>
   </div>
   <div class='ocr_carea' id='block_1_7' title="bbox 370 2499 2766 2602">
    <p class='ocr_par' dir='ltr' id='par_1_7' title="bbox 370 2499 2766 2602">
     <span class='ocr_line' id='line_1_21' title="bbox 370 2499 2766 2602; baseline -0.002 -39"><span class='ocrx_word' id='word_1_192' title='bbox 370 2503 495 2575; x_wconf 81' lang='lat' dir='ltr'><strong>¹Si,</strong></span> <span class='ocrx_word' id='word_1_193' title='bbox 542 2499 703 2580; x_wconf 84' lang='lat' dir='ltr'><strong>quod</strong></span> <span class='ocrx_word' id='word_1_194' title='bbox 747 2499 1023 2579; x_wconf 87' lang='lat' dir='ltr'><strong>iniquitas</strong></span> <span class='ocrx_word' id='word_1_195' title='bbox 1068 2517 1100 2561; x_wconf 90' lang='lat' dir='ltr'><strong>a</strong></span> <span class='ocrx_word' id='word_1_196' title='bbox 1145 2499 1258 2561; x_wconf 92' lang='lat' dir='ltr'><strong>deo</strong></span> <span class='ocrx_word' id='word_1_197' title='bbox 1304 2517 1427 2560; x_wconf 88' lang='lat' dir='ltr'><strong>non</strong></span> <span class='ocrx_word' id='word_1_198' title='bbox 1473 2505 1596 2574; x_wconf 80' lang='lat' dir='ltr'><strong>est,</strong></span> <span class='ocrx_word' id='word_1_199' title='bbox 1655 2500 1763 2561; x_wconf 91' lang='lat' dir='ltr'><strong>sed</strong></span> <span class='ocrx_word' id='word_1_200' title='bbox 1806 2519 1839 2562; x_wconf 91' lang='lat' dir='ltr'><strong>a</strong></span> <span class='ocrx_word' id='word_1_201' title='bbox 1880 2499 2148 2602; x_wconf 78' lang='lat' dir='ltr'><strong>diabolo,</strong></span> <span class='ocrx_word' id='word_1_202' title='bbox 2205 2503 2546 2582; x_wconf 87' lang='lat' dir='ltr'><strong>persecutio</strong></span> <span class='ocrx_word' id='word_1_203' title='bbox 2583 2516 2766 2574; x_wconf 54' lang='lat' dir='ltr'><strong>(tapsi.</strong></span> 
     </span>
    </p>
   </div>
   <div class='ocr_carea' id='block_1_8' title="bbox 206 2670 2592 2752">
    <p class='ocr_par' dir='ltr' id='par_1_8' title="bbox 206 2670 2592 2752">
     <span class='ocr_line' id='line_1_22' title="bbox 206 2670 2592 2752; baseline 0.001 -15"><span class='ocrx_word' id='word_1_204' title='bbox 206 2686 285 2737; x_wconf 84' lang='lat'><strong>25.</strong></span> <span class='ocrx_word' id='word_1_205' title='bbox 321 2696 556 2739; x_wconf 87' lang='lat' dir='ltr'><strong>maturum</strong></span> <span class='ocrx_word' id='word_1_206' title='bbox 594 2687 1079 2739; x_wconf 75' lang='lat' dir='ltr'><strong>ABs.Lourentioiius.</strong></span> <span class='ocrx_word' id='word_1_207' title='bbox 1170 2686 1250 2738; x_wconf 85' lang='grc'><strong>26.</strong></span> <span class='ocrx_word' id='word_1_208' title='bbox 1290 2694 1335 2737; x_wconf 86' lang='lat' dir='ltr'><strong>et</strong></span> <span class='ocrx_word' id='word_1_209' title='bbox 1370 2686 1526 2752; x_wconf 87' lang='lat' dir='ltr'><strong>palias</strong></span> <span class='ocrx_word' id='word_1_210' title='bbox 1561 2689 1611 2738; x_wconf 85' lang='lat' dir='ltr'><strong>B.</strong></span> <span class='ocrx_word' id='word_1_211' title='bbox 1707 2686 1789 2739; x_wconf 79' lang='grc'><strong>27.</strong></span> <span class='ocrx_word' id='word_1_212' title='bbox 1828 2696 1875 2736; x_wconf 89' lang='lat' dir='ltr'><strong>et</strong></span> <span class='ocrx_word' id='word_1_213' title='bbox 1910 2687 2030 2739; x_wconf 83' lang='lat' dir='ltr'><strong>haec</strong></span> <span class='ocrx_word' id='word_1_214' title='bbox 2063 2689 2115 2738; x_wconf 85' lang='lat' dir='ltr'><strong>B.</strong></span> <span class='ocrx_word' id='word_1_215' title='bbox 2185 2670 2314 2739; x_wconf 78' lang='lat' dir='ltr'><strong>Haec</strong></span> <span class='ocrx_word' id='word_1_216' title='bbox 2348 2692 2417 2741; x_wconf 86' lang='lat' dir='ltr'><strong>de.</strong></span> <span class='ocrx_word' id='word_1_217' title='bbox 2455 2696 2546 2739; x_wconf 77' lang='lat' dir='ltr'><strong>tres</strong></span> <span class='ocrx_word' id='word_1_218' title='bbox 2579 2688 2592 2700; x_wconf 86' lang='grc'><em>“</em></span> 
     </span>
    </p>
   </div>
   <div class='ocr_carea' id='block_1_9' title="bbox 132 2748 2548 3294">
    <p class='ocr_par' dir='ltr' id='par_1_9' title="bbox 132 2748 2548 3158">
     <span class='ocr_line' id='line_1_23' title="bbox 211 2748 2544 2821; baseline 0.001 -19"><span class='ocrx_word' id='word_1_219' title='bbox 211 2756 422 2806; x_wconf 76' lang='lat' dir='ltr'><strong>Vaticani.</strong></span> <span class='ocrx_word' id='word_1_220' title='bbox 507 2765 554 2805; x_wconf 85' lang='lat' dir='ltr'><strong>et</strong></span> <span class='ocrx_word' id='word_1_221' title='bbox 588 2757 677 2805; x_wconf 86' lang='lat' dir='ltr'><strong>liae</strong></span> <span class='ocrx_word' id='word_1_222' title='bbox 711 2757 763 2806; x_wconf 76' lang='lat' dir='ltr'><strong>A.</strong></span> <span class='ocrx_word' id='word_1_223' title='bbox 851 2757 950 2805; x_wconf 81' lang='lat' dir='ltr'><strong>Hae</strong></span> <span class='ocrx_word' id='word_1_224' title='bbox 987 2757 1171 2821; x_wconf 76' lang='lat' dir='ltr'><strong>reliqui.</strong></span> <span class='ocrx_word' id='word_1_225' title='bbox 1276 2754 1358 2805; x_wconf 83' lang='lat'><strong>28.</strong></span> <span class='ocrx_word' id='word_1_226' title='bbox 1396 2757 1537 2805; x_wconf 85' lang='lat' dir='ltr'><strong>etiam</strong></span> <span class='ocrx_word' id='word_1_227' title='bbox 1574 2748 1745 2807; x_wconf 77' lang='lat' dir='ltr'><strong>ABa‘bc.</strong></span> <span class='ocrx_word' id='word_1_228' title='bbox 1829 2756 1956 2804; x_wconf 88' lang='lat' dir='ltr'><strong>enim</strong></span> <span class='ocrx_word' id='word_1_229' title='bbox 1990 2757 2175 2820; x_wconf 77' lang='lat' dir='ltr'><strong>reliqui.</strong></span> <span class='ocrx_word' id='word_1_230' title='bbox 2282 2754 2363 2805; x_wconf 84' lang='lat'><strong>29.</strong></span> <span class='ocrx_word' id='word_1_231' title='bbox 2402 2757 2544 2805; x_wconf 86' lang='lat' dir='ltr'><strong>scha-</strong></span> 
     </span>
     <span class='ocr_line' id='line_1_24' title="bbox 132 2820 2548 2886; baseline -0.002 -11"><span class='ocrx_word' id='word_1_232' title='bbox 132 2868 147 2875; x_wconf 91' lang='lat'><strong>-</strong></span> <span class='ocrx_word' id='word_1_233' title='bbox 208 2821 281 2870; x_wconf 88' lang='lat' dir='ltr'><strong>lae</strong></span> <span class='ocrx_word' id='word_1_234' title='bbox 303 2824 350 2873; x_wconf 83' lang='lat' dir='ltr'><strong>B.</strong></span> <span class='ocrx_word' id='word_1_235' title='bbox 433 2823 515 2872; x_wconf 78' lang='grc'><strong>30.</strong></span> <span class='ocrx_word' id='word_1_236' title='bbox 552 2824 804 2873; x_wconf 85' lang='lat' dir='ltr'><strong>somniavit</strong></span> <span class='ocrx_word' id='word_1_237' title='bbox 824 2825 1157 2874; x_wconf 78' lang='lat' dir='ltr'><strong>Laurentianus</strong></span> <span class='ocrx_word' id='word_1_238' title='bbox 1184 2831 1227 2873; x_wconf 85' lang='lat' dir='ltr'><strong>et</strong></span> <span class='ocrx_word' id='word_1_239' title='bbox 1249 2830 1341 2873; x_wconf 81' lang='lat' dir='ltr'><strong>tres</strong></span> <span class='ocrx_word' id='word_1_240' title='bbox 1360 2824 1580 2874; x_wconf 75' lang='lat' dir='ltr'><strong>Vaticani.</strong></span> <span class='ocrx_word' id='word_1_241' title='bbox 1653 2820 1735 2871; x_wconf 89' lang='grc'><strong>31.</strong></span> <span class='ocrx_word' id='word_1_242' title='bbox 1772 2823 1983 2883; x_wconf 82' lang='lat' dir='ltr'><strong>intellegi</strong></span> <span class='ocrx_word' id='word_1_243' title='bbox 2021 2840 2064 2872; x_wconf 84' lang='lat' dir='ltr'><strong>u.</strong></span> <span class='ocrx_word' id='word_1_244' title='bbox 2153 2821 2234 2873; x_wconf 89' lang='grc'><strong>32.</strong></span> <span class='ocrx_word' id='word_1_245' title='bbox 2273 2824 2400 2886; x_wconf 86' lang='lat' dir='ltr'><strong>cepit</strong></span> <span class='ocrx_word' id='word_1_246' title='bbox 2425 2825 2548 2873; x_wconf 77' lang='lat' dir='ltr'><strong>Lati-</strong></span> 
     </span>
     <span class='ocr_line' id='line_1_25' title="bbox 206 2888 2546 2951; baseline 0.001 -14"><span class='ocrx_word' id='word_1_247' title='bbox 206 2892 453 2939; x_wconf 77' lang='lat' dir='ltr'><strong>rentianns.</strong></span> <span class='ocrx_word' id='word_1_248' title='bbox 537 2890 617 2940; x_wconf 92' lang='grc'><strong>33.</strong></span> <span class='ocrx_word' id='word_1_249' title='bbox 654 2899 897 2941; x_wconf 86' lang='lat' dir='ltr'><strong>certamen</strong></span> <span class='ocrx_word' id='word_1_250' title='bbox 933 2892 1109 2941; x_wconf 87' lang='lat' dir='ltr'><strong>dicitur</strong></span> <span class='ocrx_word' id='word_1_251' title='bbox 1144 2908 1186 2940; x_wconf 85' lang='lat' dir='ltr'><strong>u.</strong></span> <span class='ocrx_word' id='word_1_252' title='bbox 1258 2890 1518 2940; x_wconf 76' lang='lat' dir='ltr'><strong>certamine</strong></span> <span class='ocrx_word' id='word_1_253' title='bbox 1553 2890 1728 2939; x_wconf 89' lang='lat' dir='ltr'><strong>dicitur</strong></span> <span class='ocrx_word' id='word_1_254' title='bbox 1761 2890 2217 2939; x_wconf 58' lang='lat' dir='ltr'><strong>,iamiar-eutimius.</strong></span> <span class='ocrx_word' id='word_1_255' title='bbox 2308 2888 2389 2939; x_wconf 85' lang='grc'><strong>34.</strong></span> <span class='ocrx_word' id='word_1_256' title='bbox 2428 2903 2546 2951; x_wconf 88' lang='lat' dir='ltr'><strong>ago-</strong></span> 
     </span>
     <span class='ocr_line' id='line_1_26' title="bbox 209 2956 2545 3020; baseline 0.001 -16"><span class='ocrx_word' id='word_1_257' title='bbox 209 2958 433 3006; x_wconf 86' lang='lat' dir='ltr'><strong>nithetam</strong></span> <span class='ocrx_word' id='word_1_258' title='bbox 469 2958 555 3007; x_wconf 77' lang='lat' dir='ltr'><strong>AB.</strong></span> <span class='ocrx_word' id='word_1_259' title='bbox 592 2958 941 3009; x_wconf 75' lang='lat' dir='ltr'><strong>Laurentianus.</strong></span> <span class='ocrx_word' id='word_1_260' title='bbox 1045 2957 1128 3007; x_wconf 91' lang='lat'><strong>35.</strong></span> <span class='ocrx_word' id='word_1_261' title='bbox 1165 2958 1256 3007; x_wconf 89' lang='lat' dir='ltr'><strong>nisi</strong></span> <span class='ocrx_word' id='word_1_262' title='bbox 1294 2971 1400 3007; x_wconf 87' lang='lat' dir='ltr'><strong>cum</strong></span> <span class='ocrx_word' id='word_1_263' title='bbox 1441 2983 1505 2993; x_wconf 95' lang='lat'><strong>——</strong></span> <span class='ocrx_word' id='word_1_264' title='bbox 1544 2982 1610 2993; x_wconf 90' lang='lat'><strong>-—</strong></span> <span class='ocrx_word' id='word_1_265' title='bbox 1660 2956 2012 3020; x_wconf 84' lang='lat' dir='ltr'><strong>persecutionis</strong></span> <span class='ocrx_word' id='word_1_266' title='bbox 2062 2956 2266 3006; x_wconf 85' lang='lat' dir='ltr'><strong>ecclesia</strong></span> <span class='ocrx_word' id='word_1_267' title='bbox 2316 2958 2545 3008; x_wconf 80' lang='lat' dir='ltr'><strong>Latinius.</strong></span> 
     </span>
     <span class='ocr_line' id='line_1_27' title="bbox 208 3022 2544 3076; baseline 0 -4"><span class='ocrx_word' id='word_1_268' title='bbox 208 3022 286 3073; x_wconf 84' lang='lat'><strong>36.</strong></span> <span class='ocrx_word' id='word_1_269' title='bbox 325 3025 455 3075; x_wconf 86' lang='lat' dir='ltr'><strong>Tunc</strong></span> <span class='ocrx_word' id='word_1_270' title='bbox 491 3026 691 3075; x_wconf 85' lang='lat' dir='ltr'><strong>ecclesia</strong></span> <span class='ocrx_word' id='word_1_271' title='bbox 728 3022 769 3076; x_wconf 74' lang='lat' dir='ltr'><strong>e.</strong></span> <span class='ocrx_word' id='word_1_272' title='bbox 860 3025 941 3075; x_wconf 76' lang='lat'><strong>37.</strong></span> <span class='ocrx_word' id='word_1_273' title='bbox 977 3027 1186 3076; x_wconf 87' lang='lat' dir='ltr'><strong>actonitu</strong></span> <span class='ocrx_word' id='word_1_274' title='bbox 1221 3022 1272 3074; x_wconf 72' lang='lat' dir='ltr'><strong>A.</strong></span> <span class='ocrx_word' id='word_1_275' title='bbox 1287 3026 1639 3075; x_wconf 76' lang='lat' dir='ltr'><strong>Laurentianus.</strong></span> <span class='ocrx_word' id='word_1_276' title='bbox 1722 3022 1802 3073; x_wconf 87' lang='grc'><strong>38.</strong></span> <span class='ocrx_word' id='word_1_277' title='bbox 1843 3024 1889 3072; x_wconf 91' lang='lat' dir='ltr'><strong>in</strong></span> <span class='ocrx_word' id='word_1_278' title='bbox 1925 3023 2212 3074; x_wconf 85' lang='lat' dir='ltr'><strong>stationibus</strong></span> <span class='ocrx_word' id='word_1_279' title='bbox 2235 3025 2292 3075; x_wconf 62' lang='grc' dir='ltr'><strong>Ἰν.</strong></span> <span class='ocrx_word' id='word_1_280' title='bbox 2362 3033 2410 3074; x_wconf 89' lang='lat' dir='ltr'><strong>et</strong></span> <span class='ocrx_word' id='word_1_281' title='bbox 2444 3033 2544 3074; x_wconf 78' lang='lat' dir='ltr'><strong>sta-</strong></span> 
     </span>
     <span class='ocr_line' id='line_1_28' title="bbox 206 3091 2024 3158; baseline -0.001 -18"><span class='ocrx_word' id='word_1_282' title='bbox 206 3092 412 3142; x_wconf 82' lang='lat' dir='ltr'><strong>tionibus</strong></span> <span class='ocrx_word' id='word_1_283' title='bbox 444 3095 618 3158; x_wconf 77' lang='lat' dir='ltr'><strong>reliqui</strong></span> <span class='ocrx_word' id='word_1_284' title='bbox 651 3109 805 3144; x_wconf 74' lang='lat' dir='ltr'><strong>omnes</strong></span> <span class='ocrx_word' id='word_1_285' title='bbox 841 3101 883 3143; x_wconf 85' lang='lat' dir='ltr'><strong>et</strong></span> <span class='ocrx_word' id='word_1_286' title='bbox 919 3101 1011 3143; x_wconf 81' lang='lat' dir='ltr'><strong>tres</strong></span> <span class='ocrx_word' id='word_1_287' title='bbox 1054 3092 1273 3143; x_wconf 77' lang='lat' dir='ltr'><strong>Vaticani.</strong></span> <span class='ocrx_word' id='word_1_288' title='bbox 1376 3091 1457 3141; x_wconf 83' lang='grc'><strong>39.</strong></span> <span class='ocrx_word' id='word_1_289' title='bbox 1498 3100 1545 3141; x_wconf 90' lang='lat' dir='ltr'><strong>et</strong></span> <span class='ocrx_word' id='word_1_290' title='bbox 1580 3092 1810 3142; x_wconf 85' lang='lat' dir='ltr'><strong>alterutra</strong></span> <span class='ocrx_word' id='word_1_291' title='bbox 1845 3091 1932 3141; x_wconf 81' lang='grc' dir='ltr'><strong>ΑΒ.</strong></span> <span class='ocrx_word' id='word_1_292' title='bbox 2015 3124 2024 3133; x_wconf 79' lang='lat'><em>·</em></span> 
     </span>
    </p>

    <p class='ocr_par' dir='ltr' id='par_1_10' title="bbox 203 3157 2547 3294">
     <span class='ocr_line' id='line_1_29' title="bbox 335 3157 2547 3226; baseline -0 -16"><span class='ocrx_word' id='word_1_293' title='bbox 335 3161 446 3225; x_wconf 88' lang='lat' dir='ltr'><strong>Cap.</strong></span> <span class='ocrx_word' id='word_1_294' title='bbox 488 3162 545 3210; x_wconf 91' lang='lat' dir='ltr'><strong>ll.</strong></span> <span class='ocrx_word' id='word_1_295' title='bbox 606 3157 681 3210; x_wconf 85' lang='lat'><strong>⁸1.</strong></span> <span class='ocrx_word' id='word_1_296' title='bbox 721 3161 774 3211; x_wconf 90' lang='lat' dir='ltr'><strong>Si</strong></span> <span class='ocrx_word' id='word_1_297' title='bbox 809 3162 1001 3226; x_wconf 86' lang='lat' dir='ltr'><strong>quidem</strong></span> <span class='ocrx_word' id='word_1_298' title='bbox 1038 3161 1262 3224; x_wconf 88' lang='lat' dir='ltr'><strong>iniquitas</strong></span> <span class='ocrx_word' id='word_1_299' title='bbox 1295 3162 1346 3210; x_wconf 80' lang='grc' dir='ltr'><strong>Α.</strong></span> <span class='ocrx_word' id='word_1_300' title='bbox 1381 3176 1441 3210; x_wconf 87' lang='lat' dir='ltr'><strong>m.</strong></span> <span class='ocrx_word' id='word_1_301' title='bbox 1477 3175 1567 3211; x_wconf 78' lang='lat' dir='ltr'><strong>sec.</strong></span> <span class='ocrx_word' id='word_1_302' title='bbox 1602 3164 1654 3209; x_wconf 81' lang='lat' dir='ltr'><strong>in</strong></span> <span class='ocrx_word' id='word_1_303' title='bbox 1685 3175 1828 3223; x_wconf 74' lang='lat' dir='ltr'><strong>mai-9.</strong></span> <span class='ocrx_word' id='word_1_304' title='bbox 1913 3158 1993 3219; x_wconf 91' lang='lat' dir='ltr'><strong>Si,</strong></span> <span class='ocrx_word' id='word_1_305' title='bbox 2043 3158 2269 3222; x_wconf 88' lang='lat' dir='ltr'><strong>quoniam</strong></span> <span class='ocrx_word' id='word_1_306' title='bbox 2319 3159 2547 3223; x_wconf 85' lang='lat' dir='ltr'><strong>iniquitas</strong></span> 
     </span>
     <span class='ocr_line' id='line_1_30' title="bbox 203 3226 2340 3294; baseline 0.001 -17"><span class='ocrx_word' id='word_1_307' title='bbox 203 3226 418 3291; x_wconf 76' lang='lat' dir='ltr'><strong>Latinius,</strong></span> <span class='ocrx_word' id='word_1_308' title='bbox 451 3231 591 3294; x_wconf 75' lang='lat' dir='ltr'><strong>prob.</strong></span> <span class='ocrx_word' id='word_1_309' title='bbox 626 3230 775 3279; x_wconf 77' lang='lat' dir='ltr'><strong>Iunio.</strong></span> <span class='ocrx_word' id='word_1_310' title='bbox 2333 3230 2340 3237; x_wconf 76' lang='lat'><strong>&#39;</strong></span> 
     </span>
    </p>
   </div>
   <div class='ocr_carea' id='block_1_10' title="bbox 204 3355 2542 3562">
    <p class='ocr_par' dir='ltr' id='par_1_11' title="bbox 204 3355 2542 3562">
     <span class='ocr_line' id='line_1_31' title="bbox 268 3355 2542 3428; baseline 0 -17"><span class='ocrx_word' id='word_1_311' title='bbox 268 3362 312 3411; x_wconf 76' lang='lat' dir='ltr'><strong>k.</strong></span> <span class='ocrx_word' id='word_1_312' title='bbox 347 3378 556 3427; x_wconf 80' lang='lat' dir='ltr'><strong>agonem</strong></span> <span class='ocrx_word' id='word_1_313' title='bbox 604 3362 817 3425; x_wconf 66' lang='lat' dir='ltr'><strong>intellegi</strong></span> <span class='ocrx_word' id='word_1_314' title='bbox 857 3364 984 3428; x_wconf 85' lang='lat' dir='ltr'><strong>capit</strong></span> <span class='ocrx_word' id='word_1_315' title='bbox 1018 3363 1319 3426; x_wconf 83' lang='lat' dir='ltr'><strong>persecutio-</strong></span> <span class='ocrx_word' id='word_1_316' title='bbox 1491 3360 1519 3410; x_wconf 93' lang='grc' dir='ltr'><strong>Ι.</strong></span> <span class='ocrx_word' id='word_1_317' title='bbox 1561 3362 1608 3411; x_wconf 92' lang='lat' dir='ltr'><strong>iii</strong></span> <span class='ocrx_word' id='word_1_318' title='bbox 1646 3355 1959 3426; x_wconf 76' lang='lat' dir='ltr'><strong>Apocalypsi]</strong></span> <span class='ocrx_word' id='word_1_319' title='bbox 1995 3360 2191 3425; x_wconf 78' lang='lat' dir='ltr'><strong>Apocal.</strong></span> <span class='ocrx_word' id='word_1_320' title='bbox 2230 3361 2311 3421; x_wconf 81' lang='lat' dir='ltr'><strong>nl,</strong></span> <span class='ocrx_word' id='word_1_321' title='bbox 2353 3360 2429 3411; x_wconf 87' lang='grc'><strong>12.</strong></span> <span class='ocrx_word' id='word_1_322' title='bbox 2469 3361 2542 3412; x_wconf 86' lang='lat' dir='ltr'><strong>Cl&#39;.</strong></span> 
     </span>
     <span class='ocr_line' id='line_1_32' title="bbox 204 3423 2342 3509; baseline 0.001 -32"><span class='ocrx_word' id='word_1_323' title='bbox 204 3426 346 3496; x_wconf 86' lang='lat' dir='ltr'><strong>nem.]</strong></span> <span class='ocrx_word' id='word_1_324' title='bbox 399 3432 532 3497; x_wconf 75' lang='lat' dir='ltr'><strong>Capit</strong></span> <span class='ocrx_word' id='word_1_325' title='bbox 583 3441 658 3482; x_wconf 83' lang='lat' dir='ltr'><strong>est</strong></span> <span class='ocrx_word' id='word_1_326' title='bbox 693 3433 928 3482; x_wconf 76' lang='lat' dir='ltr'><strong>Graecum</strong></span> <span class='ocrx_word' id='word_1_327' title='bbox 963 3423 1239 3509; x_wconf 64' lang='grc' dir='ltr'><strong><em>ἐνδέχετᾳι</em></strong></span> <span class='ocrx_word' id='word_1_328' title='bbox 1273 3439 1321 3479; x_wconf 89' lang='lat' dir='ltr'><strong>et</strong></span> <span class='ocrx_word' id='word_1_329' title='bbox 1420 3429 1668 3493; x_wconf 84' lang='lat' dir='ltr'><strong>Scorpiac.</strong></span> <span class='ocrx_word' id='word_1_330' title='bbox 1708 3429 1811 3478; x_wconf 75' lang='lat' dir='ltr'><strong>adv.</strong></span> <span class='ocrx_word' id='word_1_331' title='bbox 1849 3430 2016 3506; x_wconf 75' lang='lat' dir='ltr'><strong>Gnost.</strong></span> <span class='ocrx_word' id='word_1_332' title='bbox 2053 3444 2094 3506; x_wconf 73' lang='lat' dir='ltr'><strong>y.</strong></span> <span class='ocrx_word' id='word_1_333' title='bbox 2132 3443 2237 3492; x_wconf 86' lang='lat' dir='ltr'><strong>cap.</strong></span> <span class='ocrx_word' id='word_1_334' title='bbox 2263 3428 2342 3506; x_wconf 90' lang='grc'><strong>12.</strong></span> 
     </span>
     <span class='ocr_line' id='line_1_33' title="bbox 206 3492 2541 3562; baseline 0.001 -17"><span class='ocrx_word' id='word_1_335' title='bbox 206 3495 291 3546; x_wconf 83' lang='lat' dir='ltr'><strong>boe</strong></span> <span class='ocrx_word' id='word_1_336' title='bbox 325 3513 410 3549; x_wconf 86' lang='lat' dir='ltr'><strong>usn</strong></span> <span class='ocrx_word' id='word_1_337' title='bbox 446 3498 713 3550; x_wconf 84' lang='lat' dir='ltr'><strong>admodum</strong></span> <span class='ocrx_word' id='word_1_338' title='bbox 751 3499 986 3548; x_wconf 78' lang='lat' dir='ltr'><strong>familiare</strong></span> <span class='ocrx_word' id='word_1_339' title='bbox 1006 3499 1319 3548; x_wconf 75' lang='lat' dir='ltr'><strong>Tertulliano.</strong></span> <span class='ocrx_word' id='word_1_340' title='bbox 1488 3511 1551 3545; x_wconf 88' lang='lat' dir='ltr'><strong>m.</strong></span> <span class='ocrx_word' id='word_1_341' title='bbox 1592 3496 1822 3546; x_wconf 79' lang='lat' dir='ltr'><strong>adversus</strong></span> <span class='ocrx_word' id='word_1_342' title='bbox 1859 3495 2095 3559; x_wconf 72' lang='lat' dir='ltr'><strong>spiritalia</strong></span> <span class='ocrx_word' id='word_1_343' title='bbox 2129 3492 2416 3562; x_wconf 69' lang='lat' dir='ltr'><strong>nequitiae]</strong></span> <span class='ocrx_word' id='word_1_344' title='bbox 2455 3497 2541 3562; x_wconf 86' lang='lat' dir='ltr'><strong>Ep.</strong></span> 
     </span>
    </p>
   </div>
   <div class='ocr_carea' id='block_1_11' title="bbox 199 3562 2543 4701">
    <p class='ocr_par' dir='ltr' id='par_1_12' title="bbox 201 3562 2543 4239">
     <span class='ocr_line' id='line_1_34' title="bbox 205 3562 2543 3631; baseline 0.001 -20"><span class='ocrx_word' id='word_1_345' title='bbox 205 3564 393 3628; x_wconf 77' lang='lat' dir='ltr'><strong>Apolog.</strong></span> <span class='ocrx_word' id='word_1_346' title='bbox 440 3582 554 3631; x_wconf 84' lang='lat' dir='ltr'><strong>cap.</strong></span> <span class='ocrx_word' id='word_1_347' title='bbox 595 3566 655 3616; x_wconf 82' lang='lat'><strong>17</strong></span> <span class='ocrx_word' id='word_1_348' title='bbox 714 3566 865 3626; x_wconf 83' lang='lat' dir='ltr'><strong>„Hoc</strong></span> <span class='ocrx_word' id='word_1_349' title='bbox 901 3565 1032 3630; x_wconf 91' lang='lat' dir='ltr'><strong>quod</strong></span> <span class='ocrx_word' id='word_1_350' title='bbox 1067 3574 1139 3615; x_wconf 79' lang='lat' dir='ltr'><strong>est</strong></span> <span class='ocrx_word' id='word_1_351' title='bbox 1174 3566 1318 3614; x_wconf 88' lang='lat' dir='ltr'><strong>deum</strong></span> <span class='ocrx_word' id='word_1_352' title='bbox 1420 3564 1479 3614; x_wconf 86' lang='lat' dir='ltr'><strong>ad</strong></span> <span class='ocrx_word' id='word_1_353' title='bbox 1516 3563 1694 3628; x_wconf 85' lang='lat' dir='ltr'><strong>Ephes.</strong></span> <span class='ocrx_word' id='word_1_354' title='bbox 1733 3563 1804 3623; x_wconf 84' lang='lat' dir='ltr'><strong>vl,</strong></span> <span class='ocrx_word' id='word_1_355' title='bbox 1847 3562 1908 3612; x_wconf 84' lang='lat'><strong>12</strong></span> <span class='ocrx_word' id='word_1_356' title='bbox 1963 3565 2260 3628; x_wconf 77' lang='lat' dir='ltr'><strong>„spiritalia</strong></span> <span class='ocrx_word' id='word_1_357' title='bbox 2296 3565 2411 3616; x_wconf 89' lang='lat' dir='ltr'><strong>dicit</strong></span> <span class='ocrx_word' id='word_1_358' title='bbox 2444 3567 2543 3629; x_wconf 76' lang='lat' dir='ltr'><strong>spi-</strong></span> 
     </span>
     <span class='ocr_line' id='line_1_35' title="bbox 207 3630 2543 3699; baseline 0.001 -20"><span class='ocrx_word' id='word_1_359' title='bbox 207 3633 432 3683; x_wconf 84' lang='lat' dir='ltr'><strong>aestimari</strong></span> <span class='ocrx_word' id='word_1_360' title='bbox 484 3636 655 3699; x_wconf 54' lang='lat' dir='ltr'><strong>facit„</strong></span> <span class='ocrx_word' id='word_1_361' title='bbox 687 3635 800 3683; x_wconf 89' lang='lat' dir='ltr'><strong>dum</strong></span> <span class='ocrx_word' id='word_1_362' title='bbox 840 3636 1075 3684; x_wconf 76' lang='lat' dir='ltr'><strong>aestimari</strong></span> <span class='ocrx_word' id='word_1_363' title='bbox 1109 3650 1204 3683; x_wconf 76' lang='lat' dir='ltr'><strong>non</strong></span> <span class='ocrx_word' id='word_1_364' title='bbox 1238 3649 1319 3682; x_wconf 83' lang='lat' dir='ltr'><strong>ca-</strong></span> <span class='ocrx_word' id='word_1_365' title='bbox 1416 3634 1552 3682; x_wconf 72' lang='lat' dir='ltr'><strong>ritus.</strong></span> <span class='ocrx_word' id='word_1_366' title='bbox 1625 3631 1731 3680; x_wconf 82' lang='lat' dir='ltr'><strong>Non</strong></span> <span class='ocrx_word' id='word_1_367' title='bbox 1770 3630 1909 3680; x_wconf 84' lang='lat' dir='ltr'><strong>aliter</strong></span> <span class='ocrx_word' id='word_1_368' title='bbox 1944 3632 2145 3694; x_wconf 79' lang='lat' dir='ltr'><strong>Apolog.</strong></span> <span class='ocrx_word' id='word_1_369' title='bbox 2181 3633 2335 3695; x_wconf 85' lang='lat' dir='ltr'><strong>cap.1</strong></span> <span class='ocrx_word' id='word_1_370' title='bbox 2380 3632 2543 3691; x_wconf 85' lang='lat' dir='ltr'><strong>„Quid</strong></span> 
     </span>
     <span class='ocr_line' id='line_1_36' title="bbox 202 3698 2543 3766; baseline 0.001 -19"><span class='ocrx_word' id='word_1_371' title='bbox 202 3698 321 3760; x_wconf 52' lang='grc' dir='ltr'><strong>μ’μ’(</strong></span> <span class='ocrx_word' id='word_1_372' title='bbox 385 3702 455 3753; x_wconf 82' lang='lat' dir='ltr'><strong>De</strong></span> <span class='ocrx_word' id='word_1_373' title='bbox 495 3702 663 3751; x_wconf 86' lang='lat' dir='ltr'><strong>Pudic.</strong></span> <span class='ocrx_word' id='word_1_374' title='bbox 713 3717 818 3765; x_wconf 87' lang='lat' dir='ltr'><strong>cap.</strong></span> <span class='ocrx_word' id='word_1_375' title='bbox 860 3700 883 3750; x_wconf 92' lang='lat'>1</span> <span class='ocrx_word' id='word_1_376' title='bbox 943 3703 1119 3766; x_wconf 83' lang='lat' dir='ltr'><strong>„cupit</strong></span> <span class='ocrx_word' id='word_1_377' title='bbox 1168 3707 1209 3750; x_wconf 81' lang='lat' dir='ltr'><strong>et</strong></span> <span class='ocrx_word' id='word_1_378' title='bbox 1242 3703 1317 3749; x_wconf 81' lang='lat' dir='ltr'><strong>in-</strong></span> <span class='ocrx_word' id='word_1_379' title='bbox 1421 3698 1513 3749; x_wconf 86' lang='lat' dir='ltr'><strong>boc</strong></span> <span class='ocrx_word' id='word_1_380' title='bbox 1549 3698 1663 3748; x_wconf 82' lang='lat' dir='ltr'><strong>mali</strong></span> <span class='ocrx_word' id='word_1_381' title='bbox 1701 3706 1802 3757; x_wconf 86' lang='lat' dir='ltr'><strong>est,</strong></span> <span class='ocrx_word' id='word_1_382' title='bbox 1857 3698 1985 3761; x_wconf 86' lang='lat' dir='ltr'><strong>quod</strong></span> <span class='ocrx_word' id='word_1_383' title='bbox 2020 3702 2258 3749; x_wconf 74' lang='lat' dir='ltr'><strong>naturalia</strong></span> <span class='ocrx_word' id='word_1_384' title='bbox 2293 3700 2405 3748; x_wconf 87' lang='lat' dir='ltr'><strong>mali</strong></span> <span class='ocrx_word' id='word_1_385' title='bbox 2445 3714 2543 3749; x_wconf 87' lang='lat' dir='ltr'><strong>non</strong></span> 
     </span>
     <span class='ocr_line' id='line_1_37' title="bbox 206 3764 2543 3835; baseline -0 -18"><span class='ocrx_word' id='word_1_386' title='bbox 206 3766 396 3831; x_wconf 66' lang='lat' dir='ltr'><strong>didym-i,</strong></span> <span class='ocrx_word' id='word_1_387' title='bbox 446 3772 590 3835; x_wconf 77' lang='lat' dir='ltr'><strong>quasi</strong></span> <span class='ocrx_word' id='word_1_388' title='bbox 642 3768 885 3818; x_wconf 87' lang='lat' dir='ltr'><strong>modica.“</strong></span> <span class='ocrx_word' id='word_1_389' title='bbox 958 3769 1024 3818; x_wconf 88' lang='lat' dir='ltr'><strong>De</strong></span> <span class='ocrx_word' id='word_1_390' title='bbox 1072 3769 1316 3831; x_wconf 85' lang='lat' dir='ltr'><strong>Baptismo</strong></span> <span class='ocrx_word' id='word_1_391' title='bbox 1420 3764 1599 3815; x_wconf 78' lang='lat' dir='ltr'><strong>liabet“</strong></span> <span class='ocrx_word' id='word_1_392' title='bbox 1637 3774 1685 3814; x_wconf 90' lang='lat' dir='ltr'><strong>et</strong></span> <span class='ocrx_word' id='word_1_393' title='bbox 1719 3766 1834 3815; x_wconf 87' lang='lat' dir='ltr'><strong>ibid.</strong></span> <span class='ocrx_word' id='word_1_394' title='bbox 1873 3780 1979 3829; x_wconf 87' lang='lat' dir='ltr'><strong>cap.</strong></span> <span class='ocrx_word' id='word_1_395' title='bbox 2005 3764 2070 3814; x_wconf 89' lang='grc'><strong>20</strong></span> <span class='ocrx_word' id='word_1_396' title='bbox 2108 3767 2381 3828; x_wconf 82' lang='lat' dir='ltr'><strong>„poi-tentia</strong></span> <span class='ocrx_word' id='word_1_397' title='bbox 2403 3774 2543 3816; x_wconf 72' lang='lat' dir='ltr'><strong>notu-</strong></span> 
     </span>
     <span class='ocr_line' id='line_1_38' title="bbox 208 3832 2543 3901; baseline -0.001 -17"><span class='ocrx_word' id='word_1_398' title='bbox 208 3836 379 3896; x_wconf 62' lang='lat' dir='ltr'><strong>capnl.</strong></span> <span class='ocrx_word' id='word_1_399' title='bbox 434 3852 569 3897; x_wconf 88' lang='lat' dir='ltr'><strong>„nec</strong></span> <span class='ocrx_word' id='word_1_400' title='bbox 615 3839 737 3901; x_wconf 79' lang='lat' dir='ltr'><strong>capit</strong></span> <span class='ocrx_word' id='word_1_401' title='bbox 782 3839 1016 3887; x_wconf 73' lang='lat' dir='ltr'><strong>numerari</strong></span> <span class='ocrx_word' id='word_1_402' title='bbox 1053 3836 1181 3899; x_wconf 78' lang='lat' dir='ltr'><strong>qood</strong></span> <span class='ocrx_word' id='word_1_403' title='bbox 1219 3848 1315 3885; x_wconf 87' lang='lat' dir='ltr'><strong>iioii</strong></span> <span class='ocrx_word' id='word_1_404' title='bbox 1415 3835 1589 3884; x_wconf 69' lang='lat' dir='ltr'><strong>reliam</strong></span> <span class='ocrx_word' id='word_1_405' title='bbox 1625 3835 1780 3882; x_wconf 76' lang='lat' dir='ltr'><strong>foi-ma</strong></span> <span class='ocrx_word' id='word_1_406' title='bbox 1817 3832 2089 3891; x_wconf 76' lang='lat' dir='ltr'><strong>tui-batur“,</strong></span> <span class='ocrx_word' id='word_1_407' title='bbox 2117 3835 2354 3883; x_wconf 76' lang='lat' dir='ltr'><strong>naturalia</strong></span> <span class='ocrx_word' id='word_1_408' title='bbox 2379 3835 2543 3897; x_wconf 87' lang='lat' dir='ltr'><strong>posuit</strong></span> 
     </span>
     <span class='ocr_line' id='line_1_39' title="bbox 207 3898 2541 3966; baseline 0.001 -20"><span class='ocrx_word' id='word_1_409' title='bbox 207 3898 455 3952; x_wconf 84' lang='lat' dir='ltr'><strong>liabetur.“</strong></span> <span class='ocrx_word' id='word_1_410' title='bbox 531 3903 599 3953; x_wconf 79' lang='lat' dir='ltr'><strong>Ad</strong></span> <span class='ocrx_word' id='word_1_411' title='bbox 636 3903 761 3954; x_wconf 78' lang='lat' dir='ltr'><strong>Nati.</strong></span> <span class='ocrx_word' id='word_1_412' title='bbox 800 3903 877 3963; x_wconf 80' lang='grc' dir='ltr'><strong>ΙΙ,</strong></span> <span class='ocrx_word' id='word_1_413' title='bbox 914 3903 946 3952; x_wconf 88' lang='grc'><strong>3</strong></span> <span class='ocrx_word' id='word_1_414' title='bbox 1003 3916 1146 3962; x_wconf 88' lang='lat' dir='ltr'><strong>„non</strong></span> <span class='ocrx_word' id='word_1_415' title='bbox 1194 3905 1316 3966; x_wconf 78' lang='lat' dir='ltr'><strong>capit</strong></span> <span class='ocrx_word' id='word_1_416' title='bbox 1419 3916 1509 3965; x_wconf 86' lang='lat' dir='ltr'><strong>pro</strong></span> <span class='ocrx_word' id='word_1_417' title='bbox 1544 3908 1729 3960; x_wconf 68' lang='lat' dir='ltr'><strong>muro,</strong></span> <span class='ocrx_word' id='word_1_418' title='bbox 1781 3900 1849 3948; x_wconf 79' lang='lat' dir='ltr'><strong>De</strong></span> <span class='ocrx_word' id='word_1_419' title='bbox 1885 3899 2075 3948; x_wconf 87' lang='lat' dir='ltr'><strong>Corona</strong></span> <span class='ocrx_word' id='word_1_420' title='bbox 2102 3914 2207 3962; x_wconf 89' lang='lat' dir='ltr'><strong>cap.</strong></span> <span class='ocrx_word' id='word_1_421' title='bbox 2245 3898 2276 3949; x_wconf 90' lang='lat'>8</span> <span class='ocrx_word' id='word_1_422' title='bbox 2327 3916 2541 3961; x_wconf 69' lang='lat' dir='ltr'><strong>„neca-</strong></span> 
     </span>
     <span class='ocr_line' id='line_1_40' title="bbox 208 3966 2540 4030; baseline 0 -15"><span class='ocrx_word' id='word_1_423' title='bbox 208 3966 356 4030; x_wconf 81' lang='lat' dir='ltr'><strong>iiiique</strong></span> <span class='ocrx_word' id='word_1_424' title='bbox 387 3973 542 4021; x_wconf 79' lang='lat' dir='ltr'><strong>videri</strong></span> <span class='ocrx_word' id='word_1_425' title='bbox 578 3970 752 4021; x_wconf 80' lang='lat' dir='ltr'><strong>dena.“</strong></span> <span class='ocrx_word' id='word_1_426' title='bbox 822 3971 933 4020; x_wconf 70' lang='grc' dir='ltr'><strong>Λᾶν.</strong></span> <span class='ocrx_word' id='word_1_427' title='bbox 970 3970 1114 4021; x_wconf 70' lang='lat' dir='ltr'><strong>Marc.</strong></span> <span class='ocrx_word' id='word_1_428' title='bbox 1152 3969 1246 4029; x_wconf 78' lang='grc' dir='ltr'>ΙΙΙ,</span> <span class='ocrx_word' id='word_1_429' title='bbox 1284 3969 1317 4019; x_wconf 88' lang='grc'><strong>6</strong></span> <span class='ocrx_word' id='word_1_430' title='bbox 1420 3972 1551 4020; x_wconf 78' lang='lat' dir='ltr'><strong>sario</strong></span> <span class='ocrx_word' id='word_1_431' title='bbox 1584 3968 1707 4017; x_wconf 71' lang='lat' dir='ltr'><strong>vitae</strong></span> <span class='ocrx_word' id='word_1_432' title='bbox 1743 3982 1831 4029; x_wconf 83' lang='lat' dir='ltr'><strong>pro</strong></span> <span class='ocrx_word' id='word_1_433' title='bbox 1850 3968 2220 4026; x_wconf 72' lang='lat' dir='ltr'><strong>necessitalibus,</strong></span> <span class='ocrx_word' id='word_1_434' title='bbox 2262 3973 2310 4016; x_wconf 86' lang='lat' dir='ltr'><strong>et</strong></span> <span class='ocrx_word' id='word_1_435' title='bbox 2326 3968 2394 4016; x_wconf 78' lang='lat' dir='ltr'><strong>Ad</strong></span> <span class='ocrx_word' id='word_1_436' title='bbox 2415 3967 2540 4016; x_wconf 83' lang='lat' dir='ltr'><strong>Natt.</strong></span> 
     </span>
     <span class='ocr_line' id='line_1_41' title="bbox 208 4032 2496 4102; baseline 0.001 -20"><span class='ocrx_word' id='word_1_437' title='bbox 208 4032 290 4092; x_wconf 88' lang='lat' dir='ltr'><strong>„ld</strong></span> <span class='ocrx_word' id='word_1_438' title='bbox 323 4039 444 4088; x_wconf 89' lang='lat' dir='ltr'><strong>enim</strong></span> <span class='ocrx_word' id='word_1_439' title='bbox 481 4039 695 4101; x_wconf 74' lang='lat' dir='ltr'><strong>intelleyi</strong></span> <span class='ocrx_word' id='word_1_440' title='bbox 728 4040 801 4089; x_wconf 80' lang='lat' dir='ltr'><strong>vel</strong></span> <span class='ocrx_word' id='word_1_441' title='bbox 833 4054 927 4088; x_wconf 71' lang='lat' dir='ltr'><strong>non</strong></span> <span class='ocrx_word' id='word_1_442' title='bbox 962 4039 1170 4101; x_wconf 64' lang='lat' dir='ltr'><strong>intellegi</strong></span> <span class='ocrx_word' id='word_1_443' title='bbox 1194 4039 1317 4102; x_wconf 79' lang='lat' dir='ltr'><strong>cupit</strong></span> <span class='ocrx_word' id='word_1_444' title='bbox 1420 4035 1478 4097; x_wconf 87' lang='lat' dir='ltr'><strong>n,</strong></span> <span class='ocrx_word' id='word_1_445' title='bbox 1520 4034 1582 4085; x_wconf 88' lang='grc'><strong>12</strong></span> <span class='ocrx_word' id='word_1_446' title='bbox 1619 4036 1864 4085; x_wconf 63' lang='lat' dir='ltr'><strong>amimalia</strong></span> <span class='ocrx_word' id='word_1_447' title='bbox 1899 4048 1990 4098; x_wconf 86' lang='lat' dir='ltr'><strong>pro</strong></span> <span class='ocrx_word' id='word_1_448' title='bbox 2027 4034 2148 4098; x_wconf 88' lang='lat' dir='ltr'><strong>ipsis</strong></span> <span class='ocrx_word' id='word_1_449' title='bbox 2183 4033 2496 4085; x_wconf 73' lang='lat' dir='ltr'><strong>seminibus.“</strong></span> 
     </span>
     <span class='ocr_line' id='line_1_42' title="bbox 203 4097 2540 4177; baseline 0 -26"><span class='ocrx_word' id='word_1_450' title='bbox 203 4103 319 4163; x_wconf 81' lang='lat' dir='ltr'><strong>quod</strong></span> <span class='ocrx_word' id='word_1_451' title='bbox 363 4106 688 4157; x_wconf 77' lang='lat' dir='ltr'><strong>substantiam</strong></span> <span class='ocrx_word' id='word_1_452' title='bbox 736 4106 956 4156; x_wconf 87' lang='lat' dir='ltr'><strong>habendo</strong></span> <span class='ocrx_word' id='word_1_453' title='bbox 996 4105 1317 4169; x_wconf 82' lang='lat' dir='ltr'><strong>praedicatio·</strong></span> <span class='ocrx_word' id='word_1_454' title='bbox 1487 4118 1535 4152; x_wconf 89' lang='lat' dir='ltr'><strong>n.</strong></span> <span class='ocrx_word' id='word_1_455' title='bbox 1571 4102 1619 4152; x_wconf 88' lang='lat' dir='ltr'><strong>in</strong></span> <span class='ocrx_word' id='word_1_456' title='bbox 1658 4102 1859 4154; x_wconf 88' lang='lat' dir='ltr'><strong>attonito</strong></span> <span class='ocrx_word' id='word_1_457' title='bbox 1895 4097 2011 4166; x_wconf 76' lang='lat' dir='ltr'><strong>eat-1</strong></span> <span class='ocrx_word' id='word_1_458' title='bbox 2060 4101 2110 4153; x_wconf 85' lang='lat' dir='ltr'><strong>V.</strong></span> <span class='ocrx_word' id='word_1_459' title='bbox 2159 4116 2282 4177; x_wconf 59' lang='lat' dir='ltr'><strong>quae</strong></span> <span class='ocrx_word' id='word_1_460' title='bbox 2319 4102 2540 4153; x_wconf 78' lang='lat' dir='ltr'><strong>adnotavi</strong></span> 
     </span>
     <span class='ocr_line' id='line_1_43' title="bbox 201 4168 2005 4239; baseline 0.002 -23"><span class='ocrx_word' id='word_1_461' title='bbox 201 4168 271 4217; x_wconf 87' lang='lat' dir='ltr'><strong>nis</strong></span> <span class='ocrx_word' id='word_1_462' title='bbox 314 4171 511 4239; x_wconf 78' lang='lat' dir='ltr'><strong>babebit</strong></span> <span class='ocrx_word' id='word_1_463' title='bbox 558 4181 605 4223; x_wconf 92' lang='lat' dir='ltr'><strong>et</strong></span> <span class='ocrx_word' id='word_1_464' title='bbox 651 4176 902 4223; x_wconf 81' lang='lat' dir='ltr'><strong>materiam</strong></span> <span class='ocrx_word' id='word_1_465' title='bbox 948 4174 1020 4224; x_wconf 81' lang='lat' dir='ltr'><strong>vel</strong></span> <span class='ocrx_word' id='word_1_466' title='bbox 1059 4173 1315 4236; x_wconf 78' lang='lat' dir='ltr'><strong>agnitionis</strong></span> <span class='ocrx_word' id='word_1_467' title='bbox 1418 4170 1479 4220; x_wconf 82' lang='lat' dir='ltr'><strong>ad</strong></span> <span class='ocrx_word' id='word_1_468' title='bbox 1516 4171 1583 4221; x_wconf 85' lang='lat' dir='ltr'><strong>De</strong></span> <span class='ocrx_word' id='word_1_469' title='bbox 1621 4170 1743 4221; x_wconf 86' lang='lat' dir='ltr'><strong>ldol.</strong></span> <span class='ocrx_word' id='word_1_470' title='bbox 1780 4185 1886 4235; x_wconf 83' lang='lat' dir='ltr'><strong>cap.</strong></span> <span class='ocrx_word' id='word_1_471' title='bbox 1922 4169 2005 4220; x_wconf 72' lang='lat'><strong>24.</strong></span> 
     </span>
    </p>

    <p class='ocr_par' dir='ltr' id='par_1_13' title="bbox 199 4232 2541 4636">
     <span class='ocr_line' id='line_1_44' title="bbox 200 4232 2540 4305; baseline 0.003 -23"><span class='ocrx_word' id='word_1_472' title='bbox 200 4236 267 4285; x_wconf 83' lang='lat' dir='ltr'><strong>iel</strong></span> <span class='ocrx_word' id='word_1_473' title='bbox 302 4241 541 4291; x_wconf 85' lang='lat' dir='ltr'><strong>erroris.“</strong></span> <span class='ocrx_word' id='word_1_474' title='bbox 611 4241 680 4291; x_wconf 86' lang='lat' dir='ltr'><strong>De</strong></span> <span class='ocrx_word' id='word_1_475' title='bbox 718 4240 838 4291; x_wconf 88' lang='lat' dir='ltr'><strong>ldol.</strong></span> <span class='ocrx_word' id='word_1_476' title='bbox 877 4256 980 4305; x_wconf 81' lang='lat' dir='ltr'><strong>cap.</strong></span> <span class='ocrx_word' id='word_1_477' title='bbox 1023 4241 1087 4291; x_wconf 84' lang='lat' dir='ltr'><strong>io</strong></span> <span class='ocrx_word' id='word_1_478' title='bbox 1135 4240 1313 4300; x_wconf 76' lang='lat' dir='ltr'><strong>„Fide-</strong></span> <span class='ocrx_word' id='word_1_479' title='bbox 1485 4254 1530 4289; x_wconf 82' lang='grc' dir='ltr'><strong>ο.</strong></span> <span class='ocrx_word' id='word_1_480' title='bbox 1568 4240 1800 4289; x_wconf 77' lang='lat' dir='ltr'><strong>alterutra</strong></span> <span class='ocrx_word' id='word_1_481' title='bbox 1847 4232 2119 4303; x_wconf 84' lang='lat' dir='ltr'><strong>diligentia]</strong></span> <span class='ocrx_word' id='word_1_482' title='bbox 2189 4239 2237 4288; x_wconf 90' lang='lat' dir='ltr'><strong>h.</strong></span> <span class='ocrx_word' id='word_1_483' title='bbox 2286 4254 2328 4288; x_wconf 90' lang='lat' dir='ltr'><strong>e.</strong></span> <span class='ocrx_word' id='word_1_484' title='bbox 2379 4248 2540 4289; x_wconf 82' lang='lat' dir='ltr'><strong>mutua</strong></span> 
     </span>
     <span class='ocr_line' id='line_1_45' title="bbox 204 4300 2539 4374; baseline 0.002 -23"><span class='ocrx_word' id='word_1_485' title='bbox 204 4300 270 4352; x_wconf 85' lang='lat' dir='ltr'><strong>les</strong></span> <span class='ocrx_word' id='word_1_486' title='bbox 306 4309 455 4370; x_wconf 86' lang='lat' dir='ltr'><strong>magis</strong></span> <span class='ocrx_word' id='word_1_487' title='bbox 494 4310 648 4360; x_wconf 82' lang='lat' dir='ltr'><strong>dicere</strong></span> <span class='ocrx_word' id='word_1_488' title='bbox 684 4325 821 4374; x_wconf 79' lang='lat' dir='ltr'><strong>quum</strong></span> <span class='ocrx_word' id='word_1_489' title='bbox 856 4311 1213 4360; x_wconf 70' lang='lat' dir='ltr'><strong>docereliueras</strong></span> <span class='ocrx_word' id='word_1_490' title='bbox 1232 4324 1314 4358; x_wconf 84' lang='lat' dir='ltr'><strong>co·</strong></span> <span class='ocrx_word' id='word_1_491' title='bbox 1418 4306 1681 4369; x_wconf 76' lang='lat' dir='ltr'><strong>diligentia.</strong></span> <span class='ocrx_word' id='word_1_492' title='bbox 1738 4307 1808 4356; x_wconf 87' lang='lat' dir='ltr'><strong>De</strong></span> <span class='ocrx_word' id='word_1_493' title='bbox 1847 4306 2008 4357; x_wconf 85' lang='lat' dir='ltr'><strong>Pudic.</strong></span> <span class='ocrx_word' id='word_1_494' title='bbox 2048 4321 2155 4370; x_wconf 89' lang='lat' dir='ltr'><strong>cap.</strong></span> <span class='ocrx_word' id='word_1_495' title='bbox 2192 4304 2224 4354; x_wconf 91' lang='grc'><strong>2</strong></span> <span class='ocrx_word' id='word_1_496' title='bbox 2273 4307 2359 4366; x_wconf 86' lang='lat' dir='ltr'><strong>„in</strong></span> <span class='ocrx_word' id='word_1_497' title='bbox 2396 4308 2539 4356; x_wconf 83' lang='lat' dir='ltr'><strong>alter-</strong></span> 
     </span>
     <span class='ocr_line' id='line_1_46' title="bbox 199 4371 2541 4438; baseline -0.001 -15"><span class='ocrx_word' id='word_1_498' title='bbox 199 4371 320 4432; x_wconf 70' lang='lat' dir='ltr'><strong>pit.“</strong></span> <span class='ocrx_word' id='word_1_499' title='bbox 386 4374 456 4424; x_wconf 83' lang='lat' dir='ltr'><strong>De</strong></span> <span class='ocrx_word' id='word_1_500' title='bbox 494 4376 637 4425; x_wconf 87' lang='lat' dir='ltr'><strong>Cultu</strong></span> <span class='ocrx_word' id='word_1_501' title='bbox 675 4376 802 4426; x_wconf 77' lang='lat' dir='ltr'><strong>Fam.</strong></span> <span class='ocrx_word' id='word_1_502' title='bbox 842 4376 903 4436; x_wconf 88' lang='lat' dir='ltr'><strong>l‚-</strong></span> <span class='ocrx_word' id='word_1_503' title='bbox 928 4374 959 4425; x_wconf 89' lang='grc'><strong>2</strong></span> <span class='ocrx_word' id='word_1_504' title='bbox 1018 4377 1160 4435; x_wconf 84' lang='lat' dir='ltr'><strong>„Sed</strong></span> <span class='ocrx_word' id='word_1_505' title='bbox 1196 4376 1317 4425; x_wconf 82' lang='lat' dir='ltr'><strong>baec</strong></span> <span class='ocrx_word' id='word_1_506' title='bbox 1416 4382 1523 4424; x_wconf 77' lang='lat' dir='ltr'><strong>utro</strong></span> <span class='ocrx_word' id='word_1_507' title='bbox 1571 4374 1934 4438; x_wconf 78' lang='lat' dir='ltr'><strong>oppositione.“</strong></span> <span class='ocrx_word' id='word_1_508' title='bbox 1982 4373 2056 4424; x_wconf 73' lang='lat' dir='ltr'><strong>Cf.</strong></span> <span class='ocrx_word' id='word_1_509' title='bbox 2091 4374 2230 4437; x_wconf 76' lang='lat' dir='ltr'><strong>Apul.</strong></span> <span class='ocrx_word' id='word_1_510' title='bbox 2268 4374 2340 4423; x_wconf 88' lang='lat' dir='ltr'><strong>De</strong></span> <span class='ocrx_word' id='word_1_511' title='bbox 2369 4373 2541 4433; x_wconf 88' lang='lat' dir='ltr'><strong>Dogm.</strong></span> 
     </span>
     <span class='ocr_line' id='line_1_47' title="bbox 202 4439 2539 4509; baseline 0.002 -22"><span class='ocrx_word' id='word_1_512' title='bbox 202 4442 437 4492; x_wconf 63' lang='lat' dir='ltr'><strong>aestimare</strong></span> <span class='ocrx_word' id='word_1_513' title='bbox 469 4460 565 4493; x_wconf 74' lang='lat' dir='ltr'><strong>non</strong></span> <span class='ocrx_word' id='word_1_514' title='bbox 601 4442 785 4509; x_wconf 77' lang='lat' dir='ltr'><strong>copit.“</strong></span> <span class='ocrx_word' id='word_1_515' title='bbox 853 4445 964 4494; x_wconf 71' lang='grc' dir='ltr'><strong>Λᾶν.</strong></span> <span class='ocrx_word' id='word_1_516' title='bbox 1002 4444 1146 4494; x_wconf 75' lang='lat' dir='ltr'><strong>Marc.</strong></span> <span class='ocrx_word' id='word_1_517' title='bbox 1186 4443 1244 4503; x_wconf 87' lang='lat' dir='ltr'><strong>ll,</strong></span> <span class='ocrx_word' id='word_1_518' title='bbox 1281 4442 1315 4492; x_wconf 78' lang='lat'>9</span> <span class='ocrx_word' id='word_1_519' title='bbox 1419 4441 1605 4491; x_wconf 81' lang='lat' dir='ltr'><strong>Platon.</strong></span> <span class='ocrx_word' id='word_1_520' title='bbox 1658 4442 1748 4500; x_wconf 82' lang='lat' dir='ltr'><strong>ffl,</strong></span> <span class='ocrx_word' id='word_1_521' title='bbox 1797 4442 1864 4505; x_wconf 87' lang='lat' dir='ltr'><strong>(p.</strong></span> <span class='ocrx_word' id='word_1_522' title='bbox 1906 4440 2026 4507; x_wconf 75' lang='grc'><strong>268)</strong></span> <span class='ocrx_word' id='word_1_523' title='bbox 2072 4449 2189 4490; x_wconf 89' lang='lat' dir='ltr'><strong>tom.</strong></span> <span class='ocrx_word' id='word_1_524' title='bbox 2228 4440 2285 4502; x_wconf 86' lang='lat'><strong>11,</strong></span> <span class='ocrx_word' id='word_1_525' title='bbox 2337 4456 2385 4503; x_wconf 88' lang='lat' dir='ltr'><strong>p.</strong></span> <span class='ocrx_word' id='word_1_526' title='bbox 2423 4439 2539 4491; x_wconf 86' lang='grc'><strong>266.</strong></span> 
     </span>
     <span class='ocr_line' id='line_1_48' title="bbox 199 4507 2537 4575; baseline -0.004 -12"><span class='ocrx_word' id='word_1_527' title='bbox 199 4507 377 4571; x_wconf 76' lang='lat' dir='ltr'><strong>„Capit</strong></span> <span class='ocrx_word' id='word_1_528' title='bbox 426 4511 569 4560; x_wconf 88' lang='lat' dir='ltr'><strong>etiam</strong></span> <span class='ocrx_word' id='word_1_529' title='bbox 619 4511 877 4575; x_wconf 86' lang='lat' dir='ltr'><strong>imaginem</strong></span> <span class='ocrx_word' id='word_1_530' title='bbox 925 4512 1126 4575; x_wconf 80' lang='lat' dir='ltr'><strong>spiritus</strong></span> <span class='ocrx_word' id='word_1_531' title='bbox 1163 4513 1316 4563; x_wconf 78' lang='lat' dir='ltr'><strong>dicere</strong></span> <span class='ocrx_word' id='word_1_532' title='bbox 1417 4508 1564 4567; x_wconf 69' lang='lat' dir='ltr'><strong>fflld„</strong></span> <span class='ocrx_word' id='word_1_533' title='bbox 1610 4507 1693 4556; x_wconf 89' lang='lat' dir='ltr'><strong>ubi</strong></span> <span class='ocrx_word' id='word_1_534' title='bbox 1731 4507 2087 4559; x_wconf 83' lang='lat' dir='ltr'><strong>Hildebrandus</strong></span> <span class='ocrx_word' id='word_1_535' title='bbox 2135 4508 2247 4558; x_wconf 80' lang='lat' dir='ltr'><strong>citat</strong></span> <span class='ocrx_word' id='word_1_536' title='bbox 2281 4509 2423 4556; x_wconf 88' lang='lat' dir='ltr'><strong>etiam</strong></span> <span class='ocrx_word' id='word_1_537' title='bbox 2461 4507 2537 4555; x_wconf 89' lang='lat' dir='ltr'><strong>lo-</strong></span> 
     </span>
     <span class='ocr_line' id='line_1_49' title="bbox 204 4570 2541 4636; baseline 0.001 -16"><span class='ocrx_word' id='word_1_538' title='bbox 204 4570 415 4625; x_wconf 81' lang='lat' dir='ltr'><strong>flatuin.“</strong></span> <span class='ocrx_word' id='word_1_539' title='bbox 1418 4589 1526 4625; x_wconf 89' lang='lat' dir='ltr'><strong>cum</strong></span> <span class='ocrx_word' id='word_1_540' title='bbox 1563 4576 1758 4625; x_wconf 76' lang='lat' dir='ltr'><strong>Arnobii</strong></span> <span class='ocrx_word' id='word_1_541' title='bbox 1797 4576 1849 4636; x_wconf 83' lang='lat' dir='ltr'><strong>V,</strong></span> <span class='ocrx_word' id='word_1_542' title='bbox 1883 4575 1948 4626; x_wconf 84' lang='lat'><strong>35</strong></span> <span class='ocrx_word' id='word_1_543' title='bbox 1984 4573 2051 4635; x_wconf 61' lang='lat' dir='ltr'><strong>(i)</strong></span> <span class='ocrx_word' id='word_1_544' title='bbox 2109 4589 2235 4635; x_wconf 82' lang='lat' dir='ltr'><strong>„nec</strong></span> <span class='ocrx_word' id='word_1_545' title='bbox 2269 4576 2541 4625; x_wconf 75' lang='lat' dir='ltr'><strong>alterutrum</strong></span> 
     </span>
    </p>

    <p class='ocr_par' dir='ltr' id='par_1_14' title="bbox 1417 4642 2246 4701">
     <span class='ocr_line' id='line_1_50' title="bbox 1417 4642 2246 4701; baseline -0.002 -8"><span class='ocrx_word' id='word_1_546' title='bbox 1417 4656 1580 4695; x_wconf 86' lang='lat' dir='ltr'><strong>rerum</strong></span> <span class='ocrx_word' id='word_1_547' title='bbox 1616 4657 1788 4694; x_wconf 81' lang='lat' dir='ltr'><strong>vocare</strong></span> <span class='ocrx_word' id='word_1_548' title='bbox 1823 4642 2147 4694; x_wconf 79' lang='lat' dir='ltr'><strong>contextum.“</strong></span> <span class='ocrx_word' id='word_1_549' title='bbox 2241 4696 2246 4701; x_wconf 59' lang='grc'><em>,</em></span> 
     </span>
    </p>
   </div>
  </div>
 </body>
</html>
