3263 5311
483 1387 590 1439 cap.
615 1383 696 1428 κν.

738 406 821 465 44
1243 419 1444 469 ormi
1489 419 1748 461 siz-:rrum
1791 419 2119 461 nonarius
2168 419 2557 463 warunnam

740 577 1054 631 tractemus
1098 588 1171 629 ex
1213 567 1531 629 abundanti
1544 568 1591 640 ¹⁸,
1636 577 1881 648 propter
1923 586 2032 630 eos
2076 569 2326 631 maxime
2369 569 2469 649 qui
2514 569 2626 630 sibi
2670 567 3073 643 blandiuntur,

738 669 899 751 quod
940 688 1062 731 non
1102 668 1451 745 nominatim
1494 668 1847 731 abstinentia
1889 670 2004 731 ista
2045 671 2407 751 praescripta
2463 670 2572 744 sit,
2637 670 2807 751 quasi
2862 689 3072 750 parum

738 772 915 834 etiam
956 771 1064 832 ¹⁸de
1137 770 1487 850 spectaculis
1558 771 2009 851 pronuntietur,
2082 790 2215 833 cnm
2282 771 2789 852 concupiscentiae
2852 770 3072 832 saeculi

739 874 1107 935 damnantur.
1192 871 1341 933 Nam
1386 872 1538 933 sicut
1577 873 1863 952 pecuniae
1905 871 1997 933 vel
2040 871 2338 951 dignitatis
2383 872 2473 933 vel
2529 872 2694 951 gulae
2738 872 2831 931 vel
2869 871 3072 933 libidi-

738 975 833 1035 nis
876 975 965 1035 vel
1008 972 1249 1053 gloriae,
1295 973 1375 1033 ita
1419 981 1481 1033 et
1520 973 1835 1053 voluptatis
1879 972 2353 1053 concupiscentia
2390 982 2502 1034 est.
2591 973 2832 1054 Species
2875 982 3072 1035 autem

737 1075 1049 1154 voluptatis
1113 1073 1289 1134 etiam
1352 1074 1703 1154 spectacula.
1792 1073 2021 1154 Opinor
2084 1074 2436 1153 generaliter
2497 1075 2864 1136 ⁸nominatae
2919 1094 3069 1135 con-

738 1175 1132 1256 cupiscentiae
1177 1174 1483 1236 continent
1524 1174 1618 1236 ‘in
1663 1194 1732 1236 so
1755 1183 1836 1237 ,et
1875 1175 2236 1255 voluptates3
2300 1176 2523 1255 ’aeque
2568 1175 2918 1253 generaliter
2971 1175 3068 1237 in-

737 1276 998 1339 tellectae
1041 1278 1369 1357 voluptates
1416 1275 1748 1355 specialiter
1791 1283 1852 1337 et
1891 1276 1954 1337 in
2000 1276 2329 1355 spectacula
2372 1275 2803 1338 ’disseruntur

903 1379 1179 1441 Ceterum
1218 1376 1528 1439 retulimus
1580 1395 1762 1457 supra
1819 1376 1892 1438 de
1947 1376 2214 1438 locorum
2281 1376 2657 1452 condicione,
2726 1378 2886 1457 quod
2943 1396 3072 1463 mn

739 1481 877 1560 ¹per
921 1479 1239 1560 semetipsa
1282 1497 1394 1542 nos
1439 1477 1767 1558 inquinent,
1832 1477 1937 1539 sed
1981 1497 2091 1558 per
2135 1498 2204 1539 ea
2248 1497 2398 1558 quae
2439 1478 2558 1539 illic
2598 1486 2900 1569 geruntur.
2963 1497 3071 1557 per

737 1601 887 1662 quae
930 1580 1104 1641 simul
1146 1579 1652 1659 inquinamentum
1693 1578 2169 1653 'combiberunt,
2234 1578 2408 1641 'tunc
2451 1586 2510 1641 et
2552 1578 2614 1641 in
2684 1579 2900 1643 altenos
2966 1598 3068 1639 re-

739 1688 1010 1764 spuunt·.
1094 1662 1389 1741 “Videritl’
1430 1681 1629 1759 ‘ergo,
1674 1688 1743 1741 ut
1797 1679 2083 1755 diximus,
2149 1678 2489 1759 principalis
2536 1680 2738 1742 titulus
2779 1679 3069 1740 ⁶idolola-

737 1836 786 1887 4.
823 1835 882 1884 de
916 1833 1202 1898 spectaculis
1237 1832 1401 1883 ABDE.
1437 1834 1555 1884 liber
1591 1832 1845 1884 Clementia.
1949 1833 2008 1883 de
2046 1833 2216 1883 litteris
2250 1835 2411 1897 quc.
2539 1833 2586 1883 5.
2642 1834 2833 1884 nomina
2890 1848 3068 1883 concu-

737 1897 997 1968 piscentiae
1031 1903 1147 1953 iiber
1184 1901 1437 1951 Clementia.
1538 1900 1583 1950 6.
1622 1902 1670 1949 in
1707 1915 1760 1950 ae
1796 1907 1848 1950 ut
1879 1901 2145 1966 voluptates
2179 1902 2231 1952 A.
2335 1902 2383 1951 7.
2418 1916 2570 1966 aeque
2605 1901 2891 1964 generaliter
2923 1901 3068 1951 iutel-

737 1973 888 2022 lectae
922 1971 1187 2033 voluptates
1223 1986 1310 2020 om.
1344 1971 1395 2020 A.
1501 1967 1549 2018 8.
1587 1968 1872 2017 differuntur
1906 1970 1971 2019 Lo
2010 1970 2169 2021 Cerdo.

874 2038 990 2103 Cap.
1028 2039 1112 2088 XV.
1186 2036 1229 2086 1.
1265 2052 1354 2100 per
1388 2043 1541 2085 semet
1575 2051 1722 2085 sanos
1759 2036 2006 2100 inquinent
2027 2040 2078 2089 Α.
2183 2034 2230 2086 2.
2269 2036 2601 2086 combiberunt
2634 2038 2685 2090 A.
2755 2035 3071 2085 combiberint

736 2109 920 2173 reliqui.
1000 2106 1047 2156 3.
1084 2112 1198 2155 tunc
1232 2113 1279 2154 et
1313 2112 1414 2153 tum
1448 2103 1599 2153 altero
1635 2112 1870 2169 respuunt
1900 2106 1952 2156 A.
2038 2105 2088 2155 4.
2129 2105 2218 2155 Hic
2253 2106 2343 2155 erit
2374 2106 2452 2156 Fr.
2480 2105 2656 2155 Iunius.
2745 2104 2792 2154 5.
2828 2118 2943 2167 ergo
2977 2119 3066 2155 om.
3173 2156 3180 2163 ,

735 2178 785 2226 Α.
857 2174 903 2225 6.
941 2175 1160 2224 idolatria
1192 2171 1309 2237 Αφ.

801 2294 849 2343 b.
889 2307 943 2342 ex
966 2285 1246 2355 abundanti]
1282 2281 1338 2338 ἐκ
1369 2286 1646 2354 περισσοῦ.
1677 2289 1850 2339 Exem-

737 2360 814 2425 pla
853 2360 1085 2420 adscripsi
1121 2358 1178 2408 ad
1213 2358 1279 2410 Ad
1317 2356 1457 2421 Scap.
1494 2372 1597 2421 cap.
1636 2356 1680 2405 2.

807 2429 922 2492 Cap.
958 2428 1067 2483 XV..
1113 2441 1153 2475 a.
1204 2435 1320 2476 tunc
1366 2434 1414 2475 et
1462 2426 1508 2474 in
1556 2425 1737 2474 alteros
1772 2438 1852 2472 re·

737 2491 937 2560 spuunt]
998 2495 1154 2545 Codex
1198 2493 1433 2556 Agobardi
1482 2500 1523 2543 et
1568 2499 1663 2541 tum
1708 2493 1852 2542 altero

735 2570 972 2627 respuunt.
1049 2563 1276 2619 „Altero“
1337 2561 1449 2611 dixit
1503 2560 1852 2617 adverbialiter,

736 2630 1137 2696 quemadmodum
1172 2629 1359 2689 „alio,“
1395 2636 1440 2678 et
1467 2628 1558 2678 sub
1576 2630 1719 2678 finem
1743 2626 1853 2677 libri

735 2700 933 2752 secundi
966 2699 1037 2749 Ad
1073 2698 1271 2748 Uxorem
1308 2698 1627 2754 „alten-ntro.“
1693 2697 1775 2746 Sic
1808 2702 1858 2745 et

737 2767 985 2827 „alteras“
1023 2767 1227 2831 positum
1266 2763 1379 2814 olim
1413 2765 1560 2814 fuisse
1584 2764 1649 2814 ait
1665 2764 1852 2825 Festus,

735 2850 826 2900 pro
864 2850 921 2887 eo
958 2835 1084 2900 quod
1121 2842 1195 2884 est
1227 2832 1497 2884 adverbium
1524 2832 1736 2894 ‚,alias“.
1785 2831 1852 2880 lle

736 2903 870 2954 bisce
916 2911 1073 2953 autem
1113 2901 1328 2952 locorum
1366 2901 1735 2965 inquinamentis
1768 2914 1854 2948 su-

737 2987 826 3036 pra
862 2970 1249 3035 cap.8.(liigalt.)
1295 2970 1578 3031 Agohardini
1614 2969 1851 3032 scriptura

737 3041 1009 3103 corruptela
1056 3046 1219 3101 aperte
1263 3038 1463 3088 laborat.
1535 3037 1586 3085 ln
1636 3037 1721 3085 illo
1758 3043 1853 3084 lum

732 3108 859 3157 enim
897 3109 1012 3156 latet
1046 3107 1334 3171 praepositio
1370 3110 1434 3155 in.
1490 3104 1707 3165 „Alteri“
1743 3111 1857 3152 sunt

731 3182 1047 3289 εῐίιιεοιιειιοηε.
1084 3175 1155 3288 cg.
1178 3174 1242 3288 dg
1265 3174 1355 3221 hoc
1388 3171 1694 3286 pronomilu?
1731 3184 1852 3284 qul-{ie

733 3259 759 3291 a
799 3256 859 3291 uo
883 3257 1022 3290 aven-o
1088 3256 1112 3288 a
1248 3253 1380 3302 corp.
1446 3253 1548 3301 cap.
1667 3273 1680 3285 .
1825 3252 1851 3285 e

732 3310 876 3357 verbo
912 3322 1123 3372 respuere
1169 3307 1228 3355 cf.
1278 3307 1389 3354 Λᾶν.
1424 3305 1650 3354 Marcion.
1704 3303 1764 3365 ll,
1801 3304 1850 3354 9.

732 3376 985 3435 „Libertas
1036 3372 1217 3422 arbitrii
1265 3387 1359 3421 uon
1408 3374 1450 3422 ei
1488 3373 1850 3436 culpam*snam

730 3450 1005 3559 aarum
1040 3441 1402 3558 rimatur
1438 3441 1584 3556 tit:
1622 3454 1851 3557 vasta:

731 3578 882 3642 Epist.
922 3576 1029 3626 tw.
1079 3575 1457 3639 „(pbilosopbia)
1494 3575 1728 3639 quaedam
1765 3576 1851 3625 de-

734 3647 901 3709 fatigat
930 3653 981 3696 et
1013 3644 1138 3694 velut
1174 3644 1286 3694 levia
1324 3644 1414 3694 tela
1455 3645 1558 3693 laxo
1601 3644 1708 3692 sinu
1745 3644 1851 3692 elu-

734 3714 819 3775 dit,
867 3711 1098 3777 quaedam
1148 3711 1338 3761 discutit
1372 3720 1420 3760 et
1451 3711 1500 3761 in
1537 3726 1645 3761 eum
1681 3726 1851 3776 usque,

734 3783 814 3847 qui
854 3781 1064 3838 miserat.
1098 3780 1320 3845 respuit.“

801 3851 849 3898 b.
885 3845 1082 3915 Viderit]
1121 3848 1403 3898 Probaverat
1436 3847 1708 3912 spectacula
1737 3845 1852 3895 varii

735 3918 923 3979 generis
983 3917 1248 3967 idololatria
1301 3931 1409 3967 esse
1458 3915 1758 3979 coinquinata
1808 3922 1856 3963 et

734 3998 909 4034 novum
957 3993 1285 4047 argumentum
1334 4000 1387 4033 ex
1423 3984 1680 4033 abundanti
1716 3981 1853 4031 addi-

735 4052 872 4101 derat
926 4052 1035 4102 huic
1089 4053 1367 4118 principali,
1427 4051 1698 4116 spectacula
1745 4049 1853 4098 ideo

734 4120 875 4170 vetita
934 4135 1070 4180 esse,
1139 4121 1247 4184 quia
1307 4128 1354 4168 et
1421 4117 1854 4181 concupiscentias.

738 4188 875 4246 Quod
922 4188 1080 4252 ipsum
1128 4198 1380 4253 postquam
1417 4186 1664 4250 probavit,
1710 4184 1853 4234 simol

737 4256 831 4305 boc
866 4257 1095 4321 probavit,
1132 4257 1273 4316 etiam
1309 4254 1418 4310 alia.
1453 4268 1542 4303 nec
1565 4253 1723 4302 minus
1743 4267 1854 4315 gra-

734 4325 885 4383 viora,
909 4332 1186 4387 argumenta
1207 4330 1397 4387 praeter
1415 4320 1693 4385 primarium
1734 4321 1854 4371 illud

737 4391 865 4457 quod
902 4393 960 4442 ab
997 4391 1263 4442 idololatria
1301 4390 1551 4451 repetitum
1581 4395 1701 4447 erat,
1736 4404 1855 4453 sup-

803 4469 919 4518 tere‚
967 4458 1148 4524 pei-git:
1197 4456 1371 4505 Viderit
1417 4469 1529 4516 ergo
1575 4456 1855 4520 principalis

734 4474 821 4643 {le
851 4523 1019 4576 titulus,
1048 4524 1367 4593 idolotatria,
1402 4523 1584 4596 videgit,
1611 4525 1854 4590 qnompdo

768 4603 804 4646 tt
835 4592 1129 4657 principalis.
1185 4591 1255 4641 Ad
1289 4590 1384 4641 alia
1414 4605 1580 4655 pergo.
1640 4592 1737 4641 lam
1773 4606 1854 4646 re-

742 4661 897 4725 liquas
941 4662 1155 4727 ipsarum
1197 4674 1360 4712 rerum
1404 4659 1664 4726 spectaculi
1700 4660 1855 4726 quali-

1951 2297 2074 2340 tates
2110 2292 2385 2354 proteram,
2432 2280 2620 2340 omues*
2649 2290 2725 2339 dei
2762 2287 3073 2353 qualitatibus

1951 2358 2215 2408 contrarias
2250 2359 2517 2418 ostendam,
2570 2363 2617 2407 et
2650 2357 2839 2414 facium,
2884 2365 2951 2414 ut,
2986 2357 3073 2420 qui

1950 2434 2123 2486 negent
2177 2426 2450 2490 spectacula
2509 2438 2536 2477 e
2585 2426 2723 2475 titulo
2770 2424 3073 2473 idololatriae

1949 2495 2108 2549 vetita.
2148 2494 2194 2542 id
2231 2494 2387 2558 ipsum
2424 2492 2686 2547 doceantur
2718 2492 2776 2542 ab
2813 2492 2918 2541 aliis
2952 2492 3075 2540 titu-

1953 2561 2028 2610 lis.
2090 2562 2238 2610 Verba
2285 2570 2372 2622 „ut
2406 2561 2643 2611 diximus“
2696 2562 2824 2610 refer
2869 2560 2928 2608 ad
2959 2559 3070 2609 ‘ini-

1952 2631 2069 2679 tium
2106 2629 2274 2694 capitis
2310 2629 2657 2693 praecedentis.
2695 2627 2908 2678 lbienim
2933 2628 3076 2692 prin-

1954 2697 2157 2760 cipalem
2195 2697 2374 2748 dixerat
2411 2697 2710 2748 idololatriae
2744 2696 2951 2755 titulum,
2985 2696 3076 2759 qui

1950 2765 2087 2814 solus
2122 2766 2366 2814 subiectus
2399 2768 2622 2815 sufficere
2656 2765 2852 2813 deberet
2884 2764 2944 2814 ad
2979 2764 3076 2812 ab-

1951 2832 2234 2883 dicationem
2272 2833 2672 2897 spectaculorum.
2725 2833 2792 2881 De
2825 2831 3078 2881 locutione

1952 2901 2188 2961 „viderir‘
2225 2904 2285 2950 ct.
2323 2915 2445 2965 quae
2478 2903 2764 2951 adnotavere
2800 2900 2860 2949 ad
2883 2900 2949 2948 De
2972 2900 3077 2949 Co-

1949 2984 2069 3018 rona
2107 2984 2209 3033 cap.
2246 2967 2322 3018 ¹3.
2376 2969 2589 3032 lienique
2624 2983 2718 3018 uon
2756 2982 2952 3031 possum
2973 2982 3075 3016 nou

1950 3038 2092 3087 etiam
2130 3038 2192 3086 La
2230 3037 2412 3087 Cerdae
2445 3037 2585 3086 verba
2632 3037 2933 3093 adscribere,
2987 3036 3076 3097 qui

1955 3104 2013 3154 de
2051 3105 2143 3154 hoc
2178 3104 2358 3154 difficili
2379 3103 2486 3153 loco
2508 3105 2684 3153 rectius
2713 3102 3076 3166 interpretando

1954 3173 2047 3220 hoc
2093 3187 2283 3236 quoque
2329 3173 2453 3221 bene
2489 3173 2687 3233 meruit,
2739 3171 2865 3235 quod
2902 3170 3078 3233 capitis

1953 3237 2166 3298 initium,
2215 3239 2341 3303 quod
2381 3239 2552 3304 reliqui
2589 3240 2799 3287 editores
2835 3237 3078 3289 collocant

1953 3314 2066 3370 post
2099 3308 2238 3356 verba
2275 3314 2359 3366 „et
2391 3307 2440 3356 iu
2474 3308 2652 3356 alteros
2670 3305 2955 3371 respuunt‚“
2990 3321 3077 3354 re-

1954 3375 2130 3423 vocavit
2161 3382 2270 3438 post
2304 3376 2441 3424 verba
2479 3382 2568 3434 „et
2597 3374 2643 3423 in
2674 3373 2946 3438 spectacula
2967 3373 3076 3424 dia-

1951 3442 2230 3492 seruntur.“
2298 3443 2419 3492 Sunt
2453 3450 2608 3491 autem
2645 3442 2793 3492 baec:
2828 3441 3080 3502 „Absolvit

1952 3510 2045 3558 iam
2096 3518 2453 3570 argumentum,
2512 3525 2607 3574 quo
2666 3510 2881 3574 probavit
2931 3510 3078 3560 vetita

1951 3577 2255 3641 spectacula,
2291 3578 2399 3641 quia
2435 3578 2602 3626 vetitae
2639 3577 3076 3641 concupiscentiae.

1953 3641 2110 3708 Pergit
2143 3648 2189 3694 in
2228 3648 2318 3695 boc
2352 3646 2505 3709 capite
2556 3647 2616 3694 ad
2650 3646 2779 3695 aliud
2816 3659 3079 3706 argumen-

1950 3720 2068 3773 tum,
2105 3713 2393 3777 probaturua
2422 3712 2640 3762 damnata
2661 3713 2936 3776 spectacula
2954 3726 3076 3776 pro-

1952 3789 2060 3845 pter
2094 3782 2290 3829 affectus
2328 3780 2507 3840 malos,
2550 3795 2672 3845 quos
2709 3782 2988 3842 ingenerant
3028 3783 3076 3830 in

1953 3848 2124 3897 animis
2179 3855 2519 3912 spectatorum.
2604 3849 2660 3898 Ut
2712 3862 2819 3898 vero
2863 3861 3078 3911 praece-

1952 3916 2092 3965 dente
2128 3917 2280 3978 capite
2317 3917 2563 3981 praemisit
2595 3916 2713 3967 satis
2736 3919 2841 3964 esse
2867 3914 2928 3968 ad
2957 3916 3076 3964 illo-

1952 3998 2056 4033 rum
2128 3983 2472 4034 abdicationem
2544 3984 2729 4033 novisse
2797 3995 2905 4032 osse
2989 3983 3078 4032 illa

1953 4049 2252 4100 idololatrica
2318 4047 2557 4117 [sequitur
2623 4053 2747 4101 euim
2799 4051 2862 4100 La
2917 4050 3076 4102 Cei-da

1950 4120 2235 4182 scripturam
2295 4119 2387 4168 iam
2447 4119 2506 4168 ab
2559 4119 2758 4182 Rigaltio
2817 4119 3076 4172 reiectam:

1953 4186 2083 4237 Nunc
2116 4188 2382 4251 istterpoat'to
2417 4202 2554 4237 nosse
2579 4190 2637 4237 de
2662 4179 2994 4251 idololotriuJ,·-
3005 4190 3075 4235 ita

1953 4254 2002 4302 in
2040 4254 2131 4304 boc
2166 4254 2426 4316 praemittit
2457 4255 2700 4318 quidpiam
2733 4255 2908 4316 simile,
2944 4253 3078 4318 quod

1953 4321 2045 4371 iam
2097 4322 2314 4385 explano.
2386 4322 2586 4372 Cetemm
2629 4326 2870 4373 retulimus
2911 4335 3076 4385 ama,

1954 4389 2135 4440 scilicet
2169 4388 2376 4453 cap.‘8.‚
2428 4389 2507 4438 ubi
2545 4389 2780 4440 habentur
2813 4391 2932 4440 baec
2965 4403 3078 4438 ver-

1952 4458 2041 4507 ba:
2096 4458 2257 4519 „Loca
2293 4472 2388 4507 non
2423 4459 2750 4510 contaminant
2772 4472 2860 4521 per
2877 4471 2950 4516 se,
2984 4455 3077 4506 aed

1955 4538 2078 4588 quae
2121 4523 2170 4576 in
2218 4525 2289 4576 eia
2333 4526 2505 4576 liunt.“
2549 4525 2686 4575 wido
2737 4525 2922 4590 reliqua
2968 4523 3075 4574 eiua

1954 4591 2064 4642 loci.
2096 4607 2180 4657 per
2195 4609 2327 4657 quae,
2364 4579 2582 4644 videlicet
2615 4593 2694 4641 ubi
2729 4601 2879 4652 gesta.
2914 4590 3072 4652 chnut,

1955 4661 2297 4738 pro-siquae.
2333 4668 2375 4716 et
2407 4663 2460 4713 iu
2491 4659 2660 4713 altero·
2692 4667 2930 4725 respuunt,
2959 4659 3076 4710 aneu
