3263 5311
1142 476 1219 519 nn
1263 476 1494 520 ramo.
2362 463 2481 540 951

185 626 308 688 dum
333 633 472 697 eet„
508 624 710 687 “Erat
749 625 893 707 olim
933 626 1047 689 ieta
1088 632 1380 690 sententia
1393 640 1446 688 ⁸.
1501 627 1693 689 Nemo
1734 626 1833 688 ahi
1874 627 2141 689 nascitur
2164 627 2489 717 moa-imme

182 727 324 789 sihi..
378 727 587 788 Certe⁰
629 745 763 789 cum
803 727 878 788 ad
920 726 1268 807 ⁴'‘Epicur-os
1311 736 1372 790 et
1411 727 1685 791 Zenonas
1728 735 1967 790 ventum
2010 739 2135 803 est,
2189 729 2488 809 sapientes
2524 712 2528 719 ’

180 846 336 890 vocas
376 828 564 898 totum
591 827 906 919 ⁴⁸Pquietie
936 829 1395 908 magister-iamt,
1441 830 1544 909 qui
1587 848 1720 891 eam
1763 847 2029 892 summae
2071 838 2253 919 atque
2280 834 2486 896 unicae

181 929 468 1009 voluptatis
511 929 753 991 nomine
793 928 1292 1013 &consecravere
1357 930 1583 992 Tamen
1623 930 2107 1011 ⁸”propemodum
2150 932 2295 995 mihi
2329 952 2484 1013 que-

99 1066 120 1079 »
179 1050 283 1111 que
320 1030 507 1092 licebit
547 1031 611 1091 in
653 1030 952 1111 publicum
994 1031 1397 1111 ⁸¹prodesse¹1.
1486 1031 1668 1093 Soleo
1713 1031 1789 1092 de
1829 1031 2089 1111 qnalibet
2125 1032 2485 1114 ⁸¹¹¹margine

87 1212 90 1219 1
176 1132 262 1195 vel
297 1145 420 1194 ara*
472 1132 793 1195 medicinas
836 1132 1106 1195 moribus
1149 1133 1379 1208 dicere,
1434 1151 1585 1213 quae
1638 1118 1956 1195 ⁸¹·felicius
2008 1133 2261 1212 publicis
2301 1135 2483 1199 rebus

175 1320 252 1370 47.
285 1319 414 1369 Errat
442 1319 650 1371 ABGubc.
732 1319 813 1371 48.
851 1323 1109 1385 episcopos
1142 1321 1229 1371 AB.
1306 1320 1398 1372 '48
1411 1321 1458 1371 b.
1493 1321 1660 1385 pnycis
1694 1320 2019 1385 Ios.ScaliJ9er.
2109 1320 2193 1371 49.
2230 1336 2484 1377 conserva-

172 1403 274 1437 vere
304 1388 502 1439 ascahc.
611 1388 692 1437 50.
727 1389 798 1436 vel
835 1390 1186 1453 propemodum
1220 1389 1342 1440 ABG.
1445 1389 1526 1438 51.
1564 1388 1787 1451 prodisse
1824 1388 1908 1438 BC.
2005 1387 2128 1437 511».
2167 1389 2372 1451 imagine
2398 1391 2485 1441 Va-

172 1457 318 1517 ticani,
354 1456 458 1505 Adr.
481 1454 729 1507 Turnebus.
832 1456 955 1507 Mc.
990 1456 1179 1507 facilius
1212 1456 1419 1520 publicis
1452 1466 1499 1506 et
1533 1456 1798 1506 civitatibus
1831 1457 1950 1507 tiber
1983 1457 2214 1506 Sulmo-rii.

174 1590 294 1655 quod
327 1590 405 1640 illa
440 1584 528 1639 vita
564 1591 628 1641 sit
662 1591 826 1654 ignara
855 1606 977 1657 quae
1002 1592 1049 1640 iu
1071 1606 1269 1642 secessu
1369 1591 1511 1641 etiam
1584 1591 1813 1640 maiorem
1885 1590 2108 1641 conciliat
2176 1607 2232 1642 ex
2300 1592 2485 1643 divinae

175 1659 349 1719 colitur,
385 1658 496 1708 licet
509 1658 627 1708 mibi
646 1659 836 1709 dederis
860 1659 1109 1710 meliorem
1130 1673 1266 1710 esse:

176 1741 278 1776 nam
311 1740 364 1775 ex
396 1734 474 1775 tua
509 1728 746 1777 sententia
799 1728 978 1791 patriae
1013 1741 1070 1778 ac
1103 1729 1269 1793 reipu-

171 1794 314 1844 blicae
346 1794 590 1843 vivendum
626 1803 729 1845 est..
749 1794 940 1854 (Salm.)

234 1877 276 1911 n.
309 1861 419 1911 Erat
453 1861 569 1911 olim
607 1862 696 1912 ista
734 1856 1012 1926 sententia]
1050 1861 1141 1911 l'ro
1157 1862 1269 1912 Erat

169 1938 297 1979 antea
331 1930 595 1979 habebatur
628 1931 781 1980 Errat.
861 1928 999 1989 Quod
1047 1930 1122 1979 cui
1159 1928 1266 1992 pla·

167 1999 302 2057 cebit,
349 1999 388 2047 is
432 1997 647 2046 voculam
708 1999 819 2048 olim
878 1998 1269 2061 interpretabitur

157 2068 342 2132 passim.
371 2065 472 2115 ·Cl'.
512 2065 621 2114 adn.
659 2064 719 2115 ad
752 2064 952 2128 Apolog.
991 2080 1094 2128 cap.
1119 2065 1198 2115 14.

231 2149 275 2182 o.
312 2129 472 2194 Certe]
519 2132 672 2183 Certe·
707 2147 815 2182 cum
852 2133 911 2182 ad
947 2133 1181 2196 Epicuros
1217 2140 1266 2181 et

165 2201 407 2259 Zenonas,
455 2202 501 2248 h.
528 2215 573 2250 e.
619 2200 903 2264 Epicuream
961 2208 1009 2249 et
1055 2200 1265 2249 Stoicam

164 2275 360 2326 sectam,
396 2274 580 2316 ventum
603 2276 706 2327 est,
746 2267 989 2333 sapientes
1025 2275 1268 2328 vocantur,

167 2335 251 2384 otii
287 2342 333 2383 et
364 2335 536 2399 quietis
572 2335 805 2398 magistri,
841 2336 921 2399 qui
958 2335 1099 2385 ritem
1136 2335 1268 2385 illam

166 2403 365 2452 otiosam
413 2411 459 2452 et
494 2403 704 2465 ignavam
751 2417 967 2453 summae
1015 2402 1271 2466 voluptatis

163 2472 357 2522 nomine
391 2484 744 2521 consecravere.
816 2471 913 2521 Cur
958 2471 1102 2537 igitur
1128 2471 1271 2534 Cyni-

165 2540 234 2588 cis
270 2537 388 2587 meis
422 2540 556 2602 quasi
606 2539 834 2601 probi-um
884 2538 1108 2589 obiicitur
1141 2539 1271 2602 quod

163 2609 209 2657 iu
247 2606 352 2655 aliis
397 2606 704 2671 pbilosophis
755 2607 988 2670 sapientia
1035 2606 1271 2658 iudicatur

156 2684 205 2725 et
238 2671 475 2725 vocetur?
542 2674 702 2739 Cynici
750 2675 887 2736 vulgo
935 2674 1061 2724 male
1104 2675 1271 2724 audie-

154 2744 289 2800 bant,
326 2751 380 2792 ut
413 2743 726 2806 impostores,
761 2750 1033 2801 susurras,
1070 2750 1118 2791 et
1132 2756 1270 2792 meu-

154 2812 249 2861 dici
275 2811 437 2860 verius
465 2824 609 2874 quam
629 2810 922 2874 philosophi.
971 2809 1088 2859 Solo
1107 2811 1270 2860 habitu

155 2893 182 2927 a
219 2877 397 2928 Stoicis
434 2879 734 2937 differebant,
783 2878 1004 2939 dogmata
1050 2878 1152 2926 fere
1188 2893 1271 2927 ea-

153 2947 265 2995 dem
303 2946 561 3007 habebant,
611 2945 898 3009 praesertim
948 2953 1178 3009 quantum
1212 2946 1272 2995 ad

152 3004 610 3079 ἆπραγμοσόνην.
686 3014 899 3063 Stoicum
937 3015 1063 3062 enim
1102 3012 1260 3062 decre·

150 3090 254 3130 tum
292 3089 397 3131 erat
431 3073 794 3147 ἀπράγμονας
838 3067 978 3128 εἶναι
1021 3072 1149 3134 τοὺς
1182 3091 1272 3128 σο-

153 3141 314 3214 φούς.
388 3149 510 3198 Hinc
543 3149 705 3199 Stoica
751 3149 971 3210 dogmata
1019 3163 1045 3197 a
1083 3148 1272 3211 Cynicis

152 3218 316 3266 tunica
368 3225 553 3266 tantum
611 3216 792 3266 distare
842 3216 957 3266 dicit
1003 3216 1275 3278 Satirogra-

149 3286 300 3348 plius.
335 3283 458 3334 Nam
495 3283 693 3348 pallium
721 3284 1029 3346 alitercynici
1067 3284 1275 3333 circum-

150 3352 402 3413 ii'eiebant‚
438 3353 520 3416 qui
553 3352 661 3401 sine
685 3353 844 3401 tunica
868 3350 987 3401 illud
1008 3351 1275 3413 gestabant,

151 3419 298 3468 aliter
346 3420 495 3470 Stoici
551 3428 599 3469 et
645 3419 819 3483 reliqui
865 3418 1144 3483 philosophi
1193 3420 1273 3482 qui

149 3488 248 3540 suh
295 3487 447 3549 pallio
493 3488 705 3537 tunicam
755 3486 1023 3536 sumebant.
1103 3486 1275 3537 Sextus

147 3554 459 3613 Empiricus:
495 3549 632 3610 „nal
666 3547 696 3602 ὃ
729 3548 835 3620 μὲν
861 3548 1118 3617 Διογένης
1150 3546 1276 3609 ἐξώ-

145 3616 321 3688 μιδος
365 3616 590 3690 nausiet.
615 3633 622 3640 ·
649 3615 802 3688 ἡμεῖς
849 3615 910 3670 δὲ
961 3614 1035 3675 ὥς
1081 3612 1277 3670 εἰώθα-

143 3694 331 3755 μεν.“
401 3690 668 3755 Presbyteri
701 3704 849 3754 porre
877 3689 1132 3740 Christiani
1168 3689 1278 3754 pal-

145 3758 274 3807 lium
330 3772 392 3808 ee
439 3759 581 3809 modo
629 3758 917 3807 amiciebant
966 3771 1062 3820 quo
1100 3757 1277 3821 Cynici.

145 3825 270 3875 Ideo
309 3826 639 3877 Tertullianus
686 3825 890 3889 pallium
927 3825 1149 3886 Cynicum
1201 3824 1278 3876 hic

145 3894 287 3957 loqui
327 3894 461 3954 facit,
515 3895 626 3959 quia
678 3894 871 3943 habitus
906 3901 1009 3941 erat
1044 3892 1277 3942 Christia-

144 3975 333 4012 norum
373 3969 657 4011 ascetarum.
722 3960 804 4011 Sic
836 3960 949 4010 dum
986 3973 1076 4022 pro
1112 3974 1166 4009 se
1203 3960 1277 4009 lo-

145 4031 323 4093 quitur
361 4029 562 4092 pallium
578 4029 821 4091 Cynicum,
856 4041 947 4092 pro
980 4026 1129 4091 pallio
1156 4042 1279 4092 quo-

141 4111 247 4160 que
276 4096 559 4146 Christiano
596 4105 803 4159 perorat.
864 4096 933 4145 De
950 4094 1100 4160 pallio
1121 4103 1280 4144 tamen

141 4164 508 4228 philosophico
571 4172 618 4212 et
663 4164 838 4226 Cynico
888 4164 970 4214 hic
1016 4163 1281 4225 generatim

139 4234 335 4293 agitur,
376 4246 473 4281 uon
503 4231 561 4281 de
585 4231 872 4281 Christiano.
919 4231 1038 4281 Nam
1062 4230 1122 4280 de
1140 4230 1282 4280 Chri-

134 4299 330 4349 stianis
368 4300 546 4348 ascetis
577 4312 733 4360 genus
767 4299 892 4348 istud
916 4299 1051 4362 pallii
1076 4299 1280 4348 infama-

135 4369 303 4417 batur
340 4367 548 4416 maxime
581 4373 783 4430 propter
817 4365 1035 4429 Cynicos,
1074 4379 1279 4431 quorum

135 4435 396 4500 proprius
445 4435 524 4484 bic
579 4434 771 4483 habitus
822 4441 940 4482 erat.
1021 4433 1279 4499 l'ropterea

135 4502 395 4552 amictum
432 4503 569 4551 illum
599 4502 823 4565 Cynicum
859 4501 951 4550 hoc
985 4500 1092 4550 loco
1126 4509 1281 4551 semet

135 4569 508 4619 defendentem
569 4578 615 4620 et
672 4582 864 4619 cansam
934 4565 1071 4618 stiam
1131 4583 1279 4634 pero·

97 4645 350 4688 -1-antem
404 4637 585 4687 inducit
633 4636 983 4692 Tertullianus,
1051 4642 1098 4684 et
1141 4646 1280 4700 post-

133 4717 304 4769 quam
369 4705 641 4769 peroravit,
693 4702 1158 4762 commendationem
1207 4703 1281 4754 illi

1369 1666 1417 1709 et
1451 1658 1750 1708 Christianae
1801 1657 2140 1722 philosophiae
2175 1663 2513 1722 commercio,⁴

1368 1740 1514 1791 quam
1548 1726 1778 1776 vestiebat
1813 1726 1898 1775 illo
1924 1734 2160 1790 tempore,
2195 1727 2322 1778 baud
2341 1743 2484 1779 secus

1368 1809 1426 1844 ac
1461 1793 1699 1855 Cynicam.
1765 1793 1897 1853 „Sed
1934 1794 2040 1852 ista,
2078 1795 2248 1860 iuquit,
2284 1797 2485 1860 pallium

1365 1860 1597 1925 loquitur.
1666 1863 1723 1910 At
1761 1875 1849 1921 ego
1888 1862 1980 1911 iam
2016 1861 2088 1911 illi
2124 1863 2266 1912 etiam
2299 1863 2486 1915 divinae

1366 1937 1528 1979 sectae
1563 1944 1620 1978 ac
1655 1927 1938 1992 disciplinae
1987 1931 2329 1981 commercium
2366 1946 2486 1982 con·

1366 1997 1491 2046 fero.
1560 1996 1724 2048 Gaude
1760 1996 1960 2060 pallium
1997 2006 2044 2047 et
2079 1995 2263 2048 exulta!
2318 1999 2487 2050 Melior

1367 2065 1461 2113 iam
1498 2072 1544 2113 te
1590 2064 1903 2127 philosophia
1951 2064 2143 2128 dignata
2192 2066 2318 2115 est.“
2391 2067 2484 2126 Qui

1366 2130 1503 2180 locus
1539 2134 1656 2180 satis
1691 2132 1902 2181 ostendit
1935 2147 1992 2183 ac
2024 2133 2200 2196 probat
2234 2134 2349 2183 nibil
2380 2143 2482 2185 toto

1368 2197 1462 2248 hoc
1495 2212 1721 2248 sermone
1756 2200 1949 2248 tractari
1983 2208 2065 2249 ant
2092 2202 2220 2262 tangi
2256 2203 2386 2265 quod
2423 2202 2484 2252 ad

1371 2266 1693 2315 Christianum
1717 2266 1918 2328 pallium
1939 2275 2139 2328 spectat.
2175 2268 2366 2327 (Salm.)
2414 2268 2483 2319 De

1367 2333 1593 2397 Epicurei
1642 2340 1691 2383 et
1735 2333 1882 2383 Stoici
1930 2332 2168 2396 dogmatis
2204 2335 2482 2385 discrimine

1368 2400 1547 2450 Ludos.
1603 2401 1664 2450 de
1716 2401 1758 2449 la
1804 2400 1958 2451 Cerda
2007 2409 2116 2465 apte
2164 2402 2278 2452 citat
2327 2403 2482 2453 Sene·

1371 2483 1474 2520 cam
1531 2468 1598 2517 De
1634 2469 1733 2519 Vita
1768 2467 1913 2519 Beata
1958 2465 2089 2532 [cap.
2125 2466 2259 2533 30.]:
2315 2470 2484 2532 „Duae

1371 2538 1574 2585 maxime
1609 2537 1657 2586 in
1692 2535 1783 2586 bac
1816 2551 1870 2586 re
1905 2537 2140 2587 dissident
2172 2545 2332 2588 sectae
2366 2539 2484 2603 Epi·

1371 2618 1624 2655 cereorum
1663 2613 1711 2653 et
1737 2605 2028 2666 Stoicorum,
2063 2606 2151 2658 sed
2187 2616 2388 2671 utraque
2422 2607 2483 2658 ad

1370 2673 1522 2723 otium
1557 2673 1741 2723 diversa
1775 2673 1847 2722 via
1883 2673 2037 2724 mittit.
2121 2665 2354 2738 Epic'urus
2391 2676 2485 2726 ait:

1369 2740 1475 2791 Non
1524 2742 1722 2791 accedet
1770 2741 1829 2790 ad
1876 2742 2222 2808 rempublicam
2271 2744 2483 2805 sapiens,
2573 2737 2582 2744 ’

1369 2809 1576 2925 :iggedsgt
1606 2808 2085 2938 vitei-1:133&
2120 2810 2340 2941 ”33:12⁰
2387 2812 2485 2927 :iffi

2319 2913 2332 2937 ἱ

1370 2945 1413 2993 si
1449 2943 1563 3007 quid
1597 2943 1884 3007 impedierit.
1931 2943 2060 2994 Alter
2093 2946 2242 2994 otium
2278 2960 2333 2995 ex
2366 2959 2485 3011 pro-

1370 3011 1530 3075 posito
1567 3013 1702 3074 petit,
1738 3010 1861 3061 alter
1893 3025 1949 3060 ex
1984 3013 2183 3062 causa.“

1439 3094 1487 3142 p.
1541 3080 1717 3142 quietis
1742 3129 1745 3132 ,
1772 3076 2138 3142 magisterium]
2202 3080 2268 3129 Ex
2328 3079 2483 3131 l'linio

1370 3141 1515 3210 [flist.
1535 3146 1639 3196 Nat.
1677 3144 1890 3208 xlx,4.]
1925 3147 2084 3206 hahet,
2120 3149 2201 3211 qui
2237 3150 2486 3211 otiimom’-

1374 3220 1518 3264 struas
1551 3224 1689 3264 vocat
1722 3214 1996 3278 Epicurum.
2032 3215 2225 3275 (Salm.)

1442 3296 1489 3344 q.
1535 3283 1652 3331 mihi
1700 3297 1892 3347 quoque
1937 3281 2102 3332 licebit
2144 3284 2192 3333 in
2242 3283 2489 3348 publicum

1373 3345 1652 3416 prodesse]
1699 3350 1938 3409 Quamvis,
1974 3350 2128 3415 inquit
2163 3350 2359 3414 pallium
2397 3352 2491 3415 Cy·

1375 3416 1553 3475 uicum,
1609 3418 1693 3466 otii
1746 3416 2003 3478 magistros
2048 3426 2097 3467 et
2141 3419 2337 3480 ignavae
2369 3419 2491 3468 vitae

1374 3492 1641 3534 sectatores
1692 3484 1906 3544 vestiam,
1977 3487 2189 3550 quamvis
2240 3486 2310 3536 illi
2365 3501 2490 3551 quos

1375 3552 1547 3602 amicio
1593 3552 1753 3601 omnia
1790 3551 1983 3614 publica
2019 3567 2218 3604 munera
2253 3554 2493 3617 refugiant

1377 3636 1434 3670 ac
1466 3628 1709 3680 recusent,
1744 3620 2056 3671 nihilominus
2090 3629 2247 3672 tamen
2285 3622 2344 3671 iis
2380 3622 2495 3672 licet

1377 3688 1425 3737 in
1463 3688 1707 3751 publicum
1744 3688 1999 3750 prodesse.
2078 3689 2197 3739 Nam
2234 3689 2295 3739 de
2328 3690 2491 3753 quoli-

1376 3756 1461 3806 bet
1494 3756 1696 3805 editiore
1743 3756 1851 3806 loco
1900 3756 1949 3806 in
1997 3757 2105 3806 vitia
2138 3757 2295 3806 invehi
2330 3757 2493 3806 solent

1378 3831 1426 3872 et
1460 3823 1723 3873 medicinas
1749 3824 1903 3886 pravis
1927 3824 2143 3874 moribus
2163 3824 2339 3884 facere,
2364 3838 2489 3887 quae

1377 3890 1643 3941 medicinae
1694 3891 1957 3941 civitatibus
2009 3899 2058 3941 et
2090 3891 2237 3941 rebus
2282 3891 2489 3955 puhlicis

1376 3959 1487 4021 plus
1523 3958 1680 4009 honae
1726 3958 2009 4009 valetudinis
2057 3961 2311 4009 conterunt
2344 3973 2489 4023 quam

1382 4034 1653 4088 togatorum
1689 4040 1882 4089 operae.
1951 4027 2203 4091 Proprium
2238 4034 2396 4077 autem
2433 4041 2492 4078 ac

1381 4093 1618 4144 sollemne
1631 4094 1932 4156 Cynicorum,
1968 4109 2065 4143 non
2092 4094 2490 4156 Christianorum,

1381 4162 1442 4211 de
1477 4161 1694 4225 quolibet
1738 4170 1963 4224 suggestu
2000 4162 2069 4211 rel
2106 4163 2343 4213 eminente
2378 4162 2487 4212 loco

1341 4278 1347 4283 .
1380 4229 1733 4297 inprobrosos
1768 4243 1825 4279 ac
1869 4229 1965 4278 vitii
2010 4229 2183 4293 plenos
2218 4230 2489 4280 declamare

1380 4305 1522 4361 atque
1556 4298 1804 4347 bominum
1838 4295 2014 4359 flagitia
2060 4299 2227 4347 canina
2270 4313 2357 4348 sue
2392 4298 2490 4346 lin-

1380 4378 1472 4427 gua
1506 4366 1759 4427 exagitare.
1795 4365 1984 4424 (Salm.)
2036 4365 2269 4415 Conferre
2287 4379 2394 4415 cum
2414 4366 2491 4415 his

1381 4432 1572 4510 expedit
1615 4446 1740 4496 quae
1785 4433 1846 4482 de
1894 4433 2160 4483 Christiana
2207 4423 2493 4498 ἀπραγμο-

1379 4511 1514 4564 own
1552 4499 1746 4549 disserit
1779 4508 1921 4564 atque
1956 4510 2149 4551 excusat
2172 4501 2495 4551 Tertullianus

1379 4568 1583 4632 Apolog.
1617 4566 1936 4632 cap.42sqq.

1445 4650 1488 4684 r.
1523 4634 1584 4684 de
1629 4635 1843 4699 qualibet
1888 4636 2100 4698 margine
2151 4634 2223 4685 vel
2273 4631 2378 4699 ara]
2432 4635 2488 4685 ld

1378 4710 1452 4753 eet
1485 4702 1546 4753 de
1581 4703 1813 4783 qnalibet·
1839 4703 2039 4754 editiore
2093 4703 2220 4766 loco,
2271 4711 2325 4755 ut
2373 4709 2490 4756 aunt
