3263 5311
1122 446 1601 489 necessa-mun.
2414 434 2543 496 267

191 597 392 659 omnis
437 596 750 676 popularis
791 594 1185 689 ‘incommodi
1209 595 1581 689 Christianos
1609 614 1750 657 esse
1780 596 1875 656 ⁷in
1906 610 2199 658 causauv.
2267 599 2330 660 Si
2362 599 2548 661 Tibe-

189 699 278 759 ris
325 696 598 758 ascendit
639 697 736 757 ‘in
780 697 1047 773 moenia,
1093 696 1145 759 si
1187 696 1356 757 Nilus
1401 712 1524 756 non
1566 695 1843 763 ascendit,
1875 696 1969 758 ⁹in
2013 715 2178 772 arva,
2226 699 2280 760 si
2324 701 2549 763 caelum

192 798 421 873 stetitb,
492 797 545 859 si
605 806 763 858 terra
806 797 1096 871 ²⁴’movim
1164 796 1218 859 si
1281 798 1505 870 sames,
1553 798 1660 860 ”si
1690 797 1851 871 hies,
1920 798 2120 860 statim
2177 799 2549 863 Christianos

189 899 266 960 ad
325 896 592 959 leonem!
670 896 1142 960 ”adclamauit-⁴.
1260 898 1484 959 Tantos
1540 898 1614 958 ad
1679 897 1912 961 unum?
2015 899 2138 962 Oro
2206 918 2345 974 vos,
2411 911 2553 964 ante
2578 908 2593 917 '

191 998 535 1074 Tiberium,
596 998 658 1059 id
705 1006 795 1059 est
837 1007 971 1060 aute
1016 998 1236 1060 Christi
1280 998 1627 1071 adventum,
1686 1006 1939 1077 quantae
1996 1000 2190 1062 clades
2239 1002 2443 1067 o'rbem
2490 1012 2552 1065 et

191 1099 438 1169 3⁸urbes
479 1098 868 1161 ceciderunt?
932 1099 1212 1178 Legimus
1243 1099 1550 1172 ”Hieram
1593 1100 1915 1179 Anaphen⁰
1957 1110 2020 1163 et
2057 1100 2247 1163 Delon
2292 1104 2553 1165 0111110-

191 1202 322 1261 don
369 1208 428 1261 et
471 1200 607 1260 ¹⁸Co
655 1198 878 1262 insulas
923 1199 1124 1262 multis
1168 1219 1304 1261 cum
1345 1199 1585 1261 milibus
1642 1200 1950 1263 hominum
1993 1220 2241 1282 pessum
2272 1204 2551 1266 ¹⁶abisse.

191 1353 244 1404 6.
282 1322 581 1403 incommodi
631 1355 677 1402 in
728 1352 994 1418 primordio
1043 1361 1315 1416 temporum
1365 1352 1666 1403 Christianos
1700 1347 1746 1399 λ.
1870 1355 1916 1403 7.
1965 1355 2011 1404 iu
2060 1370 2254 1406 causam
2290 1358 2415 1408 ΑΒΗ.
2501 1359 2549 1409 10

190 1436 340 1471 causa
375 1417 521 1471 felc.
568 1421 758 1472 Vindob.
876 1435 1068 1471 causam
1119 1420 1308 1483 Eobdes.
1355 1420 1529 1484 Erfurt.
1582 1420 1731 1471 Oxou.
1777 1422 2027 1473 Pometiam
2074 1425 2267 1490 aliquot.
2393 1424 2439 1475 8.
2489 1426 2550 1476 ad

191 1489 389 1539 moenia
427 1493 487 1553 q.
590 1488 640 1539 9.
677 1489 724 1538 iu
761 1503 874 1539 rura
905 1485 955 1536 λ.
1069 1488 1146 1539 10.
1185 1488 1331 1538 vomit
1363 1489 1419 1538 D.
1525 1487 1606 1537 11.
1644 1490 1687 1538 si
1723 1505 1809 1539 on.
1829 1491 1881 1539 F.
1904 1492 2092 1545 vindob.
2192 1492 2270 1543 12.
2305 1492 2553 1547 adclama-

191 1567 270 1605 tur
307 1556 612 1607 ABDEFGab.
637 1558 845 1620 findo&
883 1557 1056 1621 Erfurt.
1098 1558 1246 1605 ozon.
1336 1555 1596 1606 inclamant
1633 1551 1677 1605 λ.
1752 1558 1971 1607 omittunt
2008 1561 2122 1622 edes.
2162 1561 2350 1611 Haverc.
2471 1560 2551 1610 13.

191 1625 346 1674 urbes
381 1625 527 1686 ΛΕΡῙ.
571 1624 758 1673 Vindob.
797 1624 971 1687 Erfurt.
1057 1623 1224 1673 urbem
1260 1622 1533 1674 Bficcbcde.
1570 1624 1762 1673 flavere.
1887 1624 1967 1674 14.
2006 1626 2199 1685 Hieran,
2236 1629 2465 1692 Anaphen
2503 1636 2551 1678 et

187 1693 394 1743 Πᾶνα-0.
474 1692 640 1741 hieran
675 1692 884 1752 (hiersnt
918 1691 990 1752 B.)
1028 1705 1214 1755 napean
1250 1699 1298 1740 et
1329 1691 1418 1741 AB.
1500 1692 1859 1756 hisraunapean
1894 1699 1943 1743 et
1974 1694 2030 1743 E.
2068 1694 2220 1745 Onon.
2252 1697 2428 1760 Erfurt.
2463 1696 2550 1746 Pa-

187 1760 501 1809 meliunormn
532 1775 656 1823 pars.
729 1759 1086 1824 hiersmapeam
1125 1766 1172 1807 et
1206 1760 1259 1808 D.
1288 1759 1530 1809 Vaticanus
1555 1774 1694 1809 unus.
1765 1759 2147 1824 hyeramcipeam
2185 1771 2231 1811 et
2268 1765 2317 1813 G.
2387 1764 2549 1813 hiera·

191 1828 468 1889 miapaeam
521 1835 567 1875 et
611 1827 850 1876 Vaticanus
900 1828 1033 1877 atter.
1119 1826 1493 1890 iherauuapeam
1542 1834 1590 1875 et
1623 1828 1845 1888 Bonqors.
1936 1828 2251 1880 hiensrranda
2302 1845 2453 1893 penes
2498 1826 2544 1878 λ.

192 1908 344 1956 genn
383 1908 572 1957 napean
607 1901 655 1943 et
687 1896 895 1945 Anba-os.
965 1892 1260 1956 Hierapolim
1298 1901 1346 1942 et
1379 1896 1539 1944 attede.
1608 1894 1949 1960 Hieranuapeu
1984 1903 2034 1945 et
2065 1901 2100 1961 f.
2172 1898 2365 1960 meren,
2395 1898 2550 1959 Nessi,

191 1962 429 2025 Anaphen
467 1968 516 2010 et
551 1962 642 2012 Iac.
681 1963 986 2024 Gotholredus
1022 1962 1084 2011 od
1122 1962 1307 2012 Tertull.
1341 1960 1410 2009 Ad
1446 1960 1569 2011 Nau.
1608 1962 1643 2020 1,
1668 1960 1718 2010 9.
1779 1970 1820 2010 et
1857 1963 2052 2012 Salmas.
2103 1966 2153 2012 in
2188 1965 2336 2016 Solin.
2368 1965 2551 2031 p.1o2.·

197 2030 277 2078 15.
316 2028 384 2081 Co
421 2033 457 2093 Ῑ.
493 2029 687 2079 Havete.
719 2030 994 2079 Salmasius.
1065 2027 1166 2077 Cho
1200 2029 1364 2079 ABEG.
1389 2028 1581 2079 vindob.
1605 2028 1794 2078 Pometia·
1813 2031 1989 2094 aliquot
2007 2032 2134 2080 libri.
2169 2032 2341 2096 Erfurt.
2413 2032 2548 2084 Choo

193 2097 641 2159 &brennacum
715 2097 830 2146 thou
868 2098 918 2146 F.
992 2095 1159 2145 Choon
1195 2097 1250 2147 11.
1322 2095 1425 2146 Con
1462 2098 1564 2147 aba.
1629 2095 1765 2146 Goon
1803 2098 1873 2146 ἀι.
1903 2089 2220 2149 wascanorum
2244 2116 2378 2149 unus.
2472 2100 2550 2150 16.

193 2166 356 2214 abisso
391 2164 545 2214 ABEF
545 2166 595 2214 G.
641 2164 827 2214 Vindob.
865 2165 1042 2227 Erfurt.

268 2299 387 2363 Cap.
421 2299 513 2349 xl..
600 2314 644 2349 a.
694 2313 804 2350 esse
869 2301 918 2349 in
966 2295 1186 2365 causam]
1247 2298 1329 2348 Sic

195 2368 436 2429 scriptum
473 2374 545 2416 est
582 2367 628 2415 in
668 2366 805 2416 libris
846 2368 1042 2431 optimis
1077 2368 1326 2417 parisien-

194 2434 354 2484 sibus.
425 2434 492 2483 De
527 2433 805 2484 Idololatria
842 2449 946 2499 cap.
987 2434 1046 2484 15
1084 2435 1172 2495 „si
1207 2434 1324 2484 idoli

197 2504 362 2551 honor
407 2511 496 2560 est,
543 2504 649 2551 sine
686 2502 836 2552 dubio
871 2502 986 2553 idoli
1026 2504 1182 2553 honor
1218 2502 1324 2552 ido-

197 2570 391 2619 lolatria
430 2578 518 2619 est.
589 2569 641 2618 Si
679 2570 888 2619 hominis
926 2585 1069 2620 causa
1106 2578 1198 2631 est,
1245 2585 1324 2619 re·

198 2638 464 2700 cogitemus
503 2648 700 2688 omnem
736 2637 1058 2689 idololatriam
1093 2640 1144 2688 in
1179 2640 1326 2688 homi-

197 2708 276 2756 nis
313 2722 498 2757 causam
534 2705 696 2756 esse.“
742 2707 815 2756 cf.
841 2706 1003 2756 adnot.
1032 2706 1091 2756 ad
1117 2707 1186 2755 De
1200 2706 1328 2767 Fuga
1361 2743 1374 2751 .

198 2775 252 2824 in
289 2774 534 2824 Persecut.
570 2788 675 2836 cap.
701 2774 748 2824 7.
803 2773 816 2782 ‘

274 2841 320 2888 h.
358 2843 402 2889 si
437 2841 619 2889 eaelum
656 2838 807 2904 stetit]
844 2841 913 2891 De
948 2841 1099 2890 laiun.
1137 2856 1242 2904 cap.
1266 2839 1327 2890 16

203 2907 368 2967 „Cum
406 2915 552 2970 stupet
587 2910 756 2958 coelum
807 2917 849 2958 et
885 2925 1033 2960 onnus
1069 2915 1183 2969 aret,
1236 2922 1328 2956 uu-

205 2974 454 3038 dipedalia
505 2975 888 3026 denuntiantur.“
973 2976 1046 3026 Cf.
1096 2976 1163 3025 Ad
1201 2975 1324 3042 Nau.

204 3042 244 3102 1,
271 3041 318 3091 9.
397 3041 578 3104 Caelum
612 3051 745 3104 stare,
805 3044 958 3107 inquit
992 3044 1243 3106 fugamus,
1282 3049 1329 3090 et

201 3118 387 3175 stupere
423 3109 611 3171 dicitur,
664 3127 771 3161 cum
823 3111 950 3161 velut
1000 3111 1215 3175 stuporis
1253 3111 1327 3159 10-

202 3178 319 3226 ertia
375 3179 520 3227 fixum
581 3193 901 3243 pressumque
957 3193 1052 3228 non
1108 3178 1330 3242 liquescit

202 3260 291 3294 nec
325 3245 528 3294 solvitur
576 3247 622 3294 in
676 3247 874 3310 pluvias.
960 3247 1032 3296 Cf.
1079 3246 1327 3307 Angustia.

201 3313 268 3361 De
306 3312 401 3364 Civ-
431 3314 516 3362 Dei
558 3314 616 3373 ll,
641 3313 674 3362 3
713 3315 813 3372 „Ex
848 3328 1053 3377 quorum
1091 3313 1330 3377 imperitia

201 3381 322 3429 iliud
359 3395 552 3444 quoque
589 3390 750 3431 ortum
795 3389 868 3430 est
903 3381 1093 3442 vulgare
1130 3394 1328 3443 prover-

199 3449 446 3565 rerbiutm:
514 3448 676 3498 Pluvia
724 3450 927 3510 defecit3
993 3462 1138 3498 causa
1189 3447 1331 3497 Chri-

198 3516 346 3565 stiani
377 3515 412 3539 ‘⁸

161 3611 172 3618 -
267 3599 313 3632 e.
350 3585 394 3632 si
414 3590 546 3634 terra
570 3578 739 3649 movit]
773 3583 1132 3644 [aninmo
1157 3583 1334 3642 „Terra

199 3651 304 3701 dies
328 3651 805 3714 duodequadraginta
823 3651 1017 3701 πισῶν·
1065 3651 1188 3702 Geli.
1207 3650 1263 3699 N.
1278 3651 1328 3698 Δ.

197 3717 336 3778 me
391 3719 567 3778 „Quod
623 3718 674 3767 C.
727 3719 877 3768 lulius
924 3719 974 3769 1..
1011 3718 1064 3767 F.
1112 3718 1330 3783 pontifex

193 3787 435 3836 nuntiavit
490 3787 537 3835 iu
594 3786 806 3836 sacrario
865 3787 912 3836 in
975 3787 1106 3848 regia
1168 3786 1331 3834 hastas

195 3853 398 3904 Martias
449 3853 711 3903 movisse.“
793 3854 866 3903 Cf.
914 3855 1111 3903 Suetou.
1161 3853 1329 3903 Claud.

193 3937 308 3986 cap.
334 3919 412 3970 22.
485 3920 688 3970 Tertull.
724 3922 792 3970 Aa
827 3921 950 3970 Natt.
990 3921 1027 3981 1,
1055 3920 1105 3970 9.

259 3990 316 4038 d.
361 3988 662 4038 Christianos
700 3988 758 4037 ad
786 3989 977 4038 leonem
999 3979 1337 4051 adclamatum]

191 4057 262 4107 Ita
307 4056 442 4105 euim
480 4055 826 4120 deposcebant,
884 4057 952 4106 Ad
998 4059 1188 4116 leonem,
1239 4069 1336 4104 non

190 4126 258 4175 Ad
317 4124 492 4174 teones.
577 4123 883 4187 Lampridius
938 4125 985 4173 in
1036 4122 1332 4173 Commodo:

191 4190 497 4253 „net-tores
534 4191 592 4240 ad
630 4189 856 4242 leonem!
902 4191 1078 4241 Exaudi
1118 4190 1332 4240 Caesar“

190 4257 318 4309 cett:
372 4258 510 4308 Hane
544 4258 773 4322 loquendi
809 4260 1042 4308 rationem
1069 4259 1192 4308 ridet
1212 4259 1332 4307 Ter-

188 4328 453 4380 tullianus.
526 4327 643 4384 Quis
679 4340 792 4376 vero
830 4327 907 4375 leo
943 4333 1015 4377 tot
1048 4326 1333 4377 Christianis

189 4393 519 4445 conficiendis
553 4408 644 4457 par
680 4408 791 4443 esse
807 4391 1168 4457 potest?——
1206 4394 1334 4443 Haec

189 4464 350 4525 igitur
385 4468 490 4510 erat
526 4461 650 4522 vulgi
687 4461 1027 4526 depostulatio.
1088 4461 1140 4509 ln
1178 4475 1333 4522 agone

169 4529 458 4596 -Polycarpi
496 4529 624 4591 apud
659 4528 952 4579 Eusebium:
1005 4527 1225 4584 „tacte
1273 4522 1333 4576 δὲ

195 4591 456 4662 λέγοντες
500 4590 592 4645 ἐπε
632 4589 765 4651 «inv,
821 4591 912 4644 καὶ
961 4587 1191 4665 ἠρώτων
1233 4590 1336 4643 τὸν

195 4657 482 4733 &codam
530 4664 580 4713 Φ
634 4677 824 4721 ωπον,
883 4654 975 4714 ἵνα
1020 4656 1207 4730 ἐπαφῇ
1252 4661 1334 4726 τῷ

1429 2289 1768 2365 Πολυκάρπῳ
1803 2292 2065 2346 λέοπα.“
2114 2301 2354 2363 (ilersld.)
2421 2303 2555 2353 Adde

1430 2366 1653 2429 cyprian.
1691 2365 1842 2428 Epist.
1883 2367 1948 2415 55
2001 2368 2110 2429 „Ad
2163 2371 2339 2419 leonem
2382 2373 2553 2435 petitus

1427 2433 1476 2482 in
1513 2433 1663 2493 circo,
1699 2433 1841 2482 inam
1881 2434 2172 2493 hithestro‚“
2209 2445 2256 2486 et
2278 2437 2556 2502 paulopost

1428 2500 1679 2561 „clamore
1713 2514 1845 2565 popu
1868 2502 2022 2551 arium
2078 2504 2237 2553 denuo
2283 2508 2346 2555 od
2380 2508 2557 2556 leonem

1431 2569 1751 2632 depostulatus
1808 2570 1856 2617 in
1905 2569 2088 2620 circo.“
2160 2571 2232 2621 Cl'.
2270 2573 2457 2623 Ferrar.
2494 2573 2555 2622 de

1431 2635 1548 2686 vett.
1584 2637 1794 2687 Acclam.
1832 2637 2075 2688 etPlausu
2112 2640 2194 2690 lib.
2213 2639 2307 2699 Vll,
2346 2655 2451 2705 esp.-
2475 2640 2552 2692 18.

1498 2719 1541 2754 e.
1579 2705 1776 2765 Hieran,
1811 2703 2065 2772 Anaphen]
2102 2707 2308 2757 Difficile
2345 2716 2553 2757 asteru-

1433 2785 1515 2820 ere
1552 2786 1675 2837 quae
1710 2786 1818 2821 vera
1856 2773 1911 2842 h,
1930 2773 1961 2822 1.
1997 2775 2236 2837 scriptura
2273 2776 2349 2824 sit.
2422 2775 2553 2824 Scri-

1430 2845 1566 2901 ptum
1602 2846 1709 2887 erat
1744 2839 1949 2888 sortasse
1986 2841 2307 2905 Hier-anaphen
2343 2842 2415 2894 vel
2442 2842 2557 2892 Hie·

1428 2908 1619 2969 raphen.
1675 2905 1816 2955 Certo
1846 2907 1905 2956 de
1943 2907 2031 2958 hae
2067 2907 2214 2956 altera
2243 2908 2395 2958 forma
2418 2909 2556 2958 testis

1431 2980 1506 3021 est
1539 2973 1814 3035 Stephanus
1849 2973 2035 3036 Byzant.
2073 2988 2113 3023 s.
2129 2975 2167 3025 i.
2198 2967 2441 3040 Ἰεράφη,
2483 2968 2559 3028 ὦς

1424 3029 1654 3103 Ἀνάφη,
1692 3036 1858 3099 νῆσος
1892 3033 2106 3103 Λιβύης.
2150 3037 2435 3096 Ἑκαταῖος
2466 3056 2557 3092 πε-

1431 3099 1696 3171 ριηγήσει.
1761 3107 1958 3157 Interim
1996 3108 2167 3158 retinui
2205 3110 2392 3170 Hieran,
2430 3113 2555 3161 Ana-

1425 3177 1563 3240 phen,
1604 3189 1806 3238 quarum
1846 3176 2111 3225 insularum
2146 3177 2247 3238 illa,
2285 3192 2340 3226 ex
2375 3178 2554 3228 Aeoliis

1431 3258 1543 3303 una,
1580 3243 1724 3292 hodie
1759 3242 1967 3293 Volcano
2004 3243 2205 3304 dieitur,
2243 3245 2393 3295 altera
2430 3247 2557 3296 inter

1431 3310 1676 3375 Sporades
1730 3318 1805 3358 est
1858 3319 1904 3360 et
1941 3311 2081 3361 hodie
2117 3312 2303 3363 Namlio
2341 3321 2387 3363 et
2421 3315 2554 3364 Anuli

1432 3377 1724 3441 appellatur.
1812 3377 1933 3428 Pliu.
1970 3378 2092 3428 Hist.
2128 3380 2232 3429 Nat.
2270 3380 2343 3440 ll,
2376 3379 2458 3431 87.
2509 3389 2556 3431 et

1432 3448 1585 3495 Amm.
1623 3444 1834 3494 Marcell.
1874 3445 2021 3506 xvn,
2058 3446 2104 3494 ⁵1.
2142 3462 2188 3510 p.
2223 3447 2306 3499 98.
2361 3450 2557 3498 tradunt

1431 3513 1607 3562 Hieran
1645 3519 1693 3562 et
1725 3512 1955 3577 Anaphen
1992 3514 2193 3574 insulas,
2252 3516 2364 3565 item
2403 3515 2555 3565 Delon

1432 3594 1488 3629 ac
1523 3581 1725 3630 Rhodon
1764 3595 1819 3630 ex
1856 3582 1975 3630 mari
2011 3582 2248 3645 erupisse.
2319 3584 2392 3633 Cf.
2414 3584 2557 3632 etiam

1434 3647 1554 3697 Plin.
1597 3649 1653 3698 Η.
1674 3648 1730 3697 Ν.
1761 3646 1832 3708 lV,
1856 3647 1933 3698 12.
2005 3649 2094 3708 Qui
2132 3649 2416 3713 Hierapolim
2453 3651 2557 3700 edi-

1434 3713 1623 3774 derunt,
1648 3716 1693 3765 id
1717 3717 1933 3765 lecerunt
1949 3717 2225 3765 testimonio
2248 3718 2360 3766 Eus.
2377 3717 2560 3767 Chrou.

1434 3783 1491 3832 ad
1531 3799 1572 3831 a.
1613 3783 1873 3834 stmxxx.
1924 3792 1972 3832 et
2009 3783 2169 3833 Orosii
2205 3784 2311 3843 vlt,
2349 3784 2429 3842 7.,
2477 3785 2559 3847 qui

1434 3857 1633 3899 narrant
1688 3864 1792 3899 eam
1857 3865 1983 3899 anno
2050 3851 2191 3899 tertio
2252 3852 2563 3914 imperatoris

1432 3917 1640 3967 Neronis
1677 3931 1767 3966 uua
1804 3931 1912 3966 eum
1951 3918 2213 3967 Laodicaea
2269 3926 2317 3967 et
2351 3918 2559 3968 Colosso

1427 3993 1591 4035 terrae
1629 3992 1761 4034 motu
1795 3986 2054 4036 corruisse.
2124 3984 2220 4035 Sed
2268 4000 2439 4050 parum
2486 3985 2561 4036 illi

1434 4065 1676 4103 memores
1713 4061 1849 4102 erant
1866 4052 2213 4103 Tertullianum
2250 4054 2563 4104 solummodo

1439 4120 1570 4184 loqui
1620 4121 1681 4171 de
1729 4120 1947 4170 cladibus
1995 4135 2118 4185 quae
2167 4129 2276 4171 ante
2313 4122 2559 4171 Tiberium

1437 4196 1484 4238 et
1520 4188 1698 4237 Christi
1736 4188 1985 4239 adventum
2036 4188 2312 4239 acciderint.
2393 4189 2585 4257 Neque³

1435 4256 1573 4305 loeus
1610 4264 1685 4305 est
1720 4255 1853 4305 urhis
1890 4256 2162 4320 Hierapolis
2216 4258 2340 4306 inter
2375 4254 2562 4306 insulas

1436 4322 1606 4382 Delon,
1644 4323 1868 4382 Rhodon,
1906 4324 2027 4373 Con.
2096 4323 2200 4373 Deli
2238 4338 2401 4372 casum
2439 4324 2562 4372 Ter-

1433 4391 1666 4440 tullianus
1715 4399 2062 4440 commemorat
2110 4392 2252 4440 etiam
2300 4390 2360 4439 do
2408 4388 2563 4439 Pallio

1436 4473 1542 4522 cap.
1580 4458 1626 4507 2.
1716 4458 1789 4508 Cf.
1838 4465 2089 4522 praeterea
2138 4459 2259 4507 Plin.
2297 4457 2415 4505 Hist.
2454 4457 2562 4505 Nat.

1438 4526 1497 4585 11,
1517 4525 1600 4576 88.
1624 4524 1726 4585 89„
1765 4523 1845 4574 ubi
1883 4536 2045 4575 narrat
2080 4525 2232 4573 Delon
2271 4538 2325 4571 ac
2356 4521 2559 4570 Rhodon

1434 4594 1693 4657 aliquando
1731 4592 1989 4656 absorptos
2023 4593 2173 4642 luisse
2210 4605 2265 4639 ac
2283 4597 2451 4652 postea
2472 4602 2558 4649 ap·

1431 4662 1678 4728 paruisse.
1760 4661 1830 4708 De
1876 4660 2046 4710 Rhodo
2096 4660 2156 4708 cf.
2206 4658 2349 4708 etiam
2384 4655 2564 4705 Eussb.
