3263 5311
667 448 792 511 312
1194 461 1394 512 QUINTI
1438 459 1702 502 serrum
1741 459 2068 503 nonnitus
2113 459 2506 508 'statuuntur

664 615 830 677 letis:
886 613 1091 674 Bonus
1146 611 1236 672 vir
1279 610 1552 673 ¹“Lucius
1597 610 1824 683 Titius,
1892 616 2117 672 tantum
2170 605 2330 688 quod
2383 607 2776 671 Christianus.
2862 607 3005 669 Item

664 716 849 779 alius:
894 713 1019 794 Ego
1065 712 1251 774 miror
1294 711 1560 774 uGaium
1591 711 1793 773 Seium
1836 727 2072 790 gravem
2113 708 2308 772 virum
2349 711 2566 772 sactum
2587 709 3003 772 Christianum.

664 815 782 877 Pro
827 813 1100 876 stultitiae
1143 812 1421 874 caecitate
1450 813 1692 875 laudant
1723 829 1873 891 quae
1904 811 2131 885 sciunt,
2177 810 2510 891 vituperant
2538 827 2687 890 quae
2715 809 3004 883 nesciunt,

666 926 725 977 et
767 915 827 977 id
872 914 1030 994 quod
1076 912 1273 975 sciunt
1314 932 1387 975 eo
1431 914 1592 992 quod
1630 913 1907 975 nesciunt
1958 911 2186 973 vitiant.
2282 910 2516 976 Nemini
2571 910 2876 986 subvenit,
2932 929 3009 971 ne

664 1015 798 1077 ideo
840 1015 1037 1076 bonus
1084 1014 1218 1093 quis
1263 1024 1321 1077 et
1362 1014 1656 1094 prudenS,
1703 1013 1840 1092 quia
1874 1011 2264 1085 Christianae,
2311 1019 2410 1074 aut
2451 1011 2584 1074 ideo
2616 1011 3005 1085 Christianus,

664 1116 798 1196 quia
841 1116 1106 1196 prudens
1154 1123 1214 1177 et
1255 1115 1481 1189 bonuS,
1528 1134 1661 1177 cum
1708 1114 1787 1176 sit
1828 1114 2144 1175 humanius
2190 1113 2417 1174 occulta
2459 1111 2794 1174 manifestis
2837 1111 3004 1173 adiu-

665 1215 861 1278 dicare
904 1235 1077 1295 quam
1123 1216 1434 1280 manifesta
1478 1216 1552 1277 de
1596 1214 1828 1276 occulto
1884 1214 2308 1295 praeiudicare.
2415 1213 2580 1275 ”Alii
2637 1229 2793 1293 quos
2849 1221 3007 1276 retro

663 1325 798 1379 ante
841 1315 955 1378 hoc
985 1316 1247 1379 nomen*
1277 1335 1487 1397 vagoS‚
1534 1316 1714 1390 viles,
1757 1314 2066 1395 improbos
2098 1323 2344 1389 norant,
2388 1313 2732 1376 emendatos
2764 1320 3010 1395 repente

661 1417 983 1491 mirantur,
1031 1426 1092 1479 et
1134 1426 1331 1480 tamen
1374 1417 1579 1479 mirari
1624 1435 1800 1496 quam
1844 1415 2081 1494 assequi
2125 1413 2406 1477 norunt⁶z
2468 1414 2562 1476 alii
2609 1422 2768 1476 tanta
2813 1414 3005 1476 obsti-

661 1520 902 1580 natione
946 1526 1202 1593 certant,
1251 1528 1314 1580 ut
1356 1537 1487 1582 cum
1534 1519 1661 1579 suis
1706 1516 2056 1579 utilitatibus
2100 1516 2471 1597 depugnent,
2529 1534 2675 1595 quas
2721 1515 2797 1576 de
2841 1534 3007 1578 com-

664 1620 886 1680 mercio
934 1618 1107 1680 istius
1151 1619 1411 1680 nominis
1457 1636 1668 1699 capere
1708 1624 1983 1698 possunt.
2086 1616 2221 1678 Scio
2281 1617 2558 1678 maritum
2606 1635 2793 1679 unum
2835 1625 3008 1696 atque

662 1719 839 1780 alium
859 1765 873 1792 ,
919 1718 1157 1780 anxium
1200 1728 1359 1782 retro
1405 1720 1479 1781 de
1513 1720 1714 1781 uxoris
1745 1736 1885 1779 suae
1915 1716 2218 1790 moribuS,
2261 1717 2363 1795 qui
2390 1735 2468 1777 ne
2496 1735 2699 1780 mures
2729 1716 3010 1797 quidemk

663 1818 726 1878 in
770 1817 1103 1880 cubiculum
1144 1819 1483 1898 inrepentes
1531 1819 1661 1882 sine
1706 1817 1981 1898 ²''gemitu
2024 1815 2385 1896 suspicionis
2429 1817 2794 1892 sustinebat,
2840 1835 3010 1879 com-

659 1928 829 1998 perta
871 1938 1046 1980 causa
1090 1937 1277 1982 novae
1323 1920 1653 1982 sedulitatis
1700 1927 1761 1981 et
1805 1917 2120 1979 inusitatae
2150 1911 2535 1997 captivitatis¹
2567 1937 2805 1980 omnem
2837 1918 3010 1979 ux‘ori

659 2019 1003 2100 patientiam
1044 2020 1469 2093 ¹'obtulisse-⁸,
1511 2039 1575 2083 se
1615 2036 1869 2098 negasse
1911 2019 2275 2099 zelotypum,
2322 2019 2603 2080 maluisse
2633 2019 2806 2099 lupae
2834 2035 3012 2098 quam

663 2119 1031 2182 Christianae
1073 2121 1381 2195 maritum3
1426 2121 1543 2204 ipsi
1591 2138 1760 2181 suam
1802 2119 1966 2182 licuit
2009 2119 2070 2181 in
2113 2135 2460 2200 perversum
2489 2118 2795 2181 demutare
2829 2128 3006 2181 natu-

661 2239 820 2292 ram,
877 2217 1109 2310 mulieri
1152 2240 1275 2284 non
1314 2220 1589 2301 permisit
1631 2221 1694 2281 in
1738 2219 1948 2282 melius
1993 2219 2326 2282 reformari.
2433 2219 2610 2281 Pater
2651 2219 2865 2292 filium,
2936 2219 3012 2280 de

659 2340 776 2400 quo
822 2321 989 2400 queri
1034 2322 1318 2394 desierat,
1368 2321 1761 2384 exheredavit.
1826 2320 2113 2382 Dominus
2146 2338 2412 2393 servum,
2460 2338 2635 2399 quem
2662 2329 3012 2400 praeterea·

656 2422 1060 2483 necessarium
1104 2430 1409 2496 senserat,
1470 2422 1532 2482 in
1576 2422 1934 2500 ergastulum
1979 2421 2157 2483 dedit.
2247 2420 2433 2481 Simul
2475 2420 2609 2500 quis
2653 2421 3014 2483 intellexerit

654 2520 1091 2595 Christianum,
1168 2522 1386 2584 mavult
1438 2534 1774 2584 nocentem.
1884 2521 2032 2584 Nam
2088 2533 2148 2584 et
2199 2521 2329 2600 ipsa
2384 2539 2492 2601 per
2555 2541 2621 2584 se
2684 2521 3011 2585 traducitur

659 2619 1027 2703 disciplina0,
1072 2641 1184 2685 nec
1227 2622 1460 2685 aliunde
1503 2623 1815 2702 prodimur
1856 2641 2030 2701 quam
2074 2624 2148 2685 de
2191 2622 2352 2685 bono
2396 2630 2639 2697 nostro,
2683 2622 2736 2686 si
2783 2631 2842 2686 et
2865 2624 3008 2687 mali

660 2724 735 2785 de
778 2743 889 2785 suo
934 2724 1089 2787 malo
1137 2723 1472 2786 ¹⁵radiant1’.
1546 2725 1663 2787 Aut
1702 2741 1815 2786 nos
1862 2724 1977 2786 soli
2020 2732 2224 2786 contra
2267 2724 2533 2787 instituta
2577 2733 2822 2786 naturae
2863 2743 3008 2806 pes-

660 2824 795 2886 simi
840 2826 912 2887 de
970 2825 1129 2886 bono
1187 2825 1590 2888 denotamur?
1641 2823 1837 2897 -Quid
1894 2825 2054 2886 enim
2113 2824 2345 2904 insigne
2398 2825 2824 2904 praeferimus,
2890 2826 3009 2888 nisi

653 2926 908 3005 primam
952 2925 1307 3007 sapientiam
1322 2941 1369 3002 ‘¹,
1416 2946 1529 3007 qua
1571 2927 1780 2989 frivola
1823 2926 2115 2988 humanae
2157 2942 2367 2987 manus
2412 2942 2596 3003 opera
2636 2944 2760 2987 non
2791 2926 3005 3005 adora-

658 3110 739 3160 10.
775 3112 1083 3161 nuestusutnia
1117 3113 1219 3175 Αφ.
1342 3112 1422 3161 11·.
1462 3113 1631 3163 caium
1667 3113 1749 3162 Aa.
1831 3109 1999 3160 Caium
2038 3111 2082 3159 b.
2202 3086 2281 3158 1'2.
2316 3108 2406 3159 Ani
2456 3124 2580 3174 quoq
2612 3111 2837 3162 mrem.
2906 3112 3007 3161 au-

655 3192 778 3242 quos
810 3179 923 3229 Aah.
1032 3177 1109 3227 13.
1147 3180 1352 3241 gemitus
1388 3182 1493 3233 Aa..
1588 3179 1668 3228 14.
1705 3177 1972 3238 obtulisse,
2010 3190 2063 3226 se
2100 3190 2303 3238 negasse
2339 3191 2439 3240 eqo.
2510 3177 2767 3241 obtulisse,
2803 3193 3010 3242 negasse

652 3244 763 3293 Aah.
872 3245 950 3293 15.
986 3245 1189 3294 radient.
1243 3248 1334 3295 Aut
1369 3260 1465 3309 e9o.
1539 3247 1754 3305 radiant,
1792 3260 1878 3295 cur
1913 3246 1956 3295 b.
2027 3243 2216 3293 rabiaut
2251 3251 2334 3294 aut
2366 3245 2446 3294 Aa.

724 3377 771 3424 h.
809 3383 918 3424 ante
956 3376 1048 3426 hoc
1083 3375 1284 3440 nomen]
1333 3352 1597 3443 Antequam
1636 3381 1777 3431 Chri·
1952 3395 1996 3428 n.
2020 3374 2297 3443 praeterea]
2334 3378 2380 3427 b.
2402 3392 2443 3426 e.
2465 3378 2864 3441 insuper,etlam.
2901 3378 3007 3428 Non

656 3442 797 3490 stiaui
833 3442 945 3493 sacti
983 3452 1133 3491 erant.
1194 3444 1245 3495 V.
1283 3444 1343 3493 de
1379 3461 1434 3495 ea
1472 3447 1780 3512 brachylogia
1882 3446 2140 3496 defuerunt
2174 3446 2257 3509 qui
2293 3459 2392 3496 voc.
2429 3448 2739 3495 necessariam
2793 3445 2840 3495 h.
2879 3445 2910 3496 l.
2949 3446 3011 3495 de

656 3508 818 3558 adnot.
857 3510 917 3558 ad
953 3509 1201 3572 Scorpiac.
1239 3524 1341 3576 cap.
1375 3512 1453 3561 11.
1884 3519 2087 3575 cognato
2136 3511 2512 3574 intellegendum
2559 3521 2846 3573 censerent,
2901 3520 3014 3563 tan-

722 3577 751 3624 i.
769 3584 816 3625 et
835 3583 993 3626 tamen
1013 3576 1333 3642 mirariquam
1359 3580 1554 3644 assequi
1580 3576 1782 3647 norunt]
1884 3592 2025 3643 quam
2068 3588 2251 3629 certum
2303 3580 2497 3645 aliquod
2551 3580 2728 3629 laetum
2761 3580 3012 3645 respicere

653 3640 726 3692 De
761 3642 922 3706 ellipsi
960 3645 1270 3707 comparativi
1315 3650 1461 3710 ’παρὰ
1498 3648 1780 3699 adnotatum
1891 3647 2236 3697 Tertullianus.
2993 3660 3006 3672 ·

654 3718 729 3760 eat
758 3710 818 3760 ad
855 3711 925 3761 De
959 3711 1157 3762 Testim.
1195 3714 1280 3762 An.
1318 3728 1421 3777 cap.
1461 3713 1507 3763 2.
1952 3730 1998 3764 o.
2036 3715 2154 3764 Nam
2176 3722 2224 3763 et
2241 3719 2347 3779 lpsa
2368 3726 2458 3778 per
2491 3729 2546 3763 se
2578 3714 2846 3765 traducitur
2861 3713 3013 3763 disci-

721 3779 766 3827 k.
804 3792 866 3829 ne
902 3792 1067 3829 mures
1102 3775 1322 3845 quidem]
1360 3781 1478 3832 Cum
1516 3783 1636 3832 baec
1656 3785 1779 3834 scri·
1884 3777 2043 3847 plina]
2080 3782 2254 3831 lronia.
2292 3781 2419 3841 Quid
2454 3781 2546 3832 boe
2579 3775 2799 3832 mirum?
2838 3780 3014 3845 inquit.

652 3846 791 3896 beret
816 3846 1097 3912 Septimius,
1135 3848 1343 3897 babebat
1378 3850 1424 3900 in
1462 3856 1621 3899 mente
1658 3850 1780 3902 illud
1882 3846 2053 3899 Nonne
2087 3864 2178 3914 per
2211 3863 2265 3898 se
2303 3849 2431 3899 lucet
2466 3863 2652 3913 suaque
2679 3848 2832 3914 ipsius
2868 3848 3014 3898 index

652 3912 891 3963 luvenalis
928 3908 1052 3978 [Sat.
1089 3912 1164 3976 vt,
1201 3912 1371 3982 339.]:
1407 3940 1511 3978 „—
1545 3919 1780 3969 'resticuli
1883 3923 1957 3964 est
2003 3925 2168 3967 nostra
2204 3912 2504 3981 disciplina?
2551 3930 2712 3966 noune
2758 3914 2886 3965 bona
2939 3917 3014 3965 l'e·

652 3981 747 4029 sibi
784 3980 1009 4029 conscius
1047 3982 1174 4031 uude
1211 3984 1331 4045 rugit
1366 3984 1530 4033 mus.“
1566 3984 1779 4047 (Rigalt.)
1885 3983 2048 4033 cinora
2083 3990 2254 4033 nostre
2289 3997 2379 4032 nes
2407 3982 2708 4033 Christianos
2742 3994 2853 4033 esse
2889 3996 3011 4046 pro·
3044 4032 3078 4043 ‚

723 4046 756 4093 l.
815 4047 1069 4096 inusitatae
1125 4047 1432 4116 captivitatis]
1503 4053 1636 4110 Quae
1685 4053 1779 4101 iam
1883 4049 2002 4099 dunt
2022 4058 2163 4114 atque
2183 4050 2484 4110 convincunt,
2517 4050 2736 4115 adeoque
2761 4050 3009 4100 communi

653 4111 927 4163 Christiana
966 4114 1088 4162 lacta
1126 4115 1270 4164 domo
1308 4118 1480 4180 pedem
1512 4118 1581 4166 vix
1608 4120 1782 4168 effere-
1885 4117 1997 4167 odio
2018 4118 2191 4179 dignos
2220 4113 2491 4167 denotant?
2528 4116 2596 4167 De
2609 4119 2754 4167 verbo
2768 4119 3014 4168 traducere

651 4176 751 4237 bat,
789 4179 935 4229 rebus
967 4179 1247 4230 domesticis
1267 4189 1462 4242 attenta,
1500 4187 1638 4247 quasi
1675 4187 1780 4249 ipsa
1885 4184 1946 4234 cf.
1971 4185 2133 4234 adnot.
2172 4184 2230 4235 ad
2262 4184 2470 4247 Danga
2490 4186 2539 4233 in
2566 4185 2807 4235 Pet-secut.
2838 4183 3010 4248 «ιερὰ.

650 4244 745 4293 sibi
781 4245 1100 4310 captivitatem
1153 4248 1430 4309 indixisset,
1478 4265 1603 4313 quae
1640 4260 1780 4302 antea
1949 4265 1998 4316 p.
2035 4252 2079 4300 si
2114 4259 2161 4302 et
2196 4251 2309 4301 mali
2357 4250 2418 4301 de
2452 4262 2543 4302 suo
2590 4252 2723 4303 malo
2780 4247 3016 4318 radiant]

651 4326 767 4372 vaga
806 4320 855 4361 et
889 4313 1057 4362 effreni
1107 4312 1306 4365 libidine
1352 4314 1447 4366 huc
1482 4317 1599 4368 illuc
1649 4319 1778 4368 fere·-
1880 4318 1927 4366 h.
1965 4332 2007 4367 e.
2043 4317 2285 4382 siquidem
2321 4319 2466 4368 etiam
2504 4318 2617 4368 mali
2667 4319 2726 4369 de
2759 4320 2893 4369 malo
2931 4320 3013 4369 in-

651 4379 810 4428 batur.
848 4380 1064 4441 (Rigalt.)
1876 4385 2041 4446 signes
2076 4386 2197 4435 flunt
2229 4392 2374 4450 atque
2411 4386 2802 4436 manifestantur.

718 4458 783 4496 m.
811 4460 1005 4497 omnem
1032 4448 1168 4497 uxori
1201 4448 1478 4512 patientiam
1509 4446 1776 4519 obtulisse]
1903 4460 1917 4474 ⁸
1947 4465 1992 4515 q.
2029 4452 2237 4516 primam
2285 4448 2598 4518 sapientiam]
2667 4453 2879 4503 Primam
2928 4468 3016 4503 ss·

650 4513 699 4562 b.
738 4530 781 4563 e.
816 4513 1074 4578 repudium
1122 4516 1394 4580 scripsisse.
1439 4517 1505 4567 De
1553 4534 1668 4570 voce
1686 4536 1778 4585 pa·
1878 4519 2109 4582 pientiam
2163 4528 2302 4570 voest
2345 4519 2629 4581 religionem
2667 4519 3016 4580 Christianam,

647 4582 813 4639 tientia
846 4583 896 4631 in
931 4582 1021 4631 hac
1057 4597 1109 4631 re
1146 4582 1319 4635 usitata
1355 4585 1500 4635 adeas
1522 4588 1694 4655 adnot„
1716 4587 1778 4637 ad
1878 4599 2002 4649 quae
2039 4586 2099 4635 ad
2133 4600 2298 4637 verum
2319 4587 2461 4637 deum
2487 4586 2676 4637 relictis
2704 4585 2853 4637 idolis
2890 4602 3017 4638 con·

648 4647 854 4710 apolog.
890 4663 999 4714 cap.
1034 4647 1119 4700 39.
1878 4652 2093 4723 vertitur.
2127 4653 2313 4705 Pariter
2332 4654 2507 4720 σουλ.
2532 4653 2592 4705 de
2612 4653 2792 4705 Pellio:
2831 4655 3022 4717 „Enim
