3263 5311
1149 458 1224 499 ns
1270 458 1636 502 nonnosum.
2440 450 2561 511 ΤΠ

212 603 501 684 numquid
546 602 693 664 nibil
739 604 962 666 erimus
1003 614 1150 685 post
1187 615 1477 682 mortem,
1543 589 1866 671 seeundum
1923 611 2178 691 aliquem
2221 612 2560 693 Epicurum,

213 714 277 767 et
316 723 440 768 nou
487 705 815 768 secundum
861 704 1210 769 Christum?
1299 708 1473 781 Quod
1532 709 1586 771 si
1631 710 1984 772 ¹³eredimus
2041 723 2413 776 mortuorum
2456 735 2560 777 re-

211 806 679 878 surrectionem,
753 806 955 885 utique
1014 808 1054 839 ¹⁴
1069 808 1402 870 tenebimur
1453 828 1586 872 cnm
1641 811 1855 890 quibus
1908 816 2303 876 resin-recturi
2350 833 2560 880 sumus

211 908 506 970 rationem
550 907 625 969 de
670 907 956 969 alterutro
999 910 1307 973 reddituri.
1416 911 1478 972 Si
1524 920 1721 976 autem
1763 912 1825 974 in
1869 914 1971 978 illo
2014 933 2159 978 aevo
2200 934 2397 996 neque
2442 937 2557 979 nu-

210 1008 356 1071 bent
397 1026 592 1087 neque
647 1009 978 1084 nubentur,
1044 1010 1154 1072 sed
1209 1019 1383 1074 eruut
1436 1013 1711 1091 aequales
1766 1014 2024 1096 angelis,
2090 1034 2213 1077 nou
2255 1017 2393 1079 ideo
2438 1037 2558 1080 nou
2590 1014 2777 1108 Χξξῗξῑζῑ,

197 1109 551 1172 ‚tenebimur
605 1109 960 1190 coniugibus
1015 1112 1341 1185 destruenti,
1396 1113 1532 1192 quia
1587 1129 1711 1175 uon
1757 1114 1871 1177 erit
1912 1116 2213 1178 restitutio
2259 1118 2562 1198 coniugii?
2702 1097 2714 1116 ’
2777 1096 2792 1110 ’

213 1210 431 1290 Atquin
475 1230 548 1271 eo
593 1210 784 1290 magis
829 1211 1192 1286 tenebimur,
1259 1214 1394 1293 quia
1439 1215 1502 1276 iu
1547 1214 1859 1277 meliorem
1915 1224 2128 1279 statum
2172 1219 2559 1294 destinamur,

214 1312 614 1373 resurrecturi
669 1312 730 1373 iu
792 1313 832 1344 ¹⁵
846 1313 1112 1392 spiritale
1177 1316 1578 1387 consortium,
1657 1317 1909 1395 agnituri
1981 1327 2096 1379 tam
2155 1321 2565 1401 nosmetipsos

213 1431 391 1492 quam
421 1421 481 1474 et
509 1421 776 1476 nostros,
836 1414 1108 1476 Ceterum
1152 1418 1455 1495 quomodo
1499 1417 1721 1497 gratias
1753 1417 1867 1479 deo
1897 1418 1957 1479 in
1989 1427 2294 1482 aeteruum
2327 1422 2558 1484 ¹⁶cane-

211 1529 381 1587 mus‚
447 1516 501 1576 si
555 1532 678 1576 non
733 1513 993 1576 manebit
1035 1517 1095 1577 iu
1144 1517 1373 1580 ¹‘'nobis
1417 1537 1639 1580 sensus
1694 1528 1755 1579 et
1809 1520 2095 1581 memoria
2140 1520 2321 1582 debiti
2366 1522 2562 1596 huius,

216 1615 321 1677 ¹⁸si
365 1615 728 1687 substantia,
774 1634 898 1677 non
942 1617 1304 1680 conscientia
1347 1619 1853 1682 reformabimur?
1919 1620 2076 1700 Ergo
2122 1621 2225 1701 qui
2267 1640 2401 1684 cum
2446 1623 2559 1684 deo

173 1716 471 1791 erimus,
517 1716 696 1779 simul
740 1716 990 1791 etimne,
1037 1717 1178 1780 dum
1224 1738 1435 1781 omnes
1479 1721 1634 1800 apud
1679 1722 1854 1783 deum
1897 1740 2079 1783 unum
2125 1722 2288 1797 (licet
2327 1741 2560 1785 merces

210 1818 405 1884 varia.
447 1817 587 1879 licet
627 1818 845 1880 multae
888 1820 1233 1882 mansiones
1278 1839 1464 1900 penes
1508 1831 1735 1900 patrem
1780 1823 2089 1899 eundem),
2148 1841 2269 1883 uno
2313 1823 2557 1886 denario
2586 1821 2736 1916 ξξῑῑξό

212 1919 482 1981 &undem
525 1919 819 1982 mercedis
865 1920 1124 2000 operati,
1171 1921 1232 1981 id
1276 1930 1372 1983 est
1412 1921 1564 1983 vitae
1606 1931 1916 1995 aeternae,
1961 1923 2022 1990 in
2065 1942 2179 2002 qua
2221 1924 2409 2004 magis
2438 1944 2560 1987 non
2661 1904 2674 1924 ⁹
2739 1905 2751 1917 ⁶

214 2020 515 2100 separabit
554 2039 708 2099 quos
753 2021 1059 2083 coniunxit
1100 2023 1280 2094 deus,
1351 2022 1580 2101 ¹⁹quam
1624 2022 1685 2084 in
1730 2022 1842 2085 ista
1886 2023 2177 2086 ”minore
2219 2026 2336 2086 vita
2380 2044 2558 2105 sepa-
2596 2072 2601 2078 .

210 2121 333 2184 rari
375 2130 570 2207 vetat.⁸
620 2121 767 2184 Cum
808 2123 956 2184 haec
997 2122 1076 2183 ita
1121 2123 1276 2196 sint,
1321 2125 1624 2202 quomodo
1670 2124 1765 2185 alii
1810 2124 1943 2186 viro
1986 2125 2211 2186 vacabit
2248 2144 2403 2205 quae
2447 2145 2561 2188 suo

211 2224 388 2285 etiam
433 2223 492 2284 in
537 2215 579 2255 ’ἰ
596 2225 856 2286 futurum
901 2233 1185 2303 occupata
1228 2221 1369 2286 est?
1454 2223 1701 2304 Utrique
1763 2235 1961 2287 autem
2016 2226 2187 2287 sexui
2243 2227 2559 2305 loquimur,

212 2325 328 2387 etsi
372 2325 445 2385 ad
489 2323 836 2387 ’¹¹’alterum
881 2342 1082 2387 sermo
1127 2331 1256 2396 est,
1298 2323 1433 2402 quia
1477 2342 1593 2386 una
1639 2325 1947 2404 disciplina
1992 2334 2244 2404 praeest.
2311 2325 2559 2388 ”Alium

210 2424 451 2486 habebit
492 2425 553 2487 iu
599 2426 843 2505 spiritu,
909 2425 1144 2487 ”alium
1188 2426 1248 2486 in
1291 2442 1492 2487 carne.
1577 2425 1709 2486 Hoc
1764 2426 1877 2488 erit
1931 2426 2314 2498 adulterium,
2382 2428 2558 2490 unius

211 2527 465 2588 feminae
509 2527 570 2586 in
615 2525 769 2587 duos
815 2526 972 2587 viros
1016 2525 1401 2588 couscientia.
1470 2525 1537 2587 Si
1581 2525 1731 2588 alter
1774 2545 1807 2588 a
1851 2545 2029 2590 carne
2070 2528 2401 2589 disiunctus
2445 2539 2558 2600 est,

211 2628 322 2691 sed
364 2627 484 2690 ''in
529 2627 710 2689 eorde
754 2635 1051 2702 remanet,
1097 2627 1243 2700 illio,
1290 2626 1391 2689 ubi
1436 2627 1611 2689 etiam
1647 2626 1994 2708 ”cogitatus
2026 2629 2155 2691 siue
2185 2629 2378 2693 carnis
2409 2648 2558 2692 con-

213 2748 430 2809 gressu
475 2739 544 2790 et
578 2728 928 2791 adulterium
973 2739 1110 2790 ante
1154 2728 1445 2808 ”perlicit
1486 2748 1558 2790 ex
1601 2730 2081 2809 concupiscentia
2144 2738 2205 2792 et
2245 2731 2559 2791 matrimo-

208 2830 376 2893 nium
422 2849 496 2891 ex
536 2829 867 2903 voluntate,
915 2849 1103 2909 usque
1147 2831 1340 2891 adbuc
1380 2830 1628 2892 maritus
1674 2839 1794 2903 est,
1838 2831 2034 2908 ipsum
2064 2829 2205 2893 illud
2236 2831 2559 2910 possidens

209 2948 321 3011 per
361 2930 520 3010 quod
565 2938 627 2993 et
668 2932 857 2993 factus
902 2939 1024 3002 est,
1069 2931 1131 2991 id
1175 2939 1271 2991 est
1311 2928 1639 2992 animum':
1685 2931 1745 2990 in
1789 2949 1906 3009 quo
1952 2931 2006 2993 si
2050 2939 2111 2993 et
2151 2932 2301 2993 alius
2329 2931 2557 2993 ”habi-

212 3031 389 3104 tabit,
454 3033 569 3093 hoc
612 3033 727 3093 erit
768 3033 1013 3094 crimen.
1125 3031 1402 3093 Ceterum
1445 3049 1566 3092 uon
1625 3040 1722 3092 est
1773 3031 2085 3105 exclusus,
2154 3033 2206 3091 si
2264 3052 2298 3093 a
2354 3033 2561 3095 viliore

209 3134 571 3195 commercio
615 3134 809 3195 carnis
838 3132 1198 3194 ”discessit
1263 3131 1628 3193 Honoratior
1670 3132 1917 3194 maritus
1959 3141 2082 3205 est,
2128 3141 2346 3211 quanto
2379 3150 2556 3195 muu-

211 3233 346 3295 dior
388 3235 577 3295 sactus
624 3243 738 3295 est.

381 3335 458 3397 Ut
500 3335 678 3413 igitur
721 3336 779 3396 iu
814 3334 1089 3396 ¹domino
1131 3333 1321 3396 nubas
1350 3332 1715 3399 ²secundum
1757 3333 1949 3413 legem
1994 3344 2053 3395 et
2095 3334 2429 3414 apostolum
2476 3334 2555 3407 (si
2592 3351 2697 3405 Cap.
2722 3349 2792 3393 xi.

209 3445 410 3497 tamen
453 3436 545 3498 vel
589 3436 708 3498 boc
749 3442 978 3512 curas),
1047 3434 1236 3513 qualis
1282 3434 1386 3496 ³es
1447 3433 1507 3495 id
1552 3433 1995 3495 matrimonium
2041 3435 2351 3514 postulans
2398 3436 2557 3514 quod

207 3538 298 3600 eis
343 3556 376 3598 a
420 3537 636 3616 quibus
682 3536 952 3616 postulas
997 3554 1119 3596 non
1162 3535 1298 3596 licet
1339 3535 1592 3607 habere,
1639 3536 1712 3595 ab
1757 3536 2043 3615 episcopo
2088 3555 2479 3615 monogamo,
2526 3556 2557 3597 a

153 3685 176 3701 .
207 3637 576 3719 presbyteris
622 3645 681 3699 et
723 3636 1302 3702 diaconis.eiusdem
1346 3636 1753 3709 sacramenti·,
1798 3655 1830 3697 a
1861 3636 2115 3710 viduis&
2159 3656 2407 3716 quarum
2455 3656 2556 3697 se-

213 3756 295 3807 13.
334 3756 622 3805 credidimus
657 3757 779 3807 ABG.
873 3756 945 3806 14.
985 3756 1225 3805 tenebitur
1258 3756 1381 3805 ABG.
1469 3755 1544 3805 15.
1583 3754 1837 3816 spirituale
1870 3756 1976 3816 AB„
2015 3772 2097 3819 pro
2132 3772 2272 3806 more.
2363 3755 2437 3803 16.
2478 3771 2558 3803 ca-

209 3825 426 3873 vebimus
464 3824 512 3873 B.
605 3824 682 3873 17.
724 3839 811 3872 nos
846 3824 932 3874 AB.
1020 3822 1098 3873 18.
1136 3825 1175 3871 si
1214 3839 1302 3871 om.
1340 3839 1377 3870 c.
1416 3838 1516 3871 cum
1551 3824 1669 3871 libro
1712 3822 1969 3871 Clementis.
2064 3822 2137 3871 19.
2176 3824 2254 3885 qni
2294 3824 2339 3869 in
2375 3821 2557 3870 ABCab.

208 3891 295 3941 20.
335 3892 507 3940 minori
544 3890 628 3940 ΑΒ.
714 3891 796 3940 21.
836 3892 995 3939 futuro
1035 3891 1122 3940 ΑΒ.
1210 3888 1267 3938 21
1289 3889 1334 3938 b.
1374 3889 1657 3937 alterutrum
1696 3896 1786 3937 tres
1814 3889 2033 3938 Vaticani.
2117 3888 2198 3938 22.
2235 3889 2371 3936 Aliud
2408 3888 2558 3936 ΑΒΜ.

207 3958 295 4009 23.
331 3958 458 4008 alind
498 3966 545 4008 et
578 3959 730 4009 Aeco.
836 3958 914 4007 24.
956 3974 1098 4007 carne
1134 3965 1404 4006 remaneret
1439 3956 1524 4005 AB.
1628 3954 1710 4003 25.
1749 3964 2066 4017 congregatus
2101 3956 2224 4005 ABG.
2326 3954 2407 4004 26.
2445 3970 2560 4018 per-

208 4028 369 4076 ficitur
402 4026 524 4076 ABG.
630 4026 711 4075 27.
746 4027 970 4075 habitavit
1005 4025 1126 4075 ABG.
1233 4023 1312 4073 28.
1351 4024 1557 4072 decessit
1594 4017 1694 4071 ὅσα.
1769 4023 1990 4071 discessit
2025 4024 2210 4087 reliqui.

349 4096 464 4155 Cap.
503 4094 578 4142 xt.
677 4090 721 4142 1.
761 4093 956 4143 domino
995 4095 1066 4142 cd.
1103 4094 1221 4141 liber
1259 4092 1513 4139 clementie.
1597 4091 1687 4138 dco
1724 4091 1908 4153 reliqui.
2013 4088 2060 4137 2.
2100 4090 2364 4139 secundum
2404 4091 2557 4152 legem

207 4170 258 4211 et
295 4162 366 4209 cd.
405 4163 523 4211 liber
560 4160 816 4211 Clementis.
886 4161 1152 4210 secundum
1192 4168 1238 4208 et
1271 4160 1455 4222 reliqui.
1562 4156 1609 4206 3.
1649 4165 1723 4206 est
1756 4157 1845 4207 AB.

208 4261 310 4312 rito
363 4261 614 4323 repudium
673 4261 909 4310 scriberet
972 4274 1067 4308 non
1128 4260 1220 4308 alia
1274 4259 1334 4308 de
1437 4266 1486 4307 ut
1540 4259 1674 4307 aiunt
1711 4258 1823 4315 lCti,
1872 4258 2063 4318 nuptias
2112 4272 2381 4307 consensus
2431 4257 2560 4313 facit,

207 4340 358 4379 causa
396 4343 536 4390 quom
574 4328 684 4390 qnia
724 4336 942 4377 mortuus
971 4335 1119 4385 esset,
1155 4334 1334 4390 quanto
1437 4340 1534 4375 non
1573 4326 1877 4375 concubitus.
1916 4324 2128 4386 (Rigalt.)

205 4394 453 4456 indignius
508 4403 582 4444 est
617 4396 734 4444 nibil
773 4402 1037 4443 merentem
1073 4394 1158 4445 tali
1196 4394 1336 4455 igno·-
1507 4393 1626 4455 Cap.
1664 4392 1738 4442 ΧΙ.
1789 4408 1832 4440 ι.
1870 4394 2085 4441 eiusdem
2107 4385 2420 4454 sacramenti]
2461 4390 2561 4437 line

204 4463 358 4513 minin
393 4463 607 4511 afficere.
1434 4469 1506 4510 est
1547 4461 1864 4519 monogamis.
1901 4459 2113 4521 (Rigalt.)

195 4534 202 4542 ”
275 4530 312 4579 l'.
362 4530 520 4592 ipsum
583 4529 703 4577 iuml
758 4528 1020 4590 possidens
1068 4542 1157 4590 per
1205 4525 1334 4591 quod
1507 4528 1554 4574 b.
1590 4542 1616 4574 a
1654 4523 1831 4587 viduis]
1870 4526 2180 4575 Diaconissis.
2216 4525 2287 4572 Cf.
2321 4523 2386 4572 Act
2418 4523 2556 4572 Uxor.

201 4607 256 4648 et
292 4598 448 4647 lactus
482 4605 574 4657 est,
624 4596 671 4645 id
709 4604 785 4645 est
832 4590 1066 4659 animum]
1131 4594 1335 4654 Etenim,
1437 4595 1476 4649 l.
1503 4593 1580 4642 17.
1630 4592 1697 4640 De
1736 4592 1929 4642 veland.
1956 4594 2077 4654 virg.
2106 4608 2221 4655 cap.
2240 4588 2289 4641 9.
2350 4590 2562 4639 Mun-nter

1441 4662 1583 4713 Prim.
1627 4659 1757 4709 Eccl.
1792 4660 1891 4709 atr.
1928 4676 1975 4725 p.
1992 4659 2057 4710 58
2093 4674 2170 4724 sq.
