3263 5311
376 771 480 822 Cap.
506 764 573 812 lvi

602 350 683 411 24
1110 359 1312 412 onim-1
1357 357 1617 427 sarum
1663 354 1990 401 nomimis
2036 356 2426 400 venenantur

602 548 821 612 genus,
895 529 1389 610 quemadmodum
1461 527 1638 589 etiam
1707 526 1840 588 ³¹de
1875 525 2141 605 -origin’e
2211 523 2682 605 spectaculorum
2754 532 2932 589 omne

603 631 998 713 spectaculum
1039 629 1409 695 ³²concilium
1447 627 1782 707 impiorum,
1827 626 1918 688 aaa
1959 644 2177 706 genere
2220 625 2293 686 ad
2337 625 2614 706 speciem.

768 749 855 812 Ne
896 748 1030 830 quis
1075 745 1539 827 ¹argumentari··
1579 764 1694 807 nos
1740 754 1936 826 putet,
1989 745 2062 806 ad
2103 743 2482 824 principalem
2525 743 2931 807 auctoritatem

601 858 910 915 convertar
949 850 1138 932 ipsius
1184 846 1466 927 signaculi
1510 848 1725 908 nostri.
1798 848 1946 909 Cum
1988 866 2198 926 aquam
2241 845 2500 925 ingressi
2543 844 2934 909 Christianam

601 950 779 1013 fidem
821 951 881 1012 in
924 952 1069 1029 legis
1116 969 1258 1010 suae
1300 948 1478 1010 verba
1519 949 1899 1027 profitemur,
1963 948 2341 1010 renuntiasse
2406 965 2520 1008 nos
2579 944 2810 1009 diabolo
2875 954 2937 1006 et

601 1071 851 1132 pompae
896 1059 956 1112 et
995 1050 1257 1131 angelisl·
1301 1049 1431 1111 eius
1478 1067 1582 1109 ore
1624 1058 1837 1110 nostro
1882 1056 2301 1111 contestamur.
2390 1047 2546 1121 Quid
2610 1047 2723 1108 erit
2763 1066 2932 1108 sum-

602 1172 765 1215 mum
804 1153 905 1214 ²ac
945 1152 1358 1233 praecipuum,
1422 1150 1484 1211 in
1539 1169 1657 1229 quo
1712 1150 1982 1212 diabolus
2040 1158 2099 1211 et
2152 1167 2404 1229 pompae
2457 1156 2519 1210 et
2571 1147 2760 1227 angeli
2803 1146 2936 1209 eiu‘s

604 1261 975 1328 censeantur,
1021 1272 1195 1333 quam
1238 1250 1618 1314 idololatria?
1691 1271 1764 1314 ex
1806 1270 1920 1332 qua
1963 1251 2157 1313 omnis
2201 1249 2538 1312 immundus
2584 1257 2643 1310 et
2683 1268 2935 1328 nequam

606 1355 882 1436 spirituS,
949 1362 1017 1417 ut
1078 1354 1158 1415 ita
1218 1351 1515 1427 dixerim·,
1583 1354 1719 1431 quia
1774 1372 1886 1414 nec
1940 1351 2160 1414 diutius
2206 1350 2278 1412 de
2320 1353 2454 1413 hoc.
2539 1350 2722 1430 Igitur
2766 1350 2818 1410 si
2864 1364 2940 1411 ex·

606 1456 941 1519 idololatria
982 1456 1320 1519 universam
1362 1454 1834 1534 spectaculorum
1861 1451 2234 1534 paraturam⁸
2278 1460 2551 1515 constare
2581 1451 2936 1524 constiterit,

604 1558 926 1621 indubitate
968 1555 1425 1637 praeiudicatum
1470 1555 1585 1617 erit
1627 1555 1803 1616 etiam
1845 1554 1954 1615 ³ad
1998 1553 2327 1634 spectacula
2369 1554 2666 1633 pertinere
2709 1570 2934 1616 renun-

606 1658 867 1721 tiationis
911 1666 1153 1723 nostrae
1176 1656 1604 1719 -testimonium
1646 1657 1710 1717 in
1751 1657 1981 1718 lavacro
2001 1702 2016 1730 ,
2082 1673 2230 1734 quae
2294 1654 2529 1717 diaholo
2585 1661 2646 1716 et
2685 1670 2938 1739 pompae

607 1768 668 1821 et
708 1759 932 1838 angelis
977 1760 1107 1821 eius
1152 1740 1287 1819 sint,
1312 1758 1672 1837 mancipata,
1731 1757 1957 1818 scilicet
1996 1775 2106 1835 per
2145 1755 2568 1818 ⁴idololatrian.
2658 1756 2936 1821 comme-

605 1860 967 1937 morabimus
1034 1859 1294 1939 origines
1359 1859 1759 1937 singulorum,
1824 1858 2038 1938 quibus
2079 1857 2176 1919 ”in
2239 1856 2538 1921 cunabulis
2596 1857 2656 1918 in
2701 1856 2940 1919 saectno

605 2029 688 2080 31.
722 2030 782 2080 de
817 2029 1000 2093 origine
1047 2029 1432 2095 spectaculorum
1467 2044 1555 2079 ont.
1588 2024 1706 2093 Αφ.
2679 2026 2942 2077 concilium

607 2105 745 2148 vocat
780 2098 1038 2163 inpiorum
1073 2099 1259 2163 reliqui.
1361 2095 1443 2146 33.
1478 2110 1505 2145 a
1531 2110 1709 2158 genera
1740 2096 1791 2147 A.

743 2184 858 2247 Cap.
895 2183 966 2233 lv,
1040 2182 1085 2231 1.
1124 2182 1331 2243 argutari
1362 2182 1439 2232 Fr.
1460 2181 1637 2241 Iunius,
1677 2181 1902 2230 nennius
1930 2179 2038 2230 Grit.
2058 2180 2226 2230 Amob.
2255 2194 2303 2296 p.
2326 2178 2441 2229 235.
2511 2178 2559 2229 2.
2593 2192 2653 2229 ac
2674 2176 2938 2247 (Ammon.

609 2257 751 2315 atque
785 2248 959 2314 (Amr.
1078 2249 1123 2299 3.
1163 2250 1221 2298 ad
1258 2247 1455 2314 specula
1502 2249 1746 2313 pertinere
1780 2246 1894 2313 Αφ.
2041 2247 2089 2296 4.
2125 2246 2255 2296 idolo
2278 2248 2429 2297 atrian
2462 2248 2513 2299 A.
2617 2246 2940 2297 idololatriam

604 2319 788 2382 reliqui.
905 2317 953 2369 5.
990 2317 1292 2397 incunabulis
1327 2318 1552 2367 editiones
1586 2318 1838 2397 quaedam.¹
1907 2315 1967 2364 ab
2003 2315 2302 2365 incunabulis
2337 2316 2412 2366 Fr.
2448 2314 2624 2366 lunius.

1810 2026 1892 2078 32.
1925 2026 2183 2078 concilium
2231 2026 2490 2109 impiorum
2524 2029 2576 2078 Δ.

677 2436 793 2500 Cap.
828 2436 900 2485 IV.
969 2451 1014 2486 a.
1063 2430 1406 2499 argumentari]
1456 2434 1724 2496 Argumen-
1823 2432 2071 2493 machina,
2141 2440 2193 2481 ut
2245 2440 2553 2497 „argmenta
2605 2431 2850 2489 '’otum“
2894 2440 2946 2484 et

610 2504 700 2553 tari
757 2504 802 2553 b.
861 2503 896 2553 l.
964 2511 1038 2554 est
1105 2503 1231 2553 idem
1302 2502 1431 2566 quod
1499 2505 1721 2565 eranceri,
1821 2501 2140 2565 „ev-yementis
2196 2500 2339 2550 oehi“
2385 2501 2433 2549 in
2491 2508 2646 2551 vetere
2693 2502 2942 2562 Passioue,

609 2570 737 2635 quod
771 2571 932 2635 ipsum
966 2570 1295 2636 reponendum
1317 2569 1556 2619 iudicabat
1569 2569 1725 2619 Meur·
1823 2576 1945 2618 teste
1980 2568 2246 2628 Salmasio,
2295 2568 2467 2632 quibus
2504 2569 2691 2619 duobus
2726 2571 2849 2619 addo
2884 2582 2944 2619 ex

609 2639 726 2688 sius.
778 2638 903 2690 Bene
937 2639 1065 2690 enim
1101 2639 1195 2690 iam
1230 2637 1494 2688 Salmasius
1529 2636 1726 2687 ad'l'er-
1826 2635 1897 2686 Du
1968 2635 2132 2697 Cangii
2203 2635 2440 2686 thesauris
2505 2637 2622 2688 baec
2691 2637 2942 2703 exempla:

611 2706 715 2757 tull.
762 2708 831 2757 De
878 2708 1027 2758 Pallio
1082 2722 1129 2771 p.
1187 2705 1297 2756 131.
1357 2706 1620 2756 observavit
1676 2706 1725 2754 in

610 2773 718 2824 loeo
771 2774 856 2824 illo
907 2776 1152 2841 Scorpiac.
1199 2789 1303 2838 cap.
1351 2774 1400 2823 7.
1445 2774 1728 2842 „sapienter

610 2842 770 2906 itaque
803 2844 1056 2906 iugulavit,
1104 2842 1215 2892 dum
1252 2842 1300 2892 in
1346 2842 1515 2903 vitam,
1564 2849 1611 2891 et
1643 2856 1730 2890 ra-

608 2910 926 2972 tionabiliter,
973 2912 1087 2960 dum
1134 2912 1184 2960 in
1231 2906 1462 2973 gloriam!
1534 2908 1573 2959 Ο
1610 2924 1724 2974 par-

610 2979 761 3028 ricidii
798 2976 1066 3043 ingenium!
1120 2993 1149 3027 o
1197 2977 1398 3027 sceleris
1444 2973 1725 3027 artificium!

606 3061 635 3095 o
671 3055 981 3110 eryumeutum
1017 3046 1341 3107 crudelitatiS,
1389 3059 1511 3110 quae
1543 3045 1725 3094 idcirco

607 3114 811 3175 occidit,
859 3129 919 3163 ns
968 3116 1199 3165 moriatur
1235 3128 1378 3177 quam
1430 3109 1726 3162 occiderit!“

606 3196 769 3230 vocem
806 3189 1114 3244 aryumentum
1151 3194 1259 3228 esse
1292 3193 1605 3241 synonymum
1641 3194 1726 3226 vo-

609 3248 887 3296 cabulorum
922 3250 1152 3310 ingenium
1187 3254 1233 3293 et
1277 3247 1550 3308 artificium5
1601 3259 1727 3308 quo-

610 3313 752 3364 modo
799 3314 946 3362 babes
1006 3320 1285 3375 usurpatum
1331 3313 1378 3361 in
1433 3312 1557 3374 Lege
1604 3311 1729 3360 Bur-

609 3381 750 3442 gund.
789 3381 859 3429 tit.
898 3379 1124 3435 mxxxiv,
1161 3375 1210 3442 §-
1247 3378 1294 3428 3.
1332 3394 1458 3439 „uec
1503 3385 1728 3429 extraneo

608 3464 697 3512 per
733 3447 977 3511 quodlibet
1011 3455 1319 3510 arqumeutum
1364 3454 1540 3497 terram
1588 3448 1730 3498 liceat

611 3515 944 3580 comparare‚·‘
981 3517 1092 3563 item
1130 3515 1176 3564 in
1215 3515 1360 3578 Epist.
1390 3515 1560 3564 Pontii.
1591 3517 1754 3590 Romq

611 3583 670 3636 ad
721 3583 943 3633 Carolum
993 3590 1038 3631 et
1073 3582 1291 3647 Pipinum
1337 3582 1549 3646 Epistola
1597 3583 1726 3634 XLV.

611 3659 778 3713 „tanto
835 3650 1097 3701 studiosius
1145 3651 1247 3699 eius
1298 3651 1617 3701 resistendum
1655 3658 1730 3701 est

616 3718 876 3780 molimini,
939 3734 999 3769 ne
1053 3733 1337 3784 quemquam
1388 3719 1487 3769 suis
1539 3719 1728 3769 irretire

614 3785 765 3836 valeat
808 3785 1159 3851 argumentis,“
1207 3795 1253 3837 et
1296 3786 1442 3851 paulo
1497 3795 1610 3852 post
1644 3794 1729 3848 „et

613 3854 940 3904 tantummodo
990 3870 1071 3920 per
1121 3863 1432 3919 argumentum
1478 3856 1526 3905 in
1582 3870 1728 3920 prae-

615 3923 767 3972 sentia
821 3923 979 3972 missis
1038 3924 1205 3973 vestris
1275 3923 1511 3973 simulavit
1587 3923 1729 3973 nobis

1120 3991 1271 4054 Epist.
1307 3991 1398 4040 Lx.
1435 3991 1585 4052 „dum
1621 4005 1727 4041 om-

618 4057 723 4112 nia,
774 4072 895 4122 quae
943 4058 993 4106 Β.
1028 4055 1167 4108 Petro
1201 4074 1226 4107 a
1262 4066 1416 4107 vestra
1451 4057 1729 4108 excellentia

618 4133 730 4175 sunt
776 4125 961 4185 oblata,
1010 4140 1095 4189 per
1141 4126 1353 4189 iniquum
1401 4141 1538 4175 suum
1591 4143 1729 4189 arqu-

616 4199 814 4242 mentnm
866 4201 1097 4243 conantur
1147 4193 1460 4243 abstollere.“
1530 4195 1730 4255 Gregor.

620 4260 680 4310 M.
717 4261 868 4324 Epist.
901 4259 953 4318 V,
989 4259 1070 4308 31.
1120 4261 1252 4319 „sub
1301 4261 1513 4325 quolibet
1546 4264 1729 4325 inqendo

619 4330 690 4378 vel
724 4327 1043 4391 arqumentof‘
1110 4329 1223 4378 Acta
1257 4328 1339 4377 88.
1377 4330 1641 4393 Perpetuae
1685 4337 1732 4379 et

620 4395 905 4446 Felicitatis:
953 4395 1072 4456 „Est
1111 4393 1260 4445 victus
1305 4399 1580 4460 aryumentis
1627 4396 1732 4446 dia·

622 4463 777 4514 boli.“
847 4463 1015 4527 Papias
1048 4465 1419 4526 „Arqumenumb
1464 4473 1622 4528 urente
1655 4467 1731 4515 iu.-

622 4529 856 4582 veutum.“
923 4531 1044 4581 Hinc
1097 4539 1406 4595 argumentum
1465 4539 1538 4582 est
1581 4533 1730 4583 inter-

623 4598 737 4649 dum
795 4599 937 4651 etiam
1004 4613 1085 4651 res
1152 4599 1397 4662 ingeniose
1452 4601 1732 4664 excogitata,

617 3990 819 4039 iustitias
854 3989 1064 4041 facere.“

1829 2705 2000 2754 Charta
2050 2703 2342 2754 childeberti
2388 2705 2531 2768 Regis
2600 2719 2689 2769 pro
2741 2706 2941 2776 Monast.

1827 2771 1879 2822 S.
1915 2771 2137 2834 Germani
2175 2771 2325 2823 Paris,
2364 2773 2468 2834 „De
2503 2777 2779 2837 armamentis
2810 2789 2942 2834 vero,

1828 2854 1916 2905 per
1984 2854 2106 2904 qnae
2174 2848 2378 2905 possunt
2445 2856 2559 2891 aves
2627 2843 2730 2907 capi
2794 2831 2945 2907 sap'er

1828 2907 2036 2972 aquam“
2086 2921 2191 2972 sqq.
2260 2907 2571 2972 Luitbprand.
2619 2910 2668 2971 V,
2716 2909 2764 2960 6.
2814 2911 2946 2972 „Ar-

1827 2982 2112 3040 peruentum,
2161 2991 2258 3040 quo
2304 2976 2427 3039 ignis
2475 2977 2762 3041 proicitur.“
2815 2981 2945 3027 Ana-

1827 3052 1942 3093 stas.
1992 3043 2326 3094 Bibliothecar.
2374 3044 2492 3094 ssiat.
2538 3045 2723 3095 Eccles.
2774 3061 2823 3110 p.
2860 3045 2944 3096 73.

1827 3111 2167 3174 „Repromittit
2211 3112 2435 3172 Chagano
2494 3127 2548 3162 se
2589 3114 2781 3163 tradere
2828 3115 2945 3164 eivi-

1826 3185 1970 3227 tatem
2007 3185 2054 3226 et
2088 3179 2471 3232 exterminatorio
2517 3181 2831 3231 instrumento
2869 3183 2946 3231 t'a-

1828 3253 1933 3302 cto,
1983 3245 2112 3308 quod
2159 3247 2354 3296 arietem
2391 3250 2666 3310 npmiuant,
2709 3250 2945 3302 civitatem

1829 3312 2030 3375 adeptus
2066 3320 2167 3374 est,
2214 3313 2427 3364 dicentes
2473 3317 2602 3380 quod
2638 3309 2827 3367 barbari
2863 3334 2946 3368 er·-

1827 3386 2137 3442 yumentosum
2169 3381 2401 3444 inqenium
2435 3393 2482 3434 et
2516 3384 2634 3434 alias
2667 3384 2833 3448 plures
2858 3399 2944 3434 nr-

1829 3448 1915 3496 bes
1952 3447 1998 3496 in
2034 3449 2306 3500 servitutem
2343 3452 2680 3514 redegerunt-‘⁶

1896 3515 1942 3564 b.
1981 3523 2027 3565 et
2062 3530 2267 3580 pompae
2299 3526 2347 3567 et
2380 3519 2563 3581 angelis
2602 3515 2729 3585 eius]
2766 3520 2838 3571 Cf.
2873 3519 2944 3574 Du

1830 3583 2018 3634 Corona
2056 3599 2159 3648 cap.
2197 3584 2241 3634 3.

1898 3668 1939 3701 e.
1977 3658 2027 3701 ut
2055 3653 2123 3722 ‘ita
2154 3649 2373 3716 dixerim]
2410 3653 2512 3704 Hoc
2547 3662 2648 3704 est:
2700 3663 2752 3705 ut
2785 3656 2943 3706 brevi-

1827 3727 1902 3769 ter
1957 3719 2170 3770 dixerim.
2239 3720 2543 3772 Idololatrias
2600 3722 2740 3772 enim·
2775 3729 2946 3776 ‚omnis

1829 3786 2060 3837 immundi
2121 3795 2168 3837 et
2236 3802 2440 3854 nequam
2496 3790 2710 3856 spiritus,
2747 3806 2944 3842 sensum

1828 3856 2045 3905 tribuens
2079 3870 2177 3904 rem
2215 3857 2419 3907 breviter
2453 3859 2714 3918 confecit.„',

1898 3923 1943 3971 d.
1981 3920 2277 3989 paraturam]
2324 3924 2416 3974 Vox
2451 3926 2743 3976 Tertulliano
2791 3925 2941 3974 usita-

1828 3990 2033 4050 tissima.
2099 3991 2170 4042 Cf.
2219 3993 2460 4057 Scorpiac.
2511 4008 2614 4057 cap.
2654 3993 2731 4044 10.
2777 3993 2946 4054 „Haec

1830 4057 1969 4107 nobis
2016 4059 2155 4108 etiam
2205 4059 2438 4128 ludicrum
2486 4062 2533 4110 in
2585 4061 2776 4111 modum
2814 4070 2944 4111 certa

1830 4127 1951 4175 ratio
1989 4127 2250 4188 mandavit,
2292 4144 2380 4179 nec
2414 4129 2542 4178 ullus
2578 4129 2762 4179 obicem
2799 4145 2943 4193 prae-

1830 4195 2104 4258 miptionia
2139 4196 2275 4245 istius
2312 4199 2554 4256 extrudet,
2607 4205 2657 4246 ut
2703 4212 2798 4246 non
2835 4213 2942 4249 om-

1833 4277 1939 4311 nem
1977 4264 2192 4312 ordinem
2218 4265 2582 4327 persecutionis,
2619 4280 2811 4315 omnem
2840 4267 2946 4316 eius

1831 4344 2003 4379 causae
2062 4331 2246 4379 firmam
2300 4340 2565 4396 peraticum
2623 4333 2741 4383 illuc
2785 4342 2944 4383 tram-

1832 4397 1957 4447 lerre
1993 4398 2238 4461 cogatur.“
2305 4398 2373 4448 De
2408 4399 2557 4450 Pallio
2596 4417 2699 4466 cap.
2736 4402 2779 4450 3.
2809 4417 2944 4464 „pu-

1829 4472 1987 4515 rutum
2035 4465 2390 4516 materiarum.“
2459 4469 2569 4518 Adv.
2605 4468 2782 4518 Valent.
2835 4483 2943 4529 cap.

1832 4532 1911 4583 26.
1947 4539 2199 4596 ‚paratura
2231 4531 2449 4586 mundi.“
2500 4534 2698 4600 Apolog.
2733 4533 2942 4598 eap.22.

1833 4599 2101 4662 ,‚caelestes
2155 4603 2452 4666 pamuras.‘⁴
2523 4602 2640 4653 lbid.
2693 4617 2799 4666 cap.
2858 4601 2941 4654 27.

2697 4851 2764 4928 ἱ.
