3263 5311
1127 449 1603 495 nomae-rmum
2420 437 2544 501 187

188 596 308 659 Sed
348 615 431 658 ne
487 595 698 658 notitia
754 605 1018 671 vacaret,
1085 597 1203 660 hoe
1254 618 1490 680 quoque
1531 579 1621 661 “a
1663 598 1897 668 ludaeis
1939 597 2279 662 Ptolemaeo
2332 601 2545 665 ”sub-

194 698 487 778 scriptum
533 706 677 759 est·
718 697 1146 780 ”septuaginta
1190 708 1250 762 et
1293 700 1528 762 duobus
1570 701 1996 781 interpretibus
2049 702 2326 777 indultis,
2389 723 2546 784 quos

188 798 574 864 Menedemus
619 817 857 880 quoque
884 800 1303 880 pbilosophuS‚
1348 801 1808 882 ⁸’providentiae
1833 802 2064 876 vindex,
2110 803 2185 864 de
2216 806 2544 868 sententiae.

189 899 610 961 communione
661 900 988 980 suspexit·.
1089 901 1429 965 Adfirmavit
1484 903 1630 964 haec
1682 902 1852 965 vobis
1907 904 2083 965 etiam
2124 903 2543 968 ⁸‘Aristaeus⁴³.

187 1001 271 1062 lta
322 1001 389 1062 in
450 1000 739 1062 Graecum
796 1001 998 1063 stilum
1053 1002 1424 1083 ”exapertav
1481 1004 1522 1036 ⁴¹
1536 1012 1918 1066 monumenta
1973 1004 2227 1083 reliquit.
2349 1005 2556 1078 Hodie,

190 1103 343 1182 apud
388 1102 755 1181 Serapeum
798 1102 1121 1165 Ptolemaei
1174 1103 1566 1167 bibliothecae
1608 1104 1799 1166 ‘'cum
1843 1097 1994 1186 ipsis
2039 1105 2342 1168 Hebraicis
2383 1105 2540 1169 ⁴³lit-

192 1203 331 1265 teris
379 1202 751 1266 exhibentur.
810 1204 929 1266 Sed
971 1212 1032 1265 et
1074 1204 1270 1267 ludaei
1312 1205 1506 1286 palam
1548 1206 1829 1268 lectitant.
1887 1205 2200 1286 Vectigalis
2229 1207 2542 1282 libertas‘3
2625 1199 2632 1204 ’

191 1420 267 1471 35.
304 1439 328 1472 a
369 1421 536 1472 ludeis
569 1421 853 1486 ptholomeo
891 1421 1188 1486 (ptolomaeo
1225 1426 1279 1474 E.
1316 1425 1488 1489 Errare.
1532 1425 1722 1492 vindob.
1774 1425 2045 1489 ptolemaeo
2081 1426 2154 1486 F.)
2187 1428 2388 1479 ABEFG.
2434 1429 2542 1478 Vin-

191 1492 293 1541 aab.
332 1493 488 1541 Oxou.
524 1492 700 1554 Ertha-t.
771 1491 1047 1540 Ptolemaeo
1095 1507 1123 1540 a
1169 1492 1359 1541 ludaeis
1406 1493 1626 1555 Debcdef.
1735 1491 1815 1542 36.
1854 1496 2144 1557 rescriptum
2181 1503 2256 1545 est
2287 1491 2333 1544 λ.
2456 1495 2540 1546 37.

189 1560 492 1622 septuaginta
541 1559 731 1607 duobus
781 1560 825 1608 d.
966 1557 1048 1610 38.
1098 1560 1423 1622 providentiae
1469 1560 1638 1609 vindex
1684 1556 2009 1626 ABFGMcdeJ.
2065 1563 2255 1613 Vindob.
2304 1564 2540 1613 Gor-siem.

188 1626 517 1689 providentiae
552 1626 691 1675 iudex
726 1626 1127 1690 Ambrae-Erfurt.
1197 1641 1287 1691 pro
1324 1627 1597 1691 provinciae
1636 1627 1774 1678 iudex
1800 1629 2041 1679 Vaticanus
2061 1644 2197 1679 unus.
2268 1631 2541 1693 provinciae

187 1694 327 1743 iudex
362 1695 423 1743 Ε.
461 1695 605 1743 Oxou.
676 1694 947 1756 provinciae
984 1694 1189 1743 ludaeae
1224 1695 1310 1745 Da.
1416 1693 1496 1744 39.
1534 1696 1779 1744 Aristaeus
1814 1695 2049 1754 (Aristeus
2067 1697 2272 1747 Amen-os.
2324 1698 2542 1747 aritheus

192 1762 238 1811 G.
288 1761 539 1810 Aristheus
570 1761 698 1811 ΒΓΕ.
740 1759 953 1819 Vindob.)
997 1756 1209 1825 ABFcts.
1251 1763 1441 1812 vindob.
1477 1763 1686 1812 Ambros.
1802 1763 2042 1812 Aristaeas
2078 1764 2315 1815 DEabcde.
2365 1766 2541 1828 Erfurt.

195 1829 338 1878 Oxou.
444 1828 530 1877 40.
565 1835 787 1892 exaperta
826 1829 960 1892 Gusp.
999 1829 1258 1893 Scioppius.
1346 1844 1400 1878 ex
1437 1838 1602 1892 aperta
1638 1824 1684 1876 λ.
1785 1838 1943 1879 exerta
1979 1832 2205 1880 Latinius.
2311 1840 2538 1896 exaperto

192 1896 372 1946 flevere.
458 1910 518 1945 ex
552 1904 720 1960 aperto
768 1897 941 1960 reliqui
974 1911 1143 1945 omnes.
1297 1895 1380 1945 41.
1419 1897 1712 1948 monimenta
1747 1893 1831 1947 Fa.
1867 1904 1910 1947 et
1944 1900 2051 1948 edd.
2087 1900 2282 1962 aliquot.
2362 1913 2539 1950 mouu-

194 1971 345 2012 mento
380 1965 502 2014 Ποῦ.
606 1962 689 2014 42.
726 1977 834 2014 cum
871 1964 992 2035 ipsis
1029 1979 1117 2014 om.
1152 1965 1242 2015 FG.
1286 1965 1477 2015 Vindob.
1579 1963 1665 2014 43.
1703 1964 1877 2015 litteris
1910 1980 1999 2016 om.
2036 1960 2189 2016 3562.
2233 1967 2423 2019 Vindob.

1416 2101 1618 2158 οἰοοιω,
1675 2106 1730 2149 ut
1777 2113 1888 2149 eum
1937 2113 2081 2165 quem
2116 2089 2342 2151 domiuus
2377 2109 2546 2152 noster

258 2111 316 2147 m.
363 2097 695 2160 subscriptum
732 2093 828 2163 est]
880 2097 1216 2162 subscriptum
1266 2106 1315 2148 et
1417 2165 1612 2229 ὠθεῖν*

197 2179 466 2215 concessum
508 2172 583 2214 est
617 2180 644 2214 a
680 2164 869 2215 ludaeis
891 2166 1165 2215 Ptolemaeo
1202 2166 1312 2226 hoc,

197 2246 251 2280 ue
284 2234 443 2283 notitia
480 2240 691 2291 vacaret,
727 2232 1026 2298 septuaginta
1058 2241 1105 2282 et
1123 2233 1313 2283 duobus

197 2299 526 2364 interpretibus
579 2299 794 2350 indultis.
879 2301 950 2350 De
995 2301 1141 2350 verbo
1200 2303 1313 2351 sub-

200 2371 384 2417 scribere
415 2369 472 2418 cl.
517 2369 744 2418 adnotata
780 2368 838 2417 ad
874 2368 943 2417 De
964 2367 1086 2418 ldol.
1107 2367 1310 2432 cap.23.

200 2435 425 2498 Indulqere
470 2444 544 2485 est
581 2436 855 2498 gratificari,
904 2435 1087 2497 largiri,
1135 2450 1312 2485 eonce-

199 2502 322 2552 dere.
388 2503 455 2553 Cf.
493 2518 642 2568 supra
681 2518 784 2567 cap.
826 2502 887 2552 16
921 2504 1001 2563 „si
1037 2505 1159 2554 diem
1192 2503 1313 2553 solis

198 2569 392 2619 laetitiae
443 2569 800 2634 indulqemus.“
883 2570 973 2619 Est
1028 2571 1311 2620 vocabulum

197 2636 403 2702 inprimis
437 2639 676 2688 ictorum.
770 2637 817 2687 V.
854 2636 1058 2688 Dirksen
1095 2638 1312 2688 Manuale

196 2720 232 2753 s.
267 2722 307 2754 v.
341 2722 386 2769 p.
405 2706 551 2768 461„
606 2707 688 2771 qui
749 2707 926 2755 nubem
980 2706 1311 2771 exemplorum

79 2756 85 2762 ’
195 2773 473 2836 suppeditat.

268 2854 311 2888 n.
363 2839 419 2889 de
463 2842 724 2891 sententiae
761 2841 1100 2891 commuuione
1135 2856 1311 2905 suspe-

198 2904 306 2972 xit]
341 2907 480 2956 Recte
514 2909 771 2959 observavit
806 2910 973 2959 lunius
1009 2910 1312 2959 commuuio-

196 2988 305 3024 uem
344 2975 479 3023 istam
515 2978 772 3025 sententiae
820 2992 918 3026 uon
956 2991 1064 3025 esse
1101 2978 1160 3025 de
1196 2976 1312 3025 Lxx

193 3042 510 3105 interpretum
551 3043 597 3090 iu
632 3058 873 3093 sacrorum
900 3044 1131 3093 librorum
1160 3044 1311 3092 iuter-

193 3110 455 3172 pretatione
474 3111 796 3160 coureuientia
819 3100 1197 3173 intelligendam,
1222 3110 1311 3159 sed

88 3200 95 3205 ·
193 3176 249 3225 de
283 3192 333 3225 ea
370 3192 510 3241 quam
551 3193 659 3227 cum
688 3178 966 3227 Menedemo
1005 3192 1310 3228 communem

193 3243 384 3295 habehat
416 3238 541 3311 περὶ
576 3240 843 3311 προνοίας
878 3246 1123 3309 opinione.
1171 3244 1312 3305 Quod

193 3325 243 3360 ex
275 3312 459 3377 losephi
494 3314 754 3377 ipsiusque
788 3315 910 3362 adeo
946 3314 1310 3363 Pseudaristeae

192 3380 367 3443 seriptis
401 3381 543 3431 facile
600 3387 674 3429 est
721 3379 963 3442 colligere.
1037 3380 1175 3439 Quod
1223 3395 1310 3429 au-

192 3453 275 3495 tem
319 3448 374 3497 de
418 3448 667 3512 stupenda
721 3448 803 3497 illa
838 3448 954 3497 Lxx
991 3446 1312 3511 interpretum

194 3517 495 3565 convenientia
540 3523 738 3565 veteres
774 3515 1089 3573 tradiderunt,
1143 3515 1312 3579 paucis

191 3581 329 3631 verbis
362 3585 590 3634 confutat
624 3582 943 3645 Hieronymus
968 3583 1169 3646 Apolog.
1208 3581 1310 3631 adv.

188 3647 417 3700 Rufinum:
454 3652 551 3713 „Et
594 3653 763 3699 nescio
798 3651 907 3714 quis
940 3651 1124 3713 primus
1146 3657 1315 3699 auctor

190 3720 470 3780 septuaginta
539 3718 755 3769 cellulas
805 3717 1118 3768 Alexandriae
1171 3731 1310 3766 men-

191 3782 311 3834 dacio
345 3801 431 3837 suo
458 3786 746 3845 extruxerit,
783 3785 958 3849 quibus
984 3785 1116 3835 divisi
1142 3785 1310 3834 eadem

189 3854 498 3916 scriptitarint,
538 3868 655 3904 cum
693 3854 904 3902 Aristeas
941 3852 1157 3903 eiusdem
1195 3853 1310 3901 Pto-

188 3916 346 3968 lemaei
389 3913 837 3987 ὖπερασπιστῆς,
894 3928 940 3970 et
1000 3920 1151 3970 multo
1198 3927 1316 3983 post

188 3990 388 4049 tempore
425 3990 674 4054 Iosephus
723 3988 843 4037 nihil
898 3988 994 4037 tale
1041 3986 1313 4047 retulerint,

186 4053 265 4102 sed
298 4054 343 4104 iu
377 4071 470 4105 uua
508 4056 723 4107 basilica
772 4062 1089 4117 congregatos
1139 4061 1312 4104 contu-

185 4116 290 4169 lisse
324 4124 565 4183 scribant,
626 4136 729 4171 non
765 4123 1102 4187 prophetasse.
1171 4120 1311 4170 Aliud

184 4194 251 4235 est
282 4191 403 4240 euim
440 4199 622 4249 vatem,
664 4190 792 4239 aliud
818 4191 1127 4254 interpretem
1149 4187 1313 4238 esse.“

183 4252 403 4315 (flerald.)
474 4258 545 4307 De
600 4256 886 4309 Menedemo
935 4258 996 4306 c‘l'.
1032 4256 1214 4318 Meuag.
1252 4254 1313 4304 ad

182 4318 302 4384 Βίας.
354 4325 514 4375 Laert.
566 4325 669 4383 ΙΙΙ,
710 4324 822 4375 144.
855 4323 1012 4384 (133.)
1082 4322 1137 4372 Η.
1178 4322 1313 4386 flod!

181 4386 241 4437 De
260 4390 380 4441 Bibl.
408 4393 543 4441 Text.
568 4392 705 4453 Orig.
745 4389 1105 4454 (Oxou.1750.)
1141 4405 1243 4453 cap.
1263 4389 1312 4439 8.

182 4455 410 4522 suspicere
458 4461 507 4508 h.
539 4475 584 4509 e.
639 4466 715 4508 est
750 4459 955 4509 revereri
991 4466 1037 4507 et
1066 4457 1309 4507 admirari.

182 4521 369 4588 Apolog.
407 4542 516 4591 cap.
548 4524 619 4576 33
658 4525 789 4586 „Sed
825 4525 941 4589 quid
977 4538 1065 4586 ego
1102 4524 1311 4589 amplius

186 4589 238 4639 de
268 4594 505 4656 religione
557 4600 709 4657 atque
745 4594 921 4657 pietate
956 4590 1225 4643 Christiana
1263 4592 1311 4640 in

183 4654 563 4724 imperatorem?
616 4674 762 4725 quem
812 4674 1014 4711 necesse
1050 4667 1124 4709 est
1157 4661 1315 4724 suspi-

1485 2249 1531 2282 ο.
1566 2228 1855 2298 Aristaeus]
1891 2234 1959 2283 De
1994 2234 2088 2284 hoc
2120 2234 2273 2285 v.Van
2297 2233 2416 2283 Dale
2433 2234 2541 2284 Dis-

1414 2307 1531 2351 sert.
1593 2314 1742 2365 super
1787 2301 1988 2354 Aristea.
2051 2302 2331 2363 (Amstelod.
2374 2302 2543 2364 1705.)

1415 2369 1485 2432 fl.
1512 2368 1648 2432 Hody
1683 2368 1715 2416 l.
1754 2368 1787 2420 l.
1854 2358 2044 2418 Fabric.
2080 2368 2202 2419 Bihl.
2242 2370 2320 2420 Gr.
2359 2370 2444 2430 lll,
2493 2385 2543 2434 p.

1415 2435 1635 2500 666sqq.
1684 2435 1996 2487 Cl'.Gallaudi
2033 2435 2154 2486 Bibl.
2179 2437 2305 2486 Patr.
2341 2445 2455 2487 tom.
2480 2437 2541 2498 ll,

1414 2519 1461 2568 p.
1479 2502 1574 2551 771
1598 2518 1705 2568 sqq.
1760 2503 1937 2553 Cellar.
1969 2504 2174 2553 Dissert.
2212 2504 2353 2554 Acad.
2390 2507 2542 2569 (Lips.

1419 2569 1587 2630 1715.)
1621 2570 1747 2620 Diss.
1768 2570 1889 2621 xm.
1925 2570 1994 2620 De
2029 2571 2144 2620 Lxx
2180 2571 2543 2636 interpretibus.

1480 2653 1530 2703 p.
1568 2633 1817 2704 exaperta]
1853 2639 1922 2689 lta
1952 2639 2181 2703 rescripsi
2202 2640 2346 2704 Gasp.
2367 2641 2541 2704 Sciop-

1413 2707 1548 2771 pium
1584 2715 1631 2755 et
1650 2706 1936 2756 fuldensem
1968 2707 2146 2756 librum
2182 2716 2395 2767 secutus,
2433 2722 2543 2757 cum

1412 2774 1597 2835 vulgata
1635 2774 1874 2838 scriptura
1910 2791 1970 2824 ea:
2004 2781 2163 2838 aperta
2210 2788 2377 2825 sanam
2428 2788 2543 2823 sen-

1415 2842 1613 2889 tentiam
1674 2842 1850 2890 efficiat
1897 2841 2094 2896 nullam.
2182 2840 2442 2905 Exaperire
2493 2840 2544 2890 in

1416 2908 1653 2958 Graecum
1688 2908 1853 2957 stilum
1909 2916 1984 2957 est
2017 2906 2289 2965 recludere,
2343 2921 2543 2957 couver-

1417 2984 1535 3033 tere,
1584 2976 1850 3024 transferre
1889 2976 1935 3024 in
1975 2977 2210 3027 Graecum
2247 2988 2541 3025 sermonem.

1481 3058 1527 3105 q.
1587 3042 1742 3091 Hodie
1776 3042 1920 3106 ’apud
1975 3039 2264 3105 Serapeum]
2321 3042 2393 3093 Cl.
2442 3041 2539 3092 loe.

1414 3109 1648 3169 Scaliger.
1685 3110 1745 3158 ad
1765 3109 1942 3158 Euseb.
1966 3109 2142 3159 Chron.
2169 3123 2217 3172 p.
2237 3108 2350 3158 134.
2389 3109 2540 3171 Chry-

1413 3181 1532 3226 sost.
1571 3176 1703 3226 Orat.
1741 3176 1776 3225 1.
1829 3177 1930 3226 adv.
1968 3177 2071 3225 lud.
2119 3184 2234 3224 tom.
2273 3177 2313 3235 Ι,
2347 3191 2393 3239 p.
2422 3175 2537 3225 595.

1412 3243 1598 3294 Morell.
1637 3237 1795 3299 „Kal
1825 3238 1991 3308 μέχρι
2024 3240 2124 3290 νῦν
2156 3235 2266 3291 ἐκεῖ
2294 3244 2362 3305 (iu
2394 3242 2539 3291 Sera-

1413 3327 1506 3376 peo
1564 3308 1680 3359 τῶν
1703 3309 2018 3376 προφητῶν
2043 3302 2103 3358 αἱ
2122 3303 2544 3376 ἑρμηνευθεῖσαι

1410 3312 1589 3443 βίβὲοι
1620 3372 1921 3444 μένουσι.“
1968 3378 2037 3427 De
2076 3377 2182 3427 loco
2203 3379 2417 3428 diversus
2442 3379 2545 3428 abit

1410 3446 1650 3511 Epiphan.
1689 3445 1758 3496 De
1795 3446 2000 3495 Ponder.
2038 3453 2086 3494 et
2118 3444 2324 3496 Mensur.
2374 3442 2425 3509 ἦ.
2461 3445 2540 3495 ll.

1414 3513 1585 3577 p.168
1636 3506 1754 3569 „At
1798 3508 1976 3576 βίβλοι
2021 3503 2098 3572 εἰς
2136 3504 2416 3572 Ἑλληνίδα
2461 3505 2541 3561 ἐκ-

1412 3578 1658 3630 τεθεῖσοιι
1715 3571 2063 3639 ἀπετέθησαν
2116 3572 2176 3628 ἔν
2226 3578 2293 3646 τῇ
2349 3572 2543 3646 πρώτῃ

1411 3641 1730 3713 βιβλιοθήκῃ
1780 3646 1844 3728 ζῇ
1892 3640 1951 3696 ἐν
1996 3646 2064 3730 3‘7'
2097 3641 2351 3715 Bpotqae'qs
2400 3640 2542 3694 οἷκο-

1414 3710 1749 3781 δομηθεὶσῃ·
1786 3728 1870 3763 ert
1906 3706 1962 3762 δ’
2001 3727 2234 3781 υστερον
2267 3708 2358 3761 καὶ
2382 3707 2544 3778 ἑτέρα

1411 3776 1623 3847 ἐγένετο
1672 3775 1990 3847 βιβλιοθήκῃ
2040 3775 2099 3831 ἓν
2146 3795 2176 3829 τ
2257 3776 2538 3845 Σεραπίῳ,

1409 3845 1710 3965 praepetes«
1745 3848 1842 3908 τῆς
1873 3843 2107 3915 πρώτης,
2203 3861 2287 3900 τις
2313 3842 2410 3927 {cai
2443 3848 2541 3895 θυ-

1411 3912 1589 3985 γάτηρ
1674 3909 1952 3982 νόμασται
1987 3909 2171 3976 αὗτῆς,
2209 3909 2270 3965 ἔν
2301 3931 2333 3982 ῃ
2356 3907 2542 3964 ἀπετέ-

1414 3986 1600 4044 &naar
1646 3977 1704 4032 οἱ
1745 3982 1844 4033 τοῦ
1873 3975 2058 4032 Ἀκῦλα
2110 3978 2202 4031 καὶ
2233 3975 2545 4049 Συμμᾶχου

1412 4048 1506 4102 καὶ
1542 4046 1917 4106 Θεοδοτίωνος
1948 4046 2040 4099 καὶ
2073 4049 2186 4099 τῶν
2218 4048 2427 4098 λοιπῶν
2456 4043 2543 4115 ἑρ-

1412 4120 1651 4187 μηνεῖαι,
1702 4113 1842 4185 μετὰ
1880 4112 2265 4167 διακοσιοστὸν
2295 4111 2388 4166 καὶ
2417 4130 2542 4167 πεν-

1413 4182 1684 4249 τηκοστὸν
1715 4176 1903 4239 tmen«

1483 4272 1524 4307 r.
1559 4254 1813 4317 Vectigalis
1835 4249 2056 4319 libertas]
2099 4252 2351 4315 Vectigalis
2391 4251 2542 4301 liber*-

1413 4333 1486 4374 tas
1533 4323 1711 4373 dicitur
1757 4336 1900 4387 quam
1938 4320 2099 4371 ludaei
2147 4319 2361 4383 vectigali
2409 4319 2543 4369 redi-

1414 4398 1566 4450 munt,
1586 4391 1634 4440 id
1660 4397 1733 4440 est
1756 4389 2078 4454 pensitatione
2100 4402 2275 4447 annua,
2312 4393 2363 4436 nt
2391 4387 2544 4436 libere

1412 4459 1461 4508 in
1496 4471 1762 4521 synagogas
1797 4463 1994 4506 suaset
2028 4455 2208 4505 cultum
2244 4468 2386 4503 suum
2423 4467 2545 4501 con-

1410 4525 1572 4575 venire
1606 4525 1825 4588 possiut;
1863 4521 2131 4574 cuiusmodi
2153 4521 2423 4570 libertatem
2447 4520 2542 4566 hoe

1414 4607 1606 4657 quoque
1655 4598 1875 4655 tempore
1922 4591 1970 4639 iu
2009 4587 2264 4640 Germania
2313 4593 2359 4634 et
2406 4583 2541 4632 ltalia

1412 4660 1645 4709 obtinent.
1694 4658 1793 4721 (Fr.
1838 4654 2041 4716 lunius.)
2123 4655 2267 4705 Recte
2310 4650 2539 4716 xiphilin.
