3263 5311
448 828 526 871 15.

347 926 402 973 11.
442 924 543 969 Cor.
578 924 643 976 Vl,

451 995 528 1036 14.

348 1061 473 1105 toan.
511 1057 613 1110 xvi,
650 1042 808 1122 quod
852 1050 948 1103 est
990 1040 1306 1119 scriptum:
1354 1040 1665 1102 Saeculum
1711 1040 2004 1119 gaudebit,
2050 1059 2158 1101 vos
2201 1054 2353 1100 vero·
2385 1039 2679 1117 lugebitis,

452 1130 531 1172 20.

642 377 723 440 88
1156 390 1357 442 QUINTI
1403 388 1666 432 SEPTssssl
1711 365 2039 431 nonanus
2083 386 2475 430 warunnam

641 540 982 603 nationibus
1028 538 1462 612 communicare
1504 536 1566 598 in
1608 538 2016 599 “huiusmodi‘’
2060 556 2268 599 servus
2313 535 2410 597 dei
2452 536 2682 610 debeat,
2728 536 2849 598 sive
2877 538 2999 599 ha·-

646 641 795 715 bitu,
843 642 969 702 sive
1012 641 1188 712 victu,
1233 633 1339 699 vel*
1367 657 1484 718 quo
1529 639 1643 699 alio
1687 657 1902 717 genere
1944 637 2199 699 laetitiae
2244 656 2466 699 earum.
2501 670 2507 677 ·
2545 638 2812 700 Gaudere
2857 657 3001 698 cum

375 755 610 811 uomitu,
648 742 1035 821 gaudentibus
1080 748 1140 801 et
1179 740 1382 817 lugere
1427 757 1559 800 cum
1602 735 1974 816 lugentibuS,
2029 737 2102 798 de
2159 736 2437 798 fratribus
2486 736 2705 798 dictum
2759 733 2854 798 est
2921 739 3002 798 ab

650 843 922 922 apostolo
968 841 1042 902 ad
1083 840 1526 901 unanimitatem
1568 841 1936 901 cohortante.

2023 838 2298 899 Ceterum
2340 839 2415 899 ad
2456 838 2604 899 haec
2644 838 2790 899 nihil
2822 858 3002 899 com-

647 942 945 1004 munionis
1005 948 1097 1002 est
1148 940 1358 1001 lumini
1412 949 1474 1001 et
1515 940 1810 1014 tenebris,
1877 940 2031 1000 vitae
2087 948 2148 999 et
2188 938 2446 1012 mortiss,
2513 947 2613 1000 aut
2665 940 3002 1001 scindimus

2767 1040 2830 1101 Si
2859 1059 3005 1101 cum

651 1141 886 1204 saeculo
930 1139 1326 1220 ''gaudemus,
1398 1143 1721 1205 verendum
1765 1149 1890 1215 est,
1965 1160 2041 1201 ne
2099 1140 2231 1201 cuni
2289 1141 2524 1202 saeculo
2568 1148 2628 1200 et
2669 1141 3003 1220 lugeamus.

653 1242 933 1303 ¹'Saeculo
981 1250 1178 1303 autem
1222 1243 1510 1321 gaudente
1554 1242 1878 1321 lugeamus,
1926 1249 1987 1303 et
2030 1241 2263 1303 saeculo
2306 1241 2552 1322 ”postea
2583 1242 2817 1319 lugente
2846 1260 2969 1320 gau

651 1343 943 1405 debimus.
1033 1342 1136 1404 Sic
1178 1350 1238 1404 et
1280 1343 1608 1405 ¹⁰Eleazar·
1637 1343 1794 1423 apud
1838 1341 2062 1404 inferos
2107 1342 2170 1404 in
2199 1342 2236 1375 ¹¹
2256 1342 2393 1402 sinu
2419 1341 2720 1405 Abrahaef
2743 1344 3005 1421 refrige-

652 1512 700 1563 6.
737 1510 880 1561 buius
916 1510 1079 1560 mundi
1116 1524 1281 1561 servus
1328 1511 1405 1563 dei
1437 1496 1515 1563 A(
1592 1511 1642 1562 7.
1680 1512 2024 1573 gaudebimus,
2072 1508 2332 1560 verendum
2367 1477 2465 1573 Αβ.

651 1587 750 1628 tem
785 1579 1021 1640 gaudente
1058 1580 1305 1639 lugeamus
1340 1596 1428 1631 om.
1454 1577 1550 1642 Αβ.
1637 1580 1746 1630 Mox
1781 1582 1903 1631 idem
1938 1580 2056 1628 liber
2089 1580 2223 1628 habet
2258 1578 2345 1627 sed
2380 1577 2593 1628 saeculo.

1490 1647 1570 1697 10.
1605 1647 1803 1697 Eleazar
1834 1647 1958 1698 ABG.
2024 1647 2232 1697 Lazarus
2267 1648 2341 1696 ab.

655 1646 861 1697 audente
897 1646 1212 1708 gaudebimus
1234 1644 1349 1713 Αφ.

655 1778 855 1844 proprie
880 1778 1115 1839 significat
1135 1781 1309 1830 iudicio
1332 1783 1565 1844 conqredi,
1604 1785 1787 1833 actione

657 1847 877 1910 experiri.
945 1846 1062 1894 eod.
1099 1846 1341 1896 Theodos.
1378 1849 1431 1906 Χ,
1472 1850 1552 1910 10,
1589 1849 1637 1900 8.
1680 1850 1785 1910 „Ad

657 1913 832 1964 iudicia
868 1913 1074 1973 veniant,
1112 1914 1158 1963 in
1196 1916 1299 1963 iure
1324 1918 1593 1979 consistunt,
1636 1931 1786 1977 nego-

657 1981 721 2030 tia
768 1981 1175 2043 persequantur.“
1245 1982 1491 2045 Papinian.
1545 1985 1621 2033 Fr.
1671 1984 1788 2034 219.

656 2047 729 2097 De
748 2048 921 2096 Herod.
957 2055 1056 2111 pet.
1092 2048 1141 2107 5,
1177 2047 1224 2098 3.
1263 2050 1339 2104 „si
1376 2051 1532 2099 bonae
1557 2053 1666 2101 [idei
1697 2066 1788 2115 po-

658 2129 828 2165 sessor
873 2115 1152 2164 hereditatis
1197 2115 1311 2165 velit
1334 2118 1452 2166 ’cum
1489 2118 1789 2168 debitoribus

657 2182 981 2242 hereditariis,
1017 2190 1099 2231 aut
1133 2184 1213 2246 qui
1250 2198 1330 2232 res
1364 2185 1679 2237 hereditarias
1705 2202 1791 2235 oc-

661 2250 956 2366 ιέιρίνετίηὲ
993 2249 1302 2366 comageni-'ml‘
1351 2252 1594 2370 4lagani-ign.
1629 2253 1792 2370 figuli!-

695 2332 722 2365 e
796 2331 883 2379 ege
959 2331 1065 2366 orn.
1139 2332 1163 2365 e
1239 2333 1326 2367 as.
1423 2356 1435 2379 ,
1540 2335 1790 2382 .„uo

660 2385 809 2435 modo
857 2384 981 2433 servi
1017 2399 1126 2433 cum
1162 2384 1371 2435 dominis
1406 2388 1508 2436 suis
1545 2391 1795 2439 consistere

659 2452 921 2516 possunt.“
1002 2452 1052 2500 Si
1112 2451 1250 2514 plura
1311 2454 1588 2514 desideras,
1648 2457 1793 2504 adeas

663 2520 870 2570 Dirltsen
905 2518 1123 2568 Manuale
1159 2520 1311 2569 Latin.
1350 2522 1484 2570 Font.
1533 2522 1658 2572 luris
1695 2523 1791 2572 Cis.

665 2587 809 2637 Rom.
842 2601 882 2635 s.
919 2601 960 2635 v.
999 2602 1045 2650 p.
1087 2586 1199 2635 199.
1272 2588 1338 2637 Ex
1373 2590 1567 2652 scriptis
1601 2589 1795 2638 Tertul-

666 2653 812 2714 liani,
872 2654 918 2704 iu
978 2654 1153 2719 quibus
1200 2657 1522 2708 creberrimus
1571 2664 1647 2708 est
1693 2658 1796 2710 eius

666 2721 800 2773 verbi
858 2735 1006 2783 usus,
1081 2723 1198 2771 baec
1262 2724 1479 2785 exempla
1540 2725 1797 2774 sufficiant.

664 2790 870 2853 Apolog.
907 2803 1010 2852 cap.
1038 2789 1086 2841 4.
1121 2790 1251 2850 „iam
1289 2791 1348 2842 de
1384 2806 1526 2841 causa
1564 2791 1799 2842 innocen-

667 2858 763 2906 tiae
799 2854 1107 2907 consistam.“
1158 2857 1279 2907 lbid.
1316 2874 1420 2922 cap.
1461 2858 1542 2911 18.
1581 2860 1648 2917 (in
1686 2875 1798 2920 seg-

669 2931 834 2974 mento
871 2924 976 2973 cod.
1009 2924 1280 2982 Fuldensis)
1316 2926 1511 2985 „Multis
1547 2927 1706 2977 adhuc
1739 2928 1800 2975 de

669 2998 903 3041 vetustate
963 2991 1121 3040 modis
1182 2995 1478 3044 consisterem
1534 2995 1801 3044 divinarum

670 3058 968 3118 litterarum,
1030 3060 1072 3109 si
1133 3061 1266 3109 nou“
1326 3069 1436 3111 cett.
1518 3062 1636 3111 lbid.
1693 3076 1799 3124 cap.

671 3126 779 3188 46„
824 3126 1189 3187 „Cottstitimus,
1248 3135 1299 3176 ut
1333 3131 1525 3191 opinor,
1572 3129 1801 3178 adversus

675 3208 891 3243 omnium
951 3195 1207 3244 criminum
1265 3195 1682 3244 intentationem.“
1754 3202 1806 3244 et

673 3261 822 3328 paulo
849 3268 960 3323 post
985 3261 1061 3319 „si
1086 3261 1145 3309 de
1163 3262 1469 3323 simplicitate
1495 3260 1805 3314 consistam.“

745 3343 786 3377 c.
822 3328 868 3375 in
907 3325 1203 3392 huiusmodi]
1246 3330 1316 3377 Cs.
1356 3345 1478 3392 quae
1513 3330 1802 3380 adnotavere

676 3394 739 3446 ad
774 3393 843 3442 De
878 3392 1122 3455 Baptismo
1160 3410 1263 3459 cap.
1308 3394 1386 3445 12.
1624 3407 1629 3414 '

747 3460 794 3510 d.
848 3459 1015 3510 lumini
1053 3469 1101 3514 et
1131 3463 1363 3521 tenebris,
1400 3464 1520 3513 vitae
1553 3471 1601 3513 et
1639 3459 1805 3529 morti]

679 3525 753 3581 Cl'.
801 3527 870 3577 De
918 3528 1134 3591 Spectac.
1198 3546 1303 3596 cap.
1356 3530 1438 3582 26.
1496 3532 1655 3591 „Quid
1712 3533 1808 3582 luci

680 3608 789 3646 cum
827 3595 1055 3654 tenebris,
1093 3598 1205 3661 quid
1244 3599 1362 3647 vitae
1399 3605 1446 3646 et
1481 3595 1703 3647 mot-ti?“

749 3678 823 3724 e„
856 3660 1077 3732 Eleazar]
1143 3665 1194 3713 ln
1252 3664 1511 3728 exemplari
1568 3665 1808 3726 Agobardi

681 3731 859 3797 ubique
907 3732 1134 3781 scribitur
1179 3732 1389 3793 Eleazar,
1447 3747 1541 3781 non
1590 3735 1809 3782 Lazarus.

683 3798 764 3847 Sic
800 3799 941 3848 etiam
975 3799 1100 3862 apud
1140 3798 1363 3848 Prudeut.
1400 3794 1697 3864 [Cathemer.
1732 3801 1811 3858 xt,

688 3862 944 3929 10,153.]
998 3867 1228 3925 „Gremio
1277 3868 1409 3916 senis
1455 3869 1611 3918 addita
1659 3868 1812 3918 sancti

682 3931 964 3991 Recubabit‚
1002 3941 1053 3982 ut
1088 3943 1161 3982 cst
1196 3934 1447 3988 Eleazar.“
1499 3935 1711 3996 (Rigalt.)

752 3998 789 4052 Ι.
826 3998 874 4048 iu
910 4001 1019 4047 sinu
1054 3997 1293 4065 Abrahae]
1337 4002 1399 4050 Ex
1435 4004 1593 4051 verbis
1629 4002 1814 4051 domini

685 4066 747 4115 ad
784 4064 1019 4115 latronem
1056 4068 1205 4117 Hodie
1250 4083 1424 4117 mecum
1462 4071 1553 4117 eris
1588 4070 1638 4117 in
1671 4083 1814 4132 para-

686 4135 808 4194 diso,
861 4140 906 4181 et
941 4133 1157 4184 Abrahae
1204 4134 1263 4182 de
1312 4136 1490 4183 Lazaro
1527 4137 1583 4184 ad
1622 4137 1813 4185 divitem

684 4206 1033 4268 purpuratum,
1082 4208 1131 4252 et
1166 4200 1356 4252 loannis
1407 4212 1662 4265 martyrum
1709 4204 1812 4252 ani·

688 4282 794 4319 mas
828 4268 1028 4318 videntis
1052 4269 1142 4316 sub
1167 4267 1323 4325 altari,
1357 4276 1405 4317 et
1423 4270 1556 4319 Pauli
1580 4272 1641 4319 ad
1660 4270 1814 4320 Thes-

684 4336 780 4390 sal.
817 4333 854 4396 l,
889 4334 937 4384 4.
986 4342 1197 4386 veterum
1234 4334 1452 4401 plerique
1501 4339 1549 4388 in
1597 4352 1651 4386 ea
1701 4352 1815 4387 sen-

686 4403 835 4455 tentia
870 4404 1023 4462 ruere,
1060 4414 1111 4451 ut
1146 4403 1396 4452 crederent
1432 4417 1540 4453 esse
1575 4405 1704 4467 apud
1742 4405 1817 4454 in-

689 4472 825 4522 l'eros
871 4470 1135 4520 animarum
1178 4471 1485 4532 receptacula
1533 4472 1720 4535 piarum
1771 4480 1819 4523 et

688 4539 945 4602 impiarum
997 4538 1135 4588 divini
1185 4537 1345 4588 iudicii
1398 4539 1523 4589 diem
1560 4546 1818 4603 expectau—

689 4605 826 4659 tium.
881 4606 1068 4659 Interea
1113 4613 1275 4658 tamen
1309 4607 1415 4673 pias
1450 4607 1645 4674 quidem
1678 4621 1818 4673 pace,

2574 1510 2622 1563 8.
2658 1511 2861 1562 Saeculo
2914 1527 3008 1562 au·

2743 1578 2792 1629 0.
2826 1590 3007 1644 postea

2474 1646 2554 1695 11.
2589 1646 2726 1697 sinus
2759 1649 2814 1697 Δ.
2861 1684 2868 1689 ,

1870 1780 2048 1846 quiete,
2082 1778 2336 1839 refrigerio
2374 1778 2598 1841 gaudere,
2631 1780 2802 1845 impias
2832 1789 3008 1831 contra

1872 1862 2083 1907 carcere,
2118 1848 2324 1905 ignibus,
2364 1849 2580 1907 gebenna
2616 1850 2838 1897 cruciari.
2895 1850 3007 1914 Pia-

1870 1929 1978 1965 rum
2015 1915 2316 1977 receptacula
2352 1914 2400 1964 in
2437 1930 2630 1964 recessu
2668 1916 2860 1979 quidem
2882 1917 3009 1966 sub-
3057 1934 3068 1943 ·

1870 1990 2123 2042 terraneo,
2174 1983 2260 2031 sed
2297 1981 2606 2031 interioribus
2641 1983 2791 2031 multo
2827 1983 3008 2047 impia-

1871 2063 1979 2098 rum
2016 2049 2204 2112 abyssis
2240 2057 2590 2113 superstructo.
2647 2049 2781 2099 luter
2813 2060 3009 2101 utrum-

1874 2132 1966 2181 qne
2002 2125 2160 2165 autem
2197 2117 2536 2178 insuperabilis
2563 2117 2827 2166 altitudinis
2854 2120 3009 2168 cbaos

1875 2184 2196 2233 obfirmatum.
2271 2184 2426 2242 Quum
2474 2184 2616 2244 igitur
2667 2185 2714 2233 in
2763 2185 2853 2233 hac
2889 2200 3009 2235 sen-

1876 2252 2021 2300 tentia
2057 2252 2204 2299 fuerit
2228 2251 2573 2309 Tertullianus,
2609 2252 2725 2300 nibil
2764 2259 2839 2301 est
2874 2253 3011 2316 quod

1875 2319 1956 2368 bic
1992 2318 2224 2366 miremur
2258 2324 2305 2366 et
2341 2318 2569 2367 Lazarum
2606 2327 2652 2368 et
2680 2319 2901 2369 Abrahae
2939 2322 3011 2370 si·

1878 2398 1991 2434 num
2028 2384 2153 2449 apud
2191 2384 2374 2433 inferos
2410 2386 2615 2435 censeri.
2662 2386 2781 2434 Nam
2817 2394 2866 2436 et
2903 2388 3011 2451 ipse

1877 2453 2048 2502 eodem
2096 2466 2245 2500 sensu
2293 2451 2417 2500 libro
2465 2452 2532 2501 De
2576 2453 2742 2502 Anima
2795 2456 3012 2505 animam

1879 2519 2055 2569 Christi
2091 2522 2158 2569 ait
2190 2533 2433 2581 egressam
2469 2519 2530 2570 de
2565 2521 2772 2570 crucifixi
2802 2537 3013 2585 corpore

1881 2586 1939 2635 ad
1977 2587 2161 2635 inferos
2196 2586 2521 2647 descendisse,
2560 2597 2609 2636 ut
2645 2598 2899 2651 compotes
2935 2590 3013 2640 sui

1881 2655 2062 2704 faceret
2118 2654 2430 2718 patriarchas.
2520 2653 2609 2704 Alii
2668 2671 2778 2708 vero
2839 2658 3012 2710 eadem

1883 2722 2214 2785 quoqne.tide
2256 2729 2303 2771 et
2338 2723 2462 2785 apud
2500 2721 2682 2772 inferos
2719 2737 2827 2772 esse
2862 2740 3013 2794 para-

1882 2789 2042 2838 disum
2093 2789 2371 2849 credidere,
2424 2805 2520 2852 quo
2568 2789 2741 2839 latroni
2790 2791 3015 2845 Christus

1884 2856 2120 2916 condixit;
2157 2856 2333 2905 etenim
2369 2857 2579 2919 paradisi
2606 2858 2840 2907 vocabulo
2858 2859 3016 2920 sigui-

1883 2924 2014 2973 licari
2062 2923 2254 2972 hortum
2300 2939 2385 2973 seu
2436 2933 2628 2988 pratum
2675 2940 2762 2975 seu
2798 2929 3014 2990 quemvis

1885 2991 2031 3040 alium
2070 2991 2258 3041 amoeni
2294 2992 2530 3052 refrigerii
2567 2992 2756 3050 locum,
2804 2995 2886 3043 ubi
2924 3010 3015 3058 pa-

1885 3058 2150 3118 triarchae,
2210 3059 2289 3108 ubi
2325 3059 2579 3116 Abrabam,
2617 3060 2696 3108 uhi
2733 3059 2894 3121 iacob,
2933 3062 3013 3110 ubi

1888 3125 1969 3176 iile
2006 3126 2065 3174 de
2103 3126 2288 3175 latrone
2325 3127 2497 3186 tidelis,
2539 3126 2617 3176 ubi
2656 3127 2797 3175 etiam
2833 3137 3016 3192 marty-

1884 3206 1992 3246 rum
2042 3193 2228 3246 animae
2277 3193 2463 3256 placide
2509 3195 2774 3262 quiescant.
2841 3195 2909 3245 Ac
2954 3197 3018 3245 de

1887 3263 2174 3324 martyribus
2212 3262 2403 3324 quidem
2441 3261 2701 3328 Septimius
2749 3270 2916 3312 noster
2950 3263 3015 3313 ita

1887 3330 2102 3377 sensisse
2147 3328 2331 3377 videtui·
2376 3331 2422 3377 in
2460 3329 2746 3392 Scorpiace,
2794 3345 2900 3379 cum
2951 3331 3019 3381 ait

1889 3397 2074 3445 animas
2111 3409 2277 3443 eorum
2315 3397 2408 3445 sub
2443 3395 2581 3445 altari
2612 3398 2883 3458 patientiam
2912 3393 3018 3462 'pa-

1889 3477 2027 3512 scere
2064 3469 2112 3511 et
2145 3463 2333 3511 indutas
2372 3464 2544 3513 stolam
2583 3465 2832 3513 candidam
2869 3464 3019 3514 clari·

1890 3531 2001 3579 tatis
2038 3544 2287 3592 usurpare.
2339 3531 2484 3591 Quasi
2520 3531 2662 3579 sedes
2697 3532 2779 3580 illa
2815 3531 2907 3581 sub
2943 3532 3018 3581 al·
3077 3575 3082 3580 .

1892 3599 1981 3647 tari
2029 3589 2280 3646 ὑποκάτω
2315 3593 2691 3664 θυσιαστηρίῳ
2737 3599 2901 3648 loanni
2937 3613 3018 3649 re-

1890 3664 2043 3713 velata
2093 3666 2285 3714 nomine
2333 3665 2496 3716 altaris
2550 3673 2728 3717 terram
2765 3667 3017 3727 significet,

1894 3747 2042 3794 super
2078 3746 2220 3794 quam
2260 3732 2501 3782 immolata
2524 3740 2782 3793 martyrum
2815 3747 3019 3795 corpora

1897 3800 2038 3849 veluti
2075 3813 2224 3861 snper
2258 3799 2407 3848 altare
2434 3801 2698 3859 iacuerunt,
2735 3801 2860 3849 unde
2884 3802 3018 3864 ipso-

1897 3880 2002 3916 rum
2040 3868 2228 3915 animae
2263 3868 2310 3915 in
2347 3868 2686 3918 subterraneas
2708 3869 3020 3917 amoenitates

1896 3933 1956 3983 ab
1993 3933 2178 3994 augelis
2212 3942 2325 3982 sunt
2359 3934 2562 3994 delatae,
2597 3935 2674 3983 ubi
2701 3936 3019 3985 resurrectio-

1898 4015 2007 4050 nem
2045 4015 2102 4050 ae
2137 4001 2213 4052 dei
2251 4015 2448 4063 regnam
2485 4001 2857 4064 praestolantur.
2919 4002 3018 4051 Mo-

1896 4082 2000 4118 ram
2023 4115 2028 4122 ,
2051 4083 2161 4116 vero
2221 4070 2481 4126 tantulam,
2541 4068 2653 4118 licet
2700 4069 3020 4133 complurium

1898 4150 2150 4194 annorum,
2187 4136 2366 4186 sanctis
2402 4136 2597 4185 minime
2621 4151 2828 4196 gravem,
2865 4144 3018 4186 aeter·

1899 4217 1989 4254 nae
2025 4204 2208 4264 gloriae
2243 4203 2413 4254 liducia
2454 4202 2704 4264 singulari.
2778 4205 3019 4253 Verumta-

1898 4284 2008 4319 men
2046 4271 2329 4336 Septimium
2375 4271 2420 4318 in
2459 4270 2548 4319 hac
2581 4272 2820 4320 sententia
2852 4283 3018 4335 parum

1897 4338 2049 4388 tuisse
2088 4346 2385 4387 constantem
2414 4346 2618 4398 arguunt
2647 4352 2700 4387 ea
2738 4351 2862 4401 qnae
2901 4338 3019 4387 libro

1898 4404 1967 4453 De
2003 4405 2370 4454 Resurrectione
2416 4404 2625 4454 tradidit.
2698 4406 2885 4454 Etenim
2933 4418 3020 4468 po-

1900 4480 2147 4536 steaquam
2174 4471 2391 4535 probavit
2426 4486 2617 4522 omnem
2653 4473 2863 4521 animam
2900 4468 3021 4534 apud

1899 4540 2083 4589 inferos
2120 4539 2413 4603 sequestrari
2447 4540 2495 4588 in
2522 4539 2650 4588 diem
2670 4539 2872 4600 domini,
2905 4550 3020 4587 con-

1900 4606 2060 4658 testim
2108 4607 2236 4657 exuit
2278 4606 2339 4656 ab
2386 4621 2442 4657 ea
2490 4606 2808 4671 dispositione
2841 4606 3019 4660 animas
3075 4623 3092 4632 “
