3263 5311
481 826 587 884 cap.

719 462 759 523 6
1232 472 1431 523 ΟΙΠΝΊῚ
1478 471 1741 517 SEP'rffltt
1785 469 2111 512 FLOREN'HS
2158 468 2544 512 'rt-:R'rtJLuAm

1593 620 1825 682 istodire
1869 590 2140 694 debetis:
2162 627 2246 692 ut,
2297 618 2346 679 si
2382 621 2595 691 fortem,
2625 625 2684 677 et
2714 615 2839 678 aliis
2868 633 3045 694 prae-

1600 802 2065 902 'impedimenta
2126 837 2314 900 usque
2377 820 2449 881 ad
2511 819 2688 881 limen
2759 817 3050 880 carceris·

1593 942 1645 996 te
1705 932 1764 984 et
1817 923 2130 1002 ''pai-entes
2186 921 2388 983 vestri.
2477 919 2702 982 Exinde
2758 919 3049 998 segregati

1593 1032 1829 1104 *quanto
1894 1023 2081 1101 magis
2147 1042 2180 1084 a
2235 1021 2470 1084 saeculo
2525 1021 2818 1101 rebusque
2873 1021 2999 1081 eius
3015 1005 3068 1080 ἶ

1650 1124 1808 1205 quod
1851 1123 2142 1204 segregati
2187 1123 2331 1185 estis
2376 1142 2409 1183 a
2452 1123 2695 1184 mundo.
2783 1122 2846 1183 Si
2892 1120 3054 1183 enim

1627 1225 1912 1288 mundum
1971 1243 2266 1287 carcerem
2324 1229 2500 1299 esse,
2556 1224 2750 1287 exisse
2811 1224 2953 1286 ‘vos
3017 1243 3055 1282 e

710 1383 792 1434 21.
826 1383 1030 1435 habetur
1065 1381 1126 1444 Β.
1221 1377 1302 1429 22.
1349 1393 1531 1443 ponere
1583 1379 1630 1430 G.
1680 1381 1763 1430 sed
1814 1387 2004 1430 correct.
2052 1380 2214 1428 eadem
2259 1394 2400 1428 manu
2439 1381 2493 1427 in
2536 1393 2682 1443 niam.
2730 1379 2914 1429 lovere.

831 1449 1026 1515 Cap.ll.
1079 1447 1123 1499 1.
1161 1462 1311 1512 usque
1331 1447 1524 1497 om.AB.
1596 1446 1643 1496 2.
1680 1456 1904 1511 parentes
1941 1447 2096 1496 nostri
2119 1445 2165 1494 C.
2192 1452 2233 1494 et
2257 1446 2606 1495 Laurentianus.
2678 1445 2770 1495 3.a
2792 1447 2985 1497 mundo.
3004 1451 3057 1499 d.

709 1521 761 1570 4.
798 1527 975 1584 quanto
1016 1516 1166 1578 magis
1203 1531 1230 1565 a
1265 1515 1461 1570 saeculo
1497 1513 1741 1579 rebusque
1778 1510 1917 1567 eius?
1984 1513 2088 1564 Nec
2121 1513 2216 1562 boc
2248 1527 2331 1562 vos
2369 1520 2671 1574 consternet,
2719 1513 2848 1578 quod
2881 1529 3054 1578 segre-

711 1588 806 1650 gati
843 1588 960 1638 estis
994 1603 1022 1635 a
1059 1582 1236 1636 mundo
1274 1598 1360 1634 om.
1398 1586 1444 1632 d.
1547 1583 1595 1632 5.
1620 1591 1899 1634 consternat
1936 1581 1981 1633 0.
2019 1588 2063 1632 et
2096 1582 2450 1632 Laurentianus.
2550 1580 2597 1633 6.
2634 1596 2725 1632 nos
2756 1583 2845 1632 AB.

640 1780 645 1784 ,
708 1736 804 1786 quo
840 1717 1169 1785 reciperentur
1204 1718 1254 1767 in
1289 1715 1544 1767 ecclesiam
1579 1724 1691 1768 ante
1711 1731 1830 1766 con-

709 1790 969 1840 fessionem
1007 1785 1459 1848 exomologesinque
1493 1793 1544 1855 et
1575 1786 1831 1849 poeniten·

709 1860 823 1907 tiam
859 1865 968 1906 ante
1004 1853 1360 1918 impositionem
1409 1868 1577 1903 manus
1614 1852 1831 1918 episcopi

711 1933 758 1974 et
794 1924 909 1975 cleri
944 1923 1166 1974 solebant
1210 1936 1236 1970 a
1285 1914 1571 1984 martyribus
1620 1929 1670 1972 et
1714 1935 1831 1970 cou-

710 1993 976 2044 l'essoribus
1038 1992 1084 2040 in
1135 2004 1327 2039 carcere
1382 1990 1653 2039 constitutis
1692 1988 1831 2038 libel-

712 2061 810 2110 lum
831 2068 1113 2123 extorquere
1132 2057 1534 2120 deprecatorium,
1570 2072 1661 2122 per
1691 2070 1831 2120 quem

712 2130 759 2177 in
797 2127 1048 2177 ecclesiam
1070 2124 1219 2188 recipi
1249 2124 1546 2174 iuberentur.
1601 2124 1683 2174 Sic
1706 2125 1833 2173 enim

715 2195 838 2258 lapsi
875 2193 1067 2259 quidam
1104 2191 1391 2255 importunis
1426 2192 1656 2255 precibus
1705 2206 1834 2240 mar-

710 2271 836 2327 tyres
871 2271 919 2311 et
953 2261 1260 2311 consessores
1307 2260 1569 2322 fatigabant
1613 2272 1833 2310 corrum-

711 2331 999 2395 pebantque.
1038 2328 1278 2377 Vocabant
1294 2335 1450 2377 autem
1472 2335 1659 2378 veteres
1682 2327 1835 2388 „dare

883 2399 909 2407 ’“
951 2397 1168 2459 recipere
1215 2396 1263 2444 in
1309 2395 1384 2444 ius
1433 2394 1829 2445 communicatio-

921 2482 928 2513 ι
975 2466 1102 2513 bunc
1138 2463 1278 2524 igitur
1324 2478 1518 2512 sensum
1556 2462 1709 2528 accipi
1742 2462 1829 2512 de·

925 2531 957 2580 d
991 2532 1070 2582 bic
1103 2530 1425 2580 Tertullianus
1451 2530 1618 2580 scribit
1651 2544 1830 2594 „quam

932 2600 1125 2664 quidam
1180 2599 1227 2646 in
1273 2597 1477 2655 ecclesia
1514 2613 1610 2646 non
1647 2597 1830 2647 haben-

921 2681 999 2717 em
1048 2675 1161 2727 ‚‚ut,
1198 2667 1240 2716 si
1277 2667 1427 2725 sorte,
1464 2673 1512 2715 et
1545 2665 1653 2715 aliis
1687 2679 1831 2730 prae·

921 2735 1114 2785 ›ssitis.“
1171 2734 1298 2793 Vide,
1336 2742 1510 2798 quanta
1546 2734 1690 2783 luerit
1716 2732 1832 2782 olim

921 2817 976 2853 im
1023 2802 1280 2852 etiamdum
1326 2802 1576 2851 viventium
1622 2800 1832 2850 auctori·

921 2884 1000 2920 ine
1047 2870 1310 2936 Cyprianus
1345 2869 1495 2933 Epist.
1531 2867 1613 2928 tlt,
1653 2868 1732 2919 15.
1785 2868 1833 2917 iu

921 2938 1220 3003 quorundam
1264 2945 1522 3001 martyrum
1557 2951 1648 3001 pro
1682 2936 1834 3000 lapsis

716 3008 896 3071 scripto
952 3006 1043 3055 boc
1093 3007 1323 3056 insertum
1383 3004 1528 3069 paulo
1598 3005 1834 3055 incautius

717 3076 866 3124 luisse
918 3082 1119 3124 testatur
1171 3075 1528 3133 „communicet
1589 3072 1673 3122 ille
1726 3086 1834 3123 cum

717 3140 871 3193 suis.“
940 3141 1059 3191 Nam
1098 3141 1205 3190 addi
1235 3141 1438 3189 debebat
1456 3141 1651 3205 quinam
1669 3140 1835 3200 „sui.“

718 3208 923 3259 Proinde
975 3208 1101 3257 idem
1154 3207 1485 3256 sanctissimus
1545 3206 1615 3254 vir
1670 3207 1836 3256 scribit

718 3277 806 3327 sub
843 3274 1226 3325 antecessoribus
1261 3273 1363 3322 suis
1411 3273 1457 3322 id
1502 3283 1700 3335 semper
1745 3269 1835 3321 ob-

717 3350 982 3402 servatum,
1020 3349 1071 3389 ut
1104 3340 1290 3390 diaconi
1328 3339 1386 3388 ad
1423 3352 1664 3389 carcerem
1702 3354 1834 3389 com-

721 3417 931 3460 meantes
952 3414 1209 3471 martyrum
1231 3407 1467 3457 desideria
1492 3406 1707 3458 consiliis
1734 3408 1842 3458 suis

719 3486 766 3527 et
799 3476 1143 3541 scripturarum
1181 3477 1448 3540 praeceptis
1483 3476 1834 3539 gubernarent3

721 3547 793 3595 liis
830 3545 955 3594 enim
991 3543 1092 3593 illic
1138 3543 1294 3593 verbis
1325 3544 1471 3593 utitur
1504 3543 1833 3604 (Rhenanus).

720 3614 946 3663 Rhenano
996 3611 1268 3662 adsentiunt
1313 3610 1544 3661 baronius
1589 3612 1758 3662 Annal.
1795 3612 1834 3673 l,

722 3697 768 3746 p.
805 3679 920 3730 508.
972 3687 1021 3730 et
1062 3680 1127 3729 La
1166 3678 1318 3729 Cet-da
1364 3678 1604 3743 „pacem“
1653 3680 1714 3728 de
1759 3679 1834 3729 in-

721 3747 960 3810 dulgentia
1020 3746 1405 3811 interpretantes.
1485 3747 1618 3796 Addo
1674 3747 1836 3797 locum

721 3830 776 3866 ex
823 3816 932 3865 libri
966 3814 1033 3864 De
1069 3815 1295 3865 pudicitia
1333 3829 1438 3879 cap.
1474 3812 1554 3864 22.
1610 3814 1834 3876 „Domini

722 3884 881 3943 enim,
927 3896 1025 3931 non
1061 3882 1224 3936 famuli
1268 3889 1341 3932 est
1375 3882 1449 3932 ius
1485 3890 1533 3931 et
1566 3883 1835 3944 arbitrium,

722 3952 797 4001 dei
835 3950 1013 4016 ipsius,
1066 3964 1162 3999 non
1214 3950 1494 4000 sacerdotis.
1561 3951 1618 3999 At
1654 3958 1703 3999 tu
1739 3951 1834 3999 iam

723 4028 771 4069 et
806 4020 852 4069 in
889 4024 1119 4079 martyras
1162 4023 1271 4066 tuos
1320 4018 1524 4067 effundis
1573 4018 1698 4067 hanc
1743 4033 1835 4082 po-

723 4093 972 4136 testatem:
1027 4090 1078 4132 ut
1136 4084 1338 4148 quisque
1399 4100 1453 4134 ex
1515 4086 1836 4135 consensione

624 4155 635 4164 ‘
724 4152 906 4204 vincula
940 4150 1093 4201 induit
1126 4151 1471 4214 adhucmollia,
1507 4153 1555 4203 in
1592 4167 1712 4203 novo
1751 4168 1837 4204 cu-

723 4221 907 4270 stodiae
943 4218 1153 4278 nomine,
1189 4219 1345 4268 statim
1381 4220 1595 4271 ambiunt
1630 4221 1836 4283 moechi,

723 4286 884 4337 statim
942 4285 1118 4334 adeunt
1166 4285 1506 4348 fornicatores,
1571 4289 1667 4338 iam
1721 4303 1837 4353 pre-

725 4368 804 4405 ces
842 4354 1219 4412 circumsonant:
1250 4355 1342 4402 iam
1378 4355 1602 4405 lacrimae
1629 4358 1836 4407 circum-

676 4429 944 4484 ,stagnant
1001 4420 1221 4469 maculati
1281 4422 1543 4486 cuiusque,
1610 4438 1702 4475 uec
1752 4425 1835 4473 ulli

726 4488 876 4552 magis
911 4488 1090 4537 aditum
1127 4489 1330 4537 carceris
1375 4490 1642 4550 redimunt,
1696 4507 1840 4555 quam

724 4558 806 4623 qui
874 4555 1125 4606 ecclesiam
1192 4556 1515 4620 perdiderunt.
1597 4558 1841 4609 Violantur

725 4625 809 4674 viri
863 4639 920 4674 ac
974 4624 1177 4673 feminae
1232 4626 1279 4675 in
1328 4625 1539 4677 tenebris
1591 4625 1735 4689 plane
1784 4641 1839 4677 ex

726 4707 815 4741 usu
853 4691 1098 4742 libidinum
1125 4692 1290 4754 uotis,
1339 4702 1387 4743 et
1435 4707 1602 4758 pacem
1653 4693 1712 4742 ab
1765 4693 1839 4745 bis

1933 1724 2183 1782 quaerunt,
2233 1715 2314 1780 qui
2350 1715 2410 1765 de
2444 1728 2532 1764 sua
2567 1715 2914 1779 periclitantur.
2958 1719 3055 1771 Alii

1931 1785 2001 1834 ad.
2028 1784 2221 1834 metalla
2257 1783 2563 1845 confugiunt,
2606 1791 2653 1833 et
2686 1784 2797 1834 iude
2832 1800 3055 1836 commu-

1931 1852 2170 1903 nicatores
2206 1858 2519 1910 revertuntur,
2559 1851 2636 1901 nbi
2659 1852 2751 1902 iam
2771 1852 2899 1903 aliud
2921 1869 3068 1903 mar-2

1918 1920 2103 1984 'tyrium
2141 1919 2463 1969 necessarium
2492 1926 2566 1968 est
2582 1919 2770 1969 delictis
2789 1929 2901 1984 post
2920 1936 3054 1971 mar-

1931 1988 2105 2052 tyrium
2139 1986 2287 2036 novis.
2358 1986 2449 2045 Qui
2497 1986 2626 2036 enim
2660 1988 2708 2036 in
2744 1988 2886 2038 terris
2920 1997 2969 2039 et
3003 1990 3055 2039 iu

1934 2069 2077 2105 carne
2107 2054 2211 2103 sine
2258 2050 2443 2118 culpa?
2492 2055 2599 2118 quis
2628 2065 2823 2119 'martyr
2869 2056 3055 2107 saeculi

1933 2122 2118 2177 incola,
2165 2121 2375 2172 denariis
2426 2122 2659 2186 supplex,
2721 2125 2906 2174 medico
2959 2125 3052 2174 ob-

1933 2191 2102 2241 noxius
2137 2196 2186 2241 et
2219 2185 2560 2239 funeratoriY‘
2612 2189 2830 2242 Liberius
2867 2191 2915 2242 iu
2934 2192 3053 2258 Epi-

1933 2257 2059 2309 stola
2114 2265 2367 2321 antequam
2422 2257 2510 2306 iret
2563 2256 2610 2306 iu
2679 2258 2870 2309 exilium
2942 2275 3055 2310 cum

1933 2340 2080 2390 supra
2115 2325 2393 2375 sacerdotes
2430 2324 2627 2376 dixisset
2645 2326 2921 2389 designatos
2942 2343 3056 2379 esse

1936 2394 1997 2443 ad
2045 2388 2350 2457 martyrium⁸,
2412 2393 2586 2442 subicit
2640 2395 2840 2454 „Estote
2892 2397 3055 2462 itaque

1933 2461 1993 2511 de
2029 2461 2352 2524 promissione
2389 2460 2583 2510 caelesti
2618 2463 2805 2522 securi,
2857 2470 2906 2513 et
2940 2465 3054 2528 quia

1931 2529 2250 2593 proximiores
2306 2529 2422 2578 estis
2486 2528 2579 2578 deo
2636 2531 2788 2580 effecti
2805 2566 2819 2591 ,
2880 2531 3056 2582 vestris

1932 2596 2227 2646 orationibus
2274 2607 2351 2646 me
2396 2604 2604 2645 vestrum
2641 2598 3056 2663 consacerdotem,

1914 2664 2165 2714 ‘famulum
2202 2664 2279 2715 dei
2315 2664 2373 2713 ad
2409 2665 2553 2714 deum
2599 2665 2895 2716 sublevate.“
2959 2668 3055 2734 Cy-

1931 2733 2087 2796 prian.
2123 2731 2277 2795 Epist.
2294 2732 2383 2781 XV.
2422 2732 2577 2790 „Cum
2613 2747 2696 2782 vos
2732 2733 2792 2784 ad
2828 2735 3056 2786 melitte-

1933 2814 2012 2849 ras
2048 2799 2342 2858 direxeritis,
2397 2800 2571 2863 quibus
2618 2803 2875 2852 examinari
2919 2803 3058 2854 desi·

1933 2867 2065 2917 deria
2100 2875 2253 2917 vestra
2290 2874 2338 2915 et
2371 2866 2655 2931 quibusdam
2698 2869 2847 2934 lapsis
2881 2885 3056 2935 pacem

1934 2936 2037 2985 dari
2072 2934 2379 2999 postulatis.“
2449 2935 2596 2985 Paulo
2640 2945 2754 3001 post
2799 2938 2893 2998 „Et
2928 2954 3057 3003 quo-

1935 3004 2063 3053 niam
2100 3003 2260 3063 audio,
2315 3002 2561 3052 fortissimi
2598 3011 2646 3053 et
2680 3005 2914 3056 carissimi
2952 3008 3055 3057 l'ra-

1933 3079 2063 3130 tres,
2116 3070 2406 3134 impudentia
2443 3084 2525 3120 vos
2560 3073 2858 3136 quorundam
2896 3077 3057 3139 premi

1936 3145 1984 3187 et
2016 3138 2347 3188 verecundiam
2393 3146 2599 3188 vestram
2646 3141 2735 3190 vim
2782 3142 2909 3205 pati,
2963 3157 3058 3193 oro

1934 3205 2019 3255 vos
2055 3206 2228 3268 quibus
2266 3219 2465 3268 possum
2511 3207 2764 3269 precibus,
2812 3217 2863 3260 ut
2909 3224 3057 3261 evan-

1936 3272 2048 3333 gelii
2084 3285 2325 3321 memores
2360 3280 2408 3321 et
2443 3274 2802 3325 considerantes
2837 3292 2961 3342 quae
3006 3287 3060 3330 et

1936 3338 2095 3402 qualia
2131 3339 2176 3388 in
2214 3340 2521 3404 praeteritum
2558 3350 2887 3395 antecessores
2912 3348 3059 3397 vestri

1937 3414 2168 3471 martyres
2202 3409 2556 3468 concesserint,
2596 3425 2738 3474 quam
2773 3412 2965 3462 solliciti
3001 3413 3056 3465 in

1936 3475 2158 3524 omnibus
2195 3475 2386 3535 luerint,
2421 3490 2504 3525 vos
2540 3491 2731 3542 qnoque
2764 3480 2970 3531 sollicite
3006 3491 3058 3533 et

1936 3552 2073 3592 caute
2125 3545 2386 3607 petentium
2452 3544 2688 3595 desideria
2755 3548 3056 3612 ponderetis,

1934 3618 2100 3675 utpote
2137 3612 2273 3661 amici
2312 3612 2519 3671 domini,
2568 3622 2616 3663 et
2649 3628 2757 3663 cum
2792 3616 2877 3665 illo
2913 3624 3054 3681 post-

1935 3679 2151 3728 modum·
2183 3679 2432 3729 iudicaturi
2479 3679 2743 3744 inspiciatis
2790 3691 2838 3733 et
2891 3692 3053 3736 actum

1936 3754 1984 3795 et
2034 3761 2180 3810 opera
2229 3755 2288 3796 et‘
2331 3747 2500 3797 merita
2556 3748 3052 3820 singulorum‘fisqq.

1936 3813 2005 3863 ld.
2043 3814 2192 3879 Epist.
2229 3815 2319 3865 XX.
2368 3816 2522 3876 „item
2554 3829 2666 3866 cum
2703 3820 3051 3883 comperissem

1936 3895 2021 3931 eos
2081 3883 2160 3946 qui
2228 3882 2476 3945 sacrilegis
2530 3886 2827 3935 contactibus
2878 3901 3052 3939 manus

1936 3961 2053 3998 suas
2088 3958 2229 4014 atque
2264 3965 2348 4001 ora
2386 3951 2707 4003 maculassent
2734 3955 2805 4002 vel
2832 3955 3053 4007 nefandis

1936 4016 2113 4067 libellis
2150 4018 2459 4069 nibilominus
2494 4020 2833 4071 conscientiam
2884 4022 3051 4086 pollu-

1936 4084 2116 4145 issent,
2172 4087 2411 4136 exambire
2458 4087 2517 4137 ad
2563 4096 2793 4151 martyres
2846 4093 3051 4154 passim,

1938 4154 2244 4203 confessores
2294 4168 2484 4219 quoque
2528 4156 2800 4219 importuna
2847 4167 2894 4208 et
2939 4173 3052 4221 gra-

1933 4220 2060 4271 tiosa
2094 4221 2429 4286 deprecatione
2463 4237 2801 4287 corrumpere,
2849 4236 2901 4276 ut
2946 4226 3054 4278 sine

1937 4288 2036 4338 ullo
2085 4289 2357 4339 discrimine
2405 4298 2547 4354 atque
2581 4293 2797 4343 examine
2832 4294 3050 4358 singulo-

1935 4370 2043 4405 rum
2079 4357 2305 4414 dareutur
2339 4357 2551 4421 quotidie
2596 4353 2897 4412 libellorum*
2919 4363 3048 4413 milia

1937 4430 2102 4473 contra
2139 4424 2365 4484 evangelii
2398 4424 2589 4487 legem“
2624 4442 2731 4493 sqq.

2006 4506 2067 4539 m.
2116 4491 2155 4539 si
2205 4487 2352 4557 sorte]
2398 4492 2510 4543 Vide
2556 4510 2679 4559 quae
2725 4495 2939 4545 adnotavi
2987 4497 3049 4548 ad

1937 4556 2005 4608 De
2042 4558 2231 4608 Corona
2265 4574 2369 4625 cap.
2404 4559 2451 4610 5.

2008 4625 2123 4689 Cap.
2160 4626 2217 4676 ll.
2289 4641 2332 4677 a.
2368 4642 2520 4694 usque
2554 4628 2613 4678 ad
2640 4628 2785 4678 limen
2814 4629 3047 4696 carceris]

1938 4693 2043 4745 Non
2091 4690 2215 4743 ultra
2263 4695 2407 4748 limen
2465 4696 2670 4748 carceris
2723 4697 3051 4752 comitarerint
