3263 5311
729 380 811 443 84
1240 391 1442 443 QUINTI
1489 388 1751 435 serrum
1795 387 2125 433 nolimus
2172 386 2565 431 Taurunum

726 542 1139 634 ¹¹sacrificigm
1209 539 1506 601 idolorum
1591 538 1766 599 etiam
1849 538 2195 600 homiuibus
2270 537 2341 598 ad
2413 537 2751 616 pigmenta·
2815 532 3069 599 medici-

728 644 901 719 nalia,
947 643 1122 705 nobis
1165 660 1398 720 quoque
1440 641 1685 719 insuper
1726 639 1799 700 ad
1844 639 2050 700 solatia
2096 636 2464 729 sepulturaef
2503 637 2643 698 usui
2684 645 2841 698 sunt.
2894 635 3074 699 Certe

730 764 862 808 cum
906 762 1178 826 pompae,
1223 760 1354 802 cum
1397 740 1756 814 sacerdotia,
1814 759 1948 800 cum
1992 738 2277 800 sacrificia
2315 738 2610 799 idolorum
2644 738 2726 799 ‘de
2766 736 3074 817 perimitis,

712 847 803 911 ,de
846 844 1096 915 damni5‚
1142 844 1215 904 de
1258 841 1672 914 incommodiS,
1719 840 1793 900 de
1837 839 2319 918 cogitationibus,
2371 839 2445 899 de
2489 837 2857 900 discursibus
2901 839 3072 898 ¹²ne-

729 943 1224 1023 gotiationibusve
1280 943 1686 1014 instruuntur,
1762 940 1903 1019 quid
1957 939 2113 1000 aliud
2167 959 2340 1018 qnam
2379 946 2731 1020 procurator
2772 937 3076 999 idolorum

731 1042 1208 1106 demonstraris?
1294 1042 1481 1103 Nemo
1526 1041 1882 1102 contendatss
1923 1058 2110 1120 posse
2161 1039 2280 1100 hoc
2334 1040 2513 1100 modo
2558 1039 2833 1102 omnibus
2873 1056 3075 1117 nego-

727 1144 1075 1206 tiationibus
1108 1144 1578 1204 controversiam
1606 1142 1756 1203 fieri.
1831 1140 2111 1201 Graviora
2140 1140 2349 1202 delicta
2375 1156 2641 1219 quaeque
2682 1159 2793 1219 pro
2835 1139 3075 1218 magni-

728 1244 931 1305 tudine
974 1244 1219 1324 periculi
1264 1243 1621 1321 diligentiam
1666 1241 1987 1303 extendunt
2030 1240 2497 1316 observationis,
2560 1247 2628 1300 ut
2678 1258 2802 1302 non
2857 1239 2929 1299 ab
2973 1238 3076 1301 his

727 1353 955 1406 tantum
1000 1343 1406 1417 abscedamuS,
1456 1343 1563 1404 sed
1607 1350 1666 1404 et
1708 1342 1779 1403 ab
1824 1341 1896 1402 iis
1938 1361 2048 1420 per
2101 1361 2251 1421 quae
2302 1343 2472 1403 fiunt.
2558 1340 2723 1401 Licet
2776 1339 2938 1400 enim
2993 1338 3077 1399 ab

728 1445 855 1506 aliis
900 1446 1019 1519 fiat,
1065 1463 1185 1504 non
1232 1444 1502 1516 interest,
1549 1443 1653 1503 ¹³si
1696 1422 1804 1522 per
1847 1462 1962 1504 me.
2042 1444 2110 1503 In
2154 1443 2315 1504 nullo
2357 1440 2734 1502 necessarius
2777 1458 2914 1500 esse
2957 1439 3075 1499 de-

729 1545 844 1606 beo
889 1545 1020 1617 alii,
1077 1564 1209 1605 cum
1251 1544 1390 1605 facit
1430 1543 1587 1623 quod
1633 1543 1778 1604 mihi
1822 1562 1943 1604 non
1986 1544 2140 1604 licet.
2227 1543 2315 1604 Ex
2356 1541 2504 1614 hoc,
2564 1540 2726 1620 quod
2764 1548 2937 1601 vetor
2974 1538 3076 1599 fa-

730 1664 889 1718 cere,
933 1645 1271 1723 intellegere
1314 1643 1503 1704 debeo
1551 1644 1873 1705 curandum
1915 1644 2057 1705 mihi
2103 1663 2270 1717 esse,
2326 1662 2402 1704 ne
2443 1642 2544 1702 flat
2595 1660 2702 1720 per
2744 1659 2860 1701 me.
2945 1639 3074 1700 De·

729 1743 951 1823 nique¹²
992 1744 1064 1805 in'
1098 1745 1208 1806 alia
1253 1764 1430 1805 causa
1472 1741 1593 1805 non
1637 1744 1877 1805 levioris
1919 1753 2118 1806 reatus
2151 1742 2574 1823 praeiudicium
2603 1741 2761 1802 istud
2792 1740 3076 1802 observo.

729 1843 876 1905 Nam
921 1844 1079 1923 quod
1123 1844 1267 1905 mihi
1312 1845 1387 1906 de
1431 1854 1640 1923 stupro
1696 1844 2069 1906 interdictum
2113 1845 2223 1918 sit,
2289 1843 2418 1905 aliis
2463 1842 2536 1904 ad
2580 1860 2710 1902 eam
2750 1859 2879 1902 rem
2920 1840 3075 1901 nihil

730 1953 832 2007 aut
888 1963 1104 2022 operae
1158 1953 1259 2006 aut
1312 1944 1711 2006 conscientiae
1765 1945 2037 2005 exhibeo.
2122 1944 2271 2005 Nam
2341 1944 2500 2023 quod
2570 1941 2762 2021 ipsam
2832 1960 3075 2003 carnem

727 2063 919 2106 meam
963 2064 996 2105 a
1040 2044 1419 2123 lupanaribus
1467 2044 1802 2123 segregavi,
1860 2063 2118 2123 agnosco
2180 2063 2275 2105 me
2319 2062 2514 2123 neque
2555 2042 2912 2104 lenocinium
2951 2060 3073 2103 ne-

727 2163 842 2224 que
887 2144 947 2205 id
991 2162 1179 2223 genus
1224 2146 1546 2206 ¹‘’locorum
1590 2145 1834 2233 alterius
1881 2164 2052 2206 causa
2099 2162 2374 2206 exercere
2416 2161 2621 2223 posse.
2709 2143 2809 2204 Sic
2850 2151 2909 2204 et
2945 2143 3073 2203 ho-

723 2245 946 2307 micidii
1004 2244 1337 2306 interdictio
1396 2245 1658 2307 ostendit
1710 2245 2179 2323 mihi-lanistam
2229 2263 2465 2324 quoque
2510 2243 2635 2304 ¹³ab
2679 2243 2925 2304 ecclesia
2966 2262 3072 2303 ar-

725 2345 878 2406 ceri:
939 2345 1105 2408 ¹⁶nec
1158 2365 1267 2425 per
1321 2365 1389 2407 se
1443 2365 1565 2407 non
1621 2346 1797 2407 saciet
1840 2347 1997 2425 quod
2041 2346 2373 2407 faciendum
2415 2344 2584 2405 ¹⁷alio
2639 2342 3075 2405 subministrat.

724 2443 877 2507 Ecce
919 2445 1105 2524 magis
1146 2446 1484 2526 proximum
1526 2445 1971 2527 praeiudicium.
2045 2447 2107 2507 Si
2150 2446 2516 2526 publicarum
2558 2445 2924 2506 victimarum
2965 2463 3072 2505 re-

726 2545 1002 2625 demptor
1043 2545 1117 2606 ad
1162 2546 1336 2607 [idem
1378 2548 1631 2620 accedat,
1678 2546 1988 2626 permittes
2034 2547 2142 2607 ¹⁸ei
2184 2547 2245 2607 in
2290 2564 2364 2606 eo
2406 2546 2646 2623 negotio
2676 2544 3075 2625 permanere?

725 2645 844 2709 Aut
886 2646 941 2710 si
985 2645 1102 2711 iam
1143 2646 1333 2712 fidelis
1376 2647 1439 2710 id
1480 2668 1656 2729 agere
1700 2647 2049 2728 susceperit,
2092 2646 2468 2711 retinendum
2512 2646 2627 2709 ι’ἰιι
2671 2644 2920 2746 ecclesia
2951 2663 3072 2725 pu-

732 2817 813 2867 11.
849 2818 911 2868 ad
945 2818 1234 2869 sacrificium
1274 2821 1319 2869 b.
1353 2820 1431 2871 Fr.
1488 2820 1667 2880 Iunius,
1715 2820 1782 2868 La
1819 2819 1977 2868 circla.
2084 2815 2162 2866 12.
2199 2816 2644 2878 negationibnstnae
2678 2812 2778 2877 Αβ.
2851 2814 3074 2877 negatio·

728 2882 952 2936 nissiuae
986 2882 1100 2950 Αφ.
1214 2885 1291 2936 13.
1330 2887 1420 2936 nisi
1456 2901 1545 2950 per
1578 2888 1653 2936 Fr.
1689 2887 1867 2936 Iunius.
1975 2885 2053 2935 14.
2090 2884 2308 2934 locorum
2343 2886 2430 2935 AB.
2500 2885 2686 2933 lucrum
2722 2883 2905 2945 reliqui.
2990 2882 3074 2931 15.

694 2953 789 3003 ·ab
826 2954 1001 3002 ecleasi
1037 2951 1153 3018 Αφ.
1207 2953 1345 3004 Notat
1379 2953 1730 3005 Hildebrandus'
1770 2955 1998 3015 syllabam
2046 2953 2089 3001 si
2140 2968 2318 3002 erasum
2352 2967 2469 3001 esse.
2539 2951 2598 2998 ab
2647 2950 2778 2998 aclea
2811 2945 2910 3010 Αβ.
2993 2949 3075 2999 16.

728 3033 820 3068 nec
854 3036 1001 3085 posse
1038 3036 1133 3070 non
1167 3022 1256 3071 AB.
1399 3021 1477 3072 17.
1511 3022 1607 3072 alio
1642 3022 1693 3072 A.
1775 3021 1898 3071 alios
1932 3020 1986 3070 B.
2069 3018 2175 3086 aliis
2209 3021 2393 3083 reliqui.
2535 3016 2613 3067 18.
2651 3017 2696 3066 ei
2730 3031 2839 3065 meo
2875 3018 3075 3079 negotio

728 3083 828 3148 Δρ.
940 3087 1019 3137 19.
1056 3087 1232 3137 eclesia
1268 3084 1370 3150 Ap.
3005 3101 3030 3110 -

798 3230 842 3266 e.
889 3213 1159 3282 pigmenta]
1207 3218 1329 3268 Nam
1377 3227 1424 3269 et
1468 3219 1711 3283 pigmenta
1748 3228 1861 3270 sunt
1944 3235 2163 3286 quaeque
2182 3219 2353 3269 delicta
2375 3218 2469 3268 boc
2491 3217 2684 3279 bahent,
2702 3224 2756 3268 ut
2775 3231 2863 3281 pro
2883 3218 3074 3279 magni-

730 3283 865 3332 ntilia
924 3284 1205 3333 medicinae.
1277 3285 1409 3335 Unde
1462 3293 1509 3336 et
1557 3287 1861 3349 pigmentarii
1946 3289 2109 3337 tudine
2146 3286 2347 3351 periculi
2383 3286 2638 3336 extendant
2671 3293 2973 3348 augeantqne
2999 3285 3074 3334 di-

730 3349 845 3398 dicti
892 3350 1314 3413 pharmacopolae.
1383 3353 1474 3402 lul.
1522 3353 1712 3403 firmic.
1751 3354 1860 3404 Mat.
1945 3354 2188 3416 ligentiam
2256 3361 2304 3404 et
2372 3357 2641 3408 cautionem
2706 3351 3074 3409 observationis,

727 3414 851 3492 Vlll,
903 3415 984 3464 17.
1044 3418 1363 3482 „Quicunque
1421 3420 1512 3469 sub
1560 3422 1654 3469 hoc
1699 3420 1861 3471 sidere
1945 3429 1997 3470 ut
2043 3436 2137 3470 non
2187 3422 2344 3470 solnm
2392 3420 2585 3468 abillis
2623 3419 2869 3483 patrandis
2905 3434 3076 3468 cavea—

730 3490 831 3531 nati
864 3483 1072 3543 fuerint,
1121 3483 1262 3533 Marsi
1299 3495 1454 3546 erunt,
1491 3487 1560 3536 vel
1599 3488 1679 3551 qui
1715 3503 1859 3536 vcna-
1945 3502 2072 3548 mnS,
2107 3488 2193 3537 sed
2228 3489 2368 3538 etiam
2406 3503 2432 3535 a
2471 3486 2658 3545 inediis,
2710 3487 2885 3550 quibus
2920 3486 2985 3535 ad
3021 3500 3076 3535 ca

730 3549 807 3598 nis
843 3563 897 3598 ex
935 3550 1189 3601 herbarum
1222 3554 1467 3615 piymeiitis
1511 3555 1744 3603 confectis
1777 3570 1859 3603 sa·
1945 3556 2234 3617 pervenitur.
2305 3554 2560 3604 verissime
2623 3553 2729 3602 boc.
2800 3553 2923 3611 Quia
2976 3566 3076 3602 non

727 3616 900 3666 lutaria
939 3617 1127 3667 soleant
1162 3619 1435 3682 nominibus
1477 3621 1688 3670 remedia
1725 3636 1858 3670 com·
1945 3621 2104 3670 solum
2165 3630 2296 3670 vetor
2357 3628 2461 3670 tura
2519 3620 2662 3669 idolis
2721 3621 2926 3678 offerre,
2986 3619 3076 3668 sed

729 3684 958 3747 parare.“
1031 3685 1273 3746 pigmenta
1312 3688 1454 3736 etiam
1492 3688 1653 3737 dixere
1690 3689 1859 3737 condi·
1946 3691 2087 3737 etiam
2109 3689 2328 3748 vendere,
2349 3703 2409 3737 ne
2428 3687 2508 3736 alii
2527 3688 2745 3737 offerant.
2782 3688 2866 3746 (La
2881 3687 3074 3745 Cei-da.)

730 3758 908 3800 menta.
958 3751 1173 3802 Cassian.
1201 3753 1370 3803 Collat.
1396 3755 1487 3815 XV,
1516 3754 1562 3804 3.
1604 3756 1860 3817 „Corpora
1901 3799 1906 3814 ,
2013 3772 2059 3819 b.
2108 3767 2348 3836 nonique]
2399 3771 2460 3820 Ui
2494 3785 2591 3819 nno
2628 3771 2848 3833 exemplo
2883 3770 3073 3831 fungar·

728 3825 1054 3932 ῗῦζηξῖθΐῦψ,
1076 3822 1322 3896 P'sstmfflm
1367 3821 1557 3871 ⁰⁰¹¹dst⁸
1593 3821 1858 3912 ¹0d⁰¹²²¹¹¹5g
1944 3837 2019 3888 ci.
2055 3838 2216 3889 adnot.
2254 3839 2314 3888 ad
2349 3838 2418 3887 De
2453 3838 2644 3887 Corona
2679 3851 2784 3899 cap·
2820 3834 2867 3884 3.

859 3899 905 3934 in
942 3886 1225 3936 editioribus
1261 3887 1449 3938 cellulis
1480 3889 1819 3938 recondantur.

731 3949 815 3999 Sic
872 3951 1013 4001 etiam
1072 3953 1223 4002 Exodi
1283 3970 1388 4018 cap.
1425 3954 1505 4006 37.
1567 3955 1659 4005 sub
1714 3957 1857 4004 tinem

731 4029 893 4079 „opus
927 4019 1263 4079 pigmentarii¹‘
1300 4023 1473 4072 dicitur
1498 4022 1628 4086 qnod
1652 4023 1859 4086 Septua-

732 4084 859 4142 ginta
895 4075 1061 4149 ἔργον
1090 4086 1362 4152 μυρεψοῦ.
1398 4088 1609 4150 (Rigalt.)

2012 3921 2041 3968 i.
2081 3917 2201 3985 alio]
2245 3921 2374 3972 Haec
2407 3928 2481 3970 est
2513 3922 2751 3984 scriptura
2785 3918 3073 3980 Agebardini
3107 3975 3112 3979 ⁴

1946 3987 2267 4052 libri,·qnam
2303 3989 2350 4038 in
2389 3989 2498 4037 aliis
2534 3995 2717 4036 mutare
2752 4000 2862 4035 cnm
2900 3987 3073 4035 ceteris

1945 4055 2212 4104 editoribus
2247 4070 2304 4104 eo
2341 4055 2501 4103 minus
2551 4053 2819 4113 andebam,
2868 4068 2978 4102 cnm
3028 4054 3072 4101 in

994 4167 1004 4177 .
1338 4171 1348 4182 .
1391 4169 1398 4177 .
1817 4171 1828 4183 ,
1945 4121 2154 4170 editione
2200 4122 2419 4185 principe
2465 4123 2587 4171 alios
2637 4129 2798 4169 extare
2845 4119 3068 4169 viderem.

797 4165 833 4212 f·
892 4166 1033 4215 ”⁰5¹⁸
1090 4183 1283 4234 q⁰⁰q¹¹⁰
1337 4185 1534 4235 ¹¹¹⁸¹¹l³²r
1579 4172 1641 4221 δᾶ
1687 4171 1859 4221 ⁸⁰¹⁸¹¹⁸
1945 4189 2111 4252 Neque
2160 4198 2272 4238 sunt
2317 4190 2427 4237 talia
2475 4179 2656 4236 teriiere
2704 4187 2992 4248 corrigenda
3027 4187 3070 4234 in

702 4229 1033 4318 ¹⁸⁰P⁰¹²⁰¹⁸⁸01
1070 4234 1142 4284 Cf·
1177 4237 1379 4300 390108·
1417 4253 1521 4302 ⁰⁸9·
1558 4238 1644 4288 42·
1945 4258 2183 4319 scriptore
2233 4264 2327 4304 tam
2374 4254 2591 4319 proprii,
2641 4262 2736 4302 tam
2787 4255 2983 4302 audacis
3029 4259 3073 4299 et

799 4328 842 4375 g.
891 4313 1041 4364 Nemo
1078 4315 1358 4384 contendat]
1406 4321 1556 4370 Nemo
1603 4328 1740 4384 putet
1775 4336 1858 4371 cx·
1943 4321 2199 4371 insolentis
2225 4323 2350 4382 stili,
2400 4337 2542 4386 quam
2580 4321 2922 4369 Tertullianus.
2984 4320 3070 4368 Fe·

728 4382 934 4444 pugnari
968 4397 993 4430 a
1031 4398 1106 4432 nie
1143 4387 1483 4447 negotiatores
1521 4403 1662 4436 nemo
1694 4389 1829 4438 existi
1941 4390 2152 4438 miiiinae
2199 4391 2384 4438 t'orinac
2432 4388 2572 4437 dativi
2619 4389 2742 4437 aliae
2788 4401 2883 4435 non
2920 4398 3072 4450 panca

728 4454 829 4525 met
853 4451 1050 4498 ⁶1noveri
1093 4466 1117 4499 a
1157 4465 1233 4500 me
1270 4453 1401 4500 litem
1438 4463 1601 4502 conti-n
1641 4456 1857 4515 negotia·
1940 4457 2248 4520 reperiuntur
2272 4456 2487 4519 exempla
2522 4454 2590 4502 vel
2613 4455 2737 4516 apud
2764 4455 2921 4502 bonae
2943 4461 3068 4501 aeta-

726 4520 885 4564 tiones
921 4517 1157 4574 absolute,
1211 4519 1346 4582 qnasi
1383 4519 1502 4567 istae
1538 4521 1707 4568 vetitae
1744 4525 1854 4571 sint.
1941 4530 2002 4571 tis
2049 4525 2343 4586 scriptorcS,
2403 4522 2697 4571 masculinae
2747 4535 2891 4569 unuin
2929 4531 3068 4583 prae-

727 4580 889 4643 Absit,
948 4596 1045 4631 non
1102 4584 1211 4632 ideo
1267 4585 1407 4633 facio.
1490 4587 1585 4662 §ed
1639 4589 1854 4648 graviora
1940 4589 2022 4638 bet
2055 4591 2304 4653 inscriptio
2347 4605 2426 4653 ap.
2464 4591 2683 4648 eoiugno
2719 4587 2861 4637 Mem.
2898 4587 2948 4635 di
2983 4585 3068 4633 Ve-
