3263 5311
1184 456 1260 500 DE
1305 456 1619 502 rumam.

2450 442 2575 510 807

228 606 380 671 esth.
425 604 608 669 'Cum
633 605 936 687 putaveris
959 614 1120 670 recte
1140 606 1970 688 conciliassetemperameuta
1991 606 2328 672 'colorum‘
2354 618 2414 673 et
2438 629 2575 674 cre-

224 707 451 772 dideris
481 706 959 789 comparationes
990 725 1196 771 eorum
1226 708 1384 772 inter
1407 726 1475 771 se
1501 706 1874 770 “animasse'¹
1909 707 2194 784 ‘erudite‚
2236 728 2373 772 mox
2401 719 2575 774 utro-

227 828 342 892 que
371 827 628 891 corpore
669 817 730 871 et
769 807 1093 871 luminibus
1138 809 1441 890 expressis
1472 826 1742 872 errorem
1772 826 2011 873 omnem
2041 809 2340 874 ‘traducta
2376 811 2576 876 diver-

229 912 375 974 sitas
406 917 694 974 evomet0.
759 908 982 972 Eadem
1009 910 1207 990 itaque
1251 909 1496 991 caligine
1537 910 1693 973 circa
1733 910 1993 976 filiorum
2036 929 2274 992 quoque
2317 913 2571 978 duorum

223 1010 567 1093 parabolam
590 1011 945 1092 quibusdam
970 1011 1042 1073 ad
1071 1027 1359 1089 praesens
1391 1011 1912 1076 concolorantibus
1944 1010 2186 1092 figuris¹
2210 1032 2244 1075 a
2273 1031 2414 1076 vero
2444 1015 2575 1077 ''lu-

223 1114 388 1176 m'me
432 1111 765 1176 exorbitant
806 1111 936 1175 eius
980 1111 1441 1193 comparationis
1497 1131 1674 1194 quam
1726 1113 2041 1194 parabolae
2096 1114 2341 1177 materia
2393 1133 2575 1196 prae-

224 1213 391 1309 texit.
490 1214 654 1276 Duos
711 1212 869 1275 euim
922 1212 1182 1294 populos
1248 1213 1312 1278 in
1374 1213 1611 1276 duobus
1676 1214 1812 1278 filiis
1877 1214 2199 1290 collocant,
2272 1214 2574 1278 Iudaicum

220 1314 544 1392 maiorem,
602 1313 1001 1377 Christianum
1042 1313 1359 1377 minorem.

1456 1313 1580 1377 Nec
1640 1316 1798 1377 enim
1843 1323 2103 1397 possunt
2143 1315 2355 1379 exinde
2399 1315 2574 1379 Chri-

223 1416 483 1480 stianum
526 1424 900 1497 peccatorem
942 1414 1003 1475 in
1048 1414 1168 1476 filio
1211 1415 1446 1476 minore
1469 1403 1800 1497 'disponere
1829 1416 2059 1480 veniam
2091 1425 2569 1492 consecuturum,

219 1517 346 1579 nisi
391 1516 454 1578 iu
493 1517 756 1579 ‘maiore
796 1515 1097 1578 Iudaicum
1141 1516 1560 1596 expresserint.
1640 1516 1869 1579 Porro·
1914 1517 1966 1581 si
2009 1517 2310 1580 Iudaicum
2357 1527 2570 1581 osten-

221 1618 375 1680 dero
420 1617 669 1681 deiicere
712 1636 745 1680 a
790 1618 1227 1698 comparatione
1270 1617 1373 1680 filii
1412 1619 1688 1693 maioris,
1735 1627 2171 1698 consequenter
2213 1618 2419 1698 utique
2462 1636 2574 1681 nec

224 1718 600 1782 Christianus
644 1718 984 1781 admittetur
1024 1719 1099 1780 de
1142 1718 1608 1799 configuratione
1664 1719 1769 1781 filii
1824 1719 2100 1782 minoris.
2189 1717 2358 1781 Licet
2414 1718 2573 1781 enim

217 1820 386 1884 filius
427 1819 626 1882 audiat
666 1828 727 1882 et
764 1819 1018 1882 Iudaeus
1064 1828 1123 1882 et
1166 1819 1390 1893 maior,
1434 1818 1572 1898 quia
1612 1819 1781 1898 prior
1822 1820 1885 1882 in
1929 1819 2279 1901 adoptione,
2331 1818 2471 1882 licet
2513 1827 2574 1882 et
2596 1837 2858 1892 nomme.

219 1920 567 1984 Christiano
609 1920 1151 1985 reconciliationem
1208 1920 1305 1982 dei
1361 1920 1547 2001 patris
1603 1920 1892 1995 invideat,
1958 1919 2118 2001 quod
2171 1919 2262 1980 vel
2319 1919 2573 1985 maxime

217 2022 462 2085 diversa
504 2040 644 2103 pars
687 2021 941 2102 ἐει-μὴ,
996 2019 1100 2084 sed
1145 2039 1269 2082 non
1314 2021 1427 2082 erit
1468 2020 1669 2083 Iudaei
1716 2021 1937 2084 dictum
1983 2021 2054 2083 ad
2096 2028 2357 2102 patrem:
2421 2022 2574 2085 Ecce
2589 2040 2877 2094 Lumxvm.

219 2124 430 2204 ¹⁰quot
472 2122 645 2186 annis
692 2122 800 2190 tibi
840 2121 1068 2195 servio,
1131 2128 1191 2183 et
1244 2130 1623 2202 praeceptum
1681 2129 1848 2184 tuum
1890 2140 2192 2203 nunquam
2234 2122 2572 2203 praeterivi.

217 2224 478 2299 Quando
525 2223 683 2288 enim
724 2241 847 2286 non
890 2230 1306 2312 transgressor
1345 2221 1493 2302 legis
1530 2222 1821 2297 IudaeuS,
1868 2241 2011 2285 aure
2055 2223 2300 2285 audiens
2347 2232 2407 2285 et
2447 2241 2573 2285 non

211 2410 267 2463 2.
310 2424 424 2461 cum
461 2411 692 2474 putaverit
709 2413 760 2461 A.
845 2408 892 2459 3.
928 2409 1206 2459 seculorum
1224 2411 1275 2459 A.

1370 2408 1418 2458 4.
1454 2408 1697 2457 animasse
1718 2408 1792 2469 D„
1814 2408 1945 2459 Fulv.
1964 2408 2173 2458 Ursinus.
2243 2407 2467 2458 humasse
2492 2409 2571 2459 Fr.

210 2479 402 2530 lunius.
473 2491 661 2527 amasse
687 2477 810 2528 ABG.
897 2477 946 2526 5.
985 2476 1170 2527 erudite
1208 2492 1307 2539 eqo.
1378 2475 1565 2525 erudito
1601 2476 1714 2526 libri
1747 2490 1917 2525 omnes.
1988 2475 2333 2526 Hildebrandus
2358 2477 2570 2541 adApul.

206 2547 404 2598 fletam.
425 2543 1073 2610 V11,13.p.5·11.rescrtbit:
1106 2543 1309 2603 erudite,
1346 2557 1457 2593 mox
1492 2544 1539 2593 in
1577 2550 1784 2607 utroque
1820 2557 2027 2607 corpore
2054 2542 2330 2593 bominibus
2346 2550 2445 2595 ceu.
2518 2543 2568 2593 6.

209 2614 496 2667 traductum
531 2614 584 2666 A.
675 2611 723 2662 7.
761 2612 940 2662 liminis
975 2614 1026 2664 A.

203 2783 260 2835 P.
303 2783 371 2832 15
399 2777 500 2846 sq.]
555 2781 870 2845 „Purpureus
919 2780 1012 2831 late
1061 2782 1141 2845 qui
1178 2780 1346 2845 splen-

203 2851 326 2901 deat
376 2863 506 2898 unus
563 2856 611 2897 et
657 2849 780 2899 aiter
825 2847 1051 2898 Adsuitur
1100 2847 1347 2913 paunus.“

197 2916 504 2969 ArrianusE
542 2916 619 2965 ist.
641 2915 730 2975 t‚2
765 2905 944 2979 ,,Ἐγώ
982 2911 1043 2964 δὲ
1075 2908 1346 2982 πορφύρα

201 2973 355 3035 εἶναι
395 2931 681 3047 tiariferam,
720 2976 784 3029 τὸ
813 2976 999 3047 ὀλίγον
1022 2975 1213 3039 ἐκεῖνο,
1251 2975 1344 3029 καὶ

203 3044 503 3106 στιλπνὸν,
540 3043 775 3104 καὶτοῖς
811 3042 991 3103 ἄλλοις
1026 3043 1207 3098 αἴτιον
1245 3046 1341 3097 τοῦ

196 3111 458 3185 εὐπρεπῆ
481 3112 789 3183 φαίνεσθαι
806 3111 896 3165 καὶ
908 3110 1060 3165 καλά.
1073 3123 1112 3145 “
1127 3116 1341 3179 (Rigalt.)

195 3186 490 3240 Salmasius
525 3187 574 3235 in
608 3186 806 3250 Scriptt.
842 3186 965 3235 Hist.
999 3186 1116 3248 Aug.
1153 3184 1339 3248 p.50·1.

185 3271 424 3322 purpura
460 3255 640 3303 elevare
673 3261 853 3303 vestem
885 3260 933 3302 et
954 3268 1135 3318 purpura
1156 3252 1342 3304 oculare

192 3324 272 3374 sic
310 3323 451 3373 idem
490 3322 642 3370 fuisse
677 3321 761 3371 ait.
1073 3354 1080 3359 .

265 3391 322 3441 b.
362 3389 564 3440 evenire
594 3389 693 3448 est]
728 3388 809 3438 Sic
830 3386 979 3453 paulo
1009 3401 1157 3451 supra
1187 3384 1337 3449 cap?

190 3460 337 3521 „erit
378 3466 428 3506 et
464 3455 525 3504 de
561 3455 847 3519 perditionis
894 3468 1071 3517 genere
1116 3460 1341 3504 retracta-

189 3524 313 3577 re.“
393 3523 471 3574 Cl'.
509 3522 673 3572 adnot.
710 3522 768 3572 ad
805 3521 872 3571 Ad
910 3522 1034 3572 Natt.
1072 3520 1134 3581 11,
1155 3519 1203 3572 3.

268 3608 312 3642 c.
353 3598 496 3641 recte
531 3589 820 3640 conciliasse
838 3596 1216 3654 temperamenta
1255 3604 1339 3638 co-

189 3652 399 3725 lorum]
437 3657 520 3708 Sic
556 3656 639 3707 lib.
675 3657 744 3707 De
774 3656 926 3707 Pallio
963 3651 1092 3721 [cap.
1119 3651 1171 3720 1]
1210 3657 1338 3706 tuni-

191 3742 284 3778 cas
323 3728 377 3777 iu
420 3725 548 3774 fama
585 3725 737 3774 fuisse
772 3725 839 3774 ait
873 3723 969 3784 „de
1005 3723 1200 3773 luminis
1220 3738 1339 3773 con·

191 3793 378 3845 cilio.“
418 3790 634 3854 (Rigalt.)
694 3791 954 3842 Sciendum
991 3798 1066 3840 est
1100 3791 1188 3841 bas
1219 3791 1338 3840 Car-

187 3861 587 3924 thaginiensium
637 3860 823 3910 tunicas
874 3873 968 3908 nou
1018 3865 1169 3907 totum
1220 3872 1338 3922 pur-

189 3944 391 3993 pureas
424 3927 595 3987 fuisse,
632 3934 683 3976 ut
702 3927 895 3991 quidam
932 3925 1024 3976 sibi
1063 3925 1187 3975 falso
1224 3939 1341 3989 per·-

187 4001 492 4054 suaserunt‚
528 3993 615 4043 sed
651 4002 832 4043 tantum
869 4006 1085 4056 purpura
1118 3991 1340 4042 clavatas.

183 4066 286 4114 Ars
315 4064 463 4112 ‘baec
495 4068 600 4111 erat
634 4061 684 4110 in
703 4061 962 4125 purpureis
988 4059 1104 4109 vesti
1123 4059 1340 4109 intexen-

187 4131 293 4191 dis,
351 4136 408 4179 ut
447 4127 607 4179 clavus
655 4143 682 4178 a
718 4127 850 4178 clavo
900 4141 995 4177 nou
1046 4126 1340 4186 dissentiret,

188 4211 290 4247 nec
329 4196 551 4259 disparis
588 4202 718 4245 esset
762 4194 978 4255 luminis,
1029 4193 1115 4243 sed
1170 4207 1342 4243 omues

185 4265 412 4314 invicem
455 4262 741 4313 concolores
776 4260 1065 4312 examussim
1094 4275 1338 4325 poneren-

180 4339 294 4381 tur.
389 4328 564 4379 Plures
613 4330 739 4380 enim
791 4342 1113 4395 purpurarum
1161 4328 1339 4390 gradus

182 4406 240 4449 et
278 4396 508 4462 species.
576 4397 707 4446 Aliae
743 4397 908 4459 nigrae
942 4403 1074 4455 sunt,
1111 4396 1234 4445 aliae
1253 4410 1338 4445 ru-

179 4468 335 4523 brae,
381 4462 510 4512 aliae
546 4464 804 4523 violaceas,
844 4463 966 4513 aliae
1003 4463 1336 4524 saturatione,

178 4534 320 4584 aliae
336 4530 624 4591 dilutiores,
639 4530 874 4595 quaedam
890 4529 1334 4593 excitati,quaedam

179 4597 426 4652 adstricti
465 4598 663 4648 coloris.
710 4599 1030 4659 Summopere
1056 4598 1217 4660 itaque
1244 4597 1337 4646 boc

180 4668 466 4725 curabunt,
481 4673 532 4715 ut
545 4665 662 4717 clavi
691 4666 770 4731 qui
786 4662 996 4717 vestibus
1019 4664 1335 4714 insuebantur

1134 2610 1181 2663 8.
1219 2610 1451 2662 maiorem
1485 2612 1538 2663 A.
1625 2609 1675 2660 9.
1713 2610 1925 2676 carpitur
1958 2612 2009 2661 A.

2106 2609 2185 2661 10.
2224 2611 2481 2676 quotannis
2516 2612 2570 2662 A.

1448 2779 1630 2829 nullam
1678 2779 1858 2830 coloris
1893 2778 2211 2828 differentiam
2248 2779 2570 2842 praeferrent,

1446 2846 1536 2897 sed
1554 2854 1607 2897 ut
1625 2855 1791 2897 exacta
1807 2846 1988 2897 lumina
2020 2846 2144 2895 iuter
2169 2859 2224 2895 se
2246 2844 2570 2896 conciliaren-

1447 2921 1541 2964 tur.
1579 2914 1684 2964 Hoc
1717 2921 1853 2964 vocat
1866 2913 2192 2963 Tertullianus
2228 2913 2473 2965 concilium
2491 2914 2569 2963 lu-

1443 2984 1600 3041 minis,
1647 2982 1695 3032 id
1734 2988 1808 3031 est
1842 2979 2261 3030 conciliameutum
2301 2980 2482 3030 coloris
2517 2980 2567 3029 in

1444 3062 1679 3113 purpura.
1717 3048 2008 3107 (Salmasius
2037 3048 2084 3097 iu
2101 3047 2303 3097 Tei-tull.
2325 3047 2394 3097 De
2414 3046 2567 3097 panio

1445 3130 1549 3179 cap.
1573 3116 1617 3164 1.
1657 3114 1822 3180 p.97.)
1879 3113 2008 3164 Adde
2043 3114 2249 3165 Salmas.
2286 3114 2333 3164 in
2370 3114 2566 3178 Scriptt.

1443 3183 1566 3234 Hist.
1600 3184 1719 3245 Aug.
1755 3198 1801 3247 p.
1823 3180 1923 3232 340
1943 3196 2051 3247 sqq.
2089 3190 2134 3232 et
2170 3181 2333 3247 p.50·1
2355 3196 2464 3246 sqq.

1511 3267 1558 3317 d.
1596 3266 1984 3330 comparationes
2018 3280 2186 3316 eorum
2224 3266 2351 3316 inter
2381 3279 2436 3314 se
2460 3265 2567 3316 aui·

1444 3328 1630 3398 masse]
1701 3335 1982 3384 Animantur
2037 3331 2248 3395 colores,
2303 3340 2398 3383 tam
2456 3339 2567 3396 apte

1441 3402 1727 3465 comparati,
1761 3409 1816 3450 ut
1847 3400 1972 3451 alter
2004 3400 2204 3452 alterius
2239 3400 2399 3463 vigore
2438 3400 2567 3449 exci-

1442 3477 1584 3520 tetur.
1621 3467 1835 3530 (Rigalt.)
1878 3468 2075 3519 Erudieo
2108 3483 2220 3519 mox
2240 3475 2437 3533 utroque
2462 3482 2567 3519 eor-

1437 3551 1552 3601 pore
1585 3543 1695 3585 cett.
1742 3535 1928 3596 vulgata
1974 3544 2078 3585 erat
2111 3537 2368 3600 scriptura,
2421 3547 2566 3599 quam

1442 3604 1645 3654 correxi.
1725 3602 1871 3653 Nihili
1930 3603 2056 3652 euim
2114 3610 2189 3652 est
2232 3602 2566 3667 interpretatio

1440 3671 1633 3733 Rigaitii
1670 3672 1851 3721 erudito
1885 3677 2081 3735 utroquo
2115 3686 2306 3735 corpore
2339 3685 2449 3720 esse
2473 3680 2564 3733 pro

1442 3737 1692 3803 „expolito
1729 3734 1937 3802 utroque
1969 3736 2188 3803 panno.“

1512 3836 1554 3871 e.
1592 3835 1810 3873 errorem
1848 3834 2039 3869 omnem
2073 3820 2286 3871 traducta
2314 3818 2564 3870 diversitas

1441 3883 1670 3953 evomet]
1706 3887 1928 3938 Ostendit
1960 3887 2088 3936 male
2124 3886 2375 3936 conciliata
2411 3886 2565 3935 fuisse

1441 3955 1659 4006 colorum
1698 3963 2091 4019 temperamenta.
2140 3955 2296 4004 Lanas
2320 3953 2434 4002 dicit
2452 3966 2564 4002 evo-

1441 4037 1576 4073 mere
1610 4021 1805 4072 colores
1840 4021 2009 4085 quales
2055 4021 2306 4083 ἰώδεα.
2351 4016 2566 4082 (Rigalt.)

1510 4107 1545 4157 t.
1595 4105 2021 4157 concolorantibus
2069 4099 2258 4169 figuris]
2319 4102 2563 4155 Concolo-

1442 4182 1606 4224 rantes
1643 4175 1821 4237 figuras
1858 4172 2072 4237 appellat
2106 4170 2434 4222 Tertullianus
2473 4185 2563 4235 pa·

1441 4242 1577 4292 ribus
1613 4242 1780 4304 gratiis
1817 4240 2031 4291 colorem
2067 4254 2358 4302 generosum
2397 4239 2564 4303 expri-

1440 4317 1643 4360 mentes.
1727 4308 1801 4367 (C.
1838 4307 2061 4358 Bartbius
2109 4306 2330 4357 Adversa.
2365 4306 2444 4367 tx,
2484 4304 2563 4354 10.

1438 4392 1487 4442 p.
1514 4375 1656 4436 432.)
1726 4376 1898 4426 Eadem
1943 4376 2101 4440 itaque
2147 4376 2345 4438 culiqine
2391 4387 2461 4423 sc.
2511 4378 2564 4420 ut

1438 4451 1595 4493 restes
1633 4442 1747 4491 illas
1782 4456 1996 4507 purpura
2034 4441 2243 4492 clavatae
2281 4441 2394 4490 dum
2438 4453 2561 4487 nou—

1439 4510 1551 4560 dum
1572 4510 1836 4560 luminibus
1861 4509 2103 4574 expressis
2124 4507 2561 4571 conspiciebantur.

1507 4609 1551 4656 g.
1590 4587 1766 4657 Porro]
1818 4593 1892 4644 Cf.
1946 4607 2071 4658 quae
2116 4590 2335 4642 adnotavi
2384 4589 2445 4639 ad
2492 4586 2563 4637 De

1440 4661 1633 4713 Corona
1672 4675 1778 4725 cap.
1807 4660 1855 4709 7.

2597 897 2706 941 Luc.
2718 898 2805 954 XV,

2623 952 2776 1005 llsqq.
