3263 5311
679 403 765 447 xn
1687 405 2035 453 rutrum.

678 554 893 617 eodem
935 562 1156 617 erutas.
1230 554 1561 634 Descripsit
1602 554 1919 621 Soudleiae
1934 602 1950 631 ‚
1994 575 2185 637 prope
2215 557 2590 621 Windsoram
2606 605 2623 633 ‚
2668 560 2732 623 in
2775 560 3023 627 aedibus

676 654 989 717 Vossianis
1032 654 1248 718 Paulus
1292 655 1666 719 Colomesius
1708 676 1764 721 a.
1805 656 2293 721 Mnchxxuf‘
2398 658 2572 725 Hunc
2623 661 2841 729 librum
2865 686 2873 694 ·
2894 681 3023 727 ιιοιι

676 756 984 819 diversum
1025 756 1216 821 ruisse
1269 756 1344 819 ab
1400 757 1577 821 tertio
1631 758 1732 821 illo
1775 758 2092 832 Leidensi,
2159 760 2302 823 olim
2346 761 2636 827 vossiano
2693 763 2792 837 (cf.
2837 762 3019 829 Catal-

674 856 826 921 Bibl.
868 856 1039 920 Publ.
1080 857 1661 937 Lugduno-Batavae
1701 877 1764 939 Ρ,-
1795 862 1942 929 376.
2015 858 2194 925 OEtal.
2238 861 2387 925 Bibl.
2415 863 2657 942 Angliae
2701 872 2761 927 et
2796 863 3019 943 Hiber,-

677 958 813 1020 niae
855 966 999 1021 tom.
1028 957 1105 1020 11.
1147 977 1208 1038 Ρ.
1240 961 1344 1025 65.
1387 978 1449 1022 ιι.
1479 962 1669 1025 2419.
1713 962 1788 1024 cf.
1820 961 1963 1027 ibid.
2007 981 2069 1042 Ρ.
2096 967 2198 1027 71.
2241 982 2303 1027 ιι.
2335 966 2572 1040 2744.);
2619 965 2787 1029 ouius
2832 965 3019 1029 colla-

678 1059 908 1123 tionem
965 1067 1245 1139 tanquam
1303 1061 1689 1142 appendicem
1756 1081 1901 1125 suae
1965 1064 2212 1126 editioni
2257 1063 2507 1127 ⁴addidit
2559 1065 3021 1149 flavet-campus,

640 1161 887 1243 *collat-a
930 1159 1242 1240 utriusque
1284 1162 1579 1240 scriptura
1618 1180 1974 1242 persuasum
2016 1166 2162 1227 mibi
2208 1183 2278 1227 ac
2316 1166 2752 1245 propemodum
2794 1175 3024 1231 certum

680 1269 794 1324 est.
881 1261 959 1324 Et
997 1261 1159 1327 Petri
1201 1262 1479 1325 Seriverii
1520 1281 1672 1342 quas
1716 1263 2154 1345 Havercampns
2208 1266 2436 1345 passim
2489 1266 2680 1329 adfert
2734 1268 3021 1335 emenda-

681 1363 878 1429 tiones
922 1381 1186 1442 quasque
1227 1381 1299 1423 ex
1341 1362 1639 1437 Heriberti
1669 1364 1951 1429 Rosveidi
1993 1368 2094 1438 (cr.
2123 1366 2380 1430 Praefat.
2408 1366 2817 1448 Havercampi)
2862 1368 3022 1430 duo-

679 1465 792 1529 bus
835 1463 1141 1526 codicibus
1196 1464 1477 1543 repetitas
1533 1473 1730 1545 putat,
1802 1466 1948 1529 nibil
2004 1467 2163 1530 alind
2215 1476 2362 1531 sunt
2410 1468 2528 1530 nisi
2577 1487 2780 1533 merae
2832 1468 3026 1549 ipsius
3125 1450 3138 1457 ⁴

682 1565 963 1631 Scriverii
1005 1564 1099 1627 vel
1138 1565 1340 1644 potius
1382 1564 1573 1629 Fulvii
1612 1566 1814 1629 Ursini
1870 1575 1934 1629 et
1967 1568 2059 1630 lo.
2105 1568 2428 1633 Wouwerii
2470 1570 2881 1643 coniecturae,
2945 1570 3028 1635 de

681 1665 897 1747 quibus
952 1666 1107 1729 intra
1158 1665 1508 1767 disputabo,
1570 1675 1637 1729 ut
1692 1667 1869 1731 etiam
1909 1668 1988 1730 de
2030 1670 2235 1733 codice
2273 1668 2587 1745 Fuldeusi,
2650 1671 2820 1734 cuins
2864 1671 3027 1734 scri-

684 1760 893 1848 pturae
934 1768 1219 1847 frequens
1262 1743 1439 1830 etiam
1478 1767 1546 1831 ιιι
1586 1768 1814 1833 mentio
1857 1769 2012 1849 apud
2055 1770 2545 1851 Havercampnm.

851 1868 1102 1931 Codices
1147 1886 1294 1933 mss.
1336 1868 1738 1948 Apologetioi,
1795 1887 1951 1949 quos
2013 1871 2312 1952 inspicere
2362 1872 2508 1935 mibi
2563 1872 2830 1939 nondum
2872 1890 3025 1939 oon·

684 1971 846 2050 tigit,
914 1978 1111 2039 extant
1165 1969 1502 2049 Petropoii,
1559 1970 1869 2045 Venetiae,
1930 1971 2176 2037 Taurini
2239 1973 2338 2047 (ct.
2394 1972 2596 2037 Pasini
2653 1973 2833 2039 catal.
2873 1973 3027 2039 ΒΗ.

682 2072 901 2152 Regiae
944 2071 1187 2137 Taurin.
1230 2071 1334 2132 fol.
1364 2072 1427 2136 6.
1473 2070 1604 2135 eod.
1638 2073 1740 2137 31.
1787 2071 1846 2133 d.
1891 2071 1991 2147 111,
2027 2074 2132 2138 36.
2175 2091 2184 2097 ·
2218 2073 2494 2139 mabillon
2537 2074 2658 2137 lter
2697 2075 2825 2139 Ital.
2868 2093 2928 2154 Ρ.
2957 2077 3027 2140 8.

681 2173 1060 2235 Montt'aucon
1101 2171 1251 2237 Bibl.
1294 2171 1444 2234 Bibl.
1500 2179 1647 2237 tom.
1677 2172 1752 2235 11.
1809 2191 1871 2252 Ρ.
1908 2175 2151 2250 1401.),
2209 2185 2269 2237 et
2320 2173 2384 2237 in
2437 2174 2798 2238 bibliotheca
2849 2176 2928 2239 Μ.
2973 2175 3027 2239 Ι.

685 2274 885 2336 Rontb
927 2274 994 2337 V.
1027 2273 1113 2336 Cl.
1171 2274 1268 2348 (cf.
1326 2272 1457 2336 eius
1502 2272 1745 2352 Scriptt.
1790 2268 2014 2339 Eccles.
2061 2275 2279 2356 opine.
2319 2285 2486 2338 tom.
2531 2275 2577 2339 1.
2631 2295 2694 2355 Ρ.
2731 2279 2870 2341 175.
2926 2274 3026 2337 ed.

686 2375 879 2437 Oxon.
902 2373 1323 2453 mnenon..)
1388 2373 1664 2437 Nicolaus
1698 2374 1756 2437 le
1783 2373 2048 2455 Nourry,
2091 2394 2226 2438 cum
2272 2375 2750 2441 dissertationem
2778 2376 3029 2454 iss-Apo-

682 2475 1007 2553 logeticmn
1055 2483 1191 2539 cett.
1256 2474 1718 2549 conscriberet‚‘
1771 2484 2007 2555 praeter
2058 2475 2424 2539 Puteanenm
2493 2486 2553 2538 et
2613 2475 3032 2552 Pithoeanum,

685 2583 1041 2670 praeterque
1093 2575 1403 2639 Parisinos
1461 2593 1522 2638 ιι.
1552 2578 1743 2641 2616.
1788 2595 1849 2637 ιι.
1886 2578 2068 2643 1689.
2114 2595 2176 2639 ιι.
2212 2580 2431 2652 1656.
2502 2577 2712 2646 babuit
2761 2577 3034 2641 codicem

685 2676 936 2750 membr.
983 2694 1139 2740 saec.
1186 2676 1287 2738 11.
1333 2685 1669 2752 exaratum,
1713 2696 1889 2757 quem
1934 2679 1992 2740 ei
2033 2687 2418 2744 concesserat
2436 2679 2691 2746 Achilles
2719 2678 3028 2755 Eulaeus,

686 2778 892 2840 babuit
933 2776 1197 2840 codicem
1239 2776 1633 2841 bibliothecae
1675 2777 1949 2842 coenobii
1989 2779 2394 2848 Murbacensis
2437 2798 2594 2848 saec.
2624 2779 3028 2848 x1.autx11.

687 2881 786 2952 (αι’.
829 2880 1210 2956 Montt‘ancon
1250 2876 1402 2940 Bibl.
1429 2878 1582 2941 Bibl.
1626 2879 1877 2942 tom-11.
1924 2898 1982 2959 Ρ.
2019 2884 2203 2945 1177.
2247 2888 2312 2944 et
2349 2880 2582 2962 Noun-y
2623 2881 2725 2943 tl.
2771 2899 2899 2961 cap.
2925 2880 3028 2946 111.

685 2990 795 3043 art.
834 2985 863 3045 1
874 2985 939 3059 .)‚
983 2988 1047 3043 et
1086 2980 1383 3046 variantes
1428 2964 1756 3061 scripturas
1802 2980 2025 3046 codicis
2052 2982 2204 3044 lusti
2230 2982 2569 3048 Fontanini.
2643 2980 3028 3051 Corbeiensis

538 3099 553 3109 ‘
681 3081 1053 3163 Apologetici
1092 3063 1281 3144 codex
1322 3090 1825 3148 commemoratur
1867 3082 1930 3148 ιιι
1960 3082 2087 3145 Vet.
2134 3082 2313 3144 Catal.
2357 3082 2499 3148 bibl.
2538 3082 2921 3148 Corbeiensis
2963 3083 3030 3146 ιιι

685 3182 1012 3246 Nanmanni
1064 3183 1327 3261 Serapeo
1382 3201 1443 3262 Ρ.
1478 3186 1619 3247 107.
1678 3201 1728 3245 a.
1777 3184 1964 3250 1841.
2021 3191 2084 3245 et
2134 3183 2287 3263 apud
2344 3182 2494 3262 Ang.
2548 3182 2785 3266 Maium‘
2824 3182 3028 3264 Spicil.

685 3284 860 3346 Rom.
904 3292 1049 3345 tom.
1082 3283 1148 3345 V.
1192 3301 1252 3362 Ρ.
1282 3283 1455 3356 207.,
1499 3283 1650 3346 alius
1693 3284 1890 3348 Contii
1929 3283 2088 3363 apud
2129 3282 2340 3363 Rigalt.
2385 3284 2446 3345 ιιι
2490 3283 2735 3348 Tei-tull.
2777 3284 3028 3365 apolog.

685 3401 815 3462 cap.
850 3388 950 3448 14.
997 3392 1059 3448 et
1098 3401 1227 3464 cap.
1264 3386 1397 3457 19„
1441 3383 1592 3448 alius
1633 3384 1820 3447 Fulvii
1862 3383 2062 3450 Ursini
2107 3382 2430 3465 *quinquies
2473 3386 2687 3457 citatiu-
2729 3384 2791 3447 ιιι
2835 3384 3031 3450 Latini

684 3484 903 3550 Latinii
923 3481 1072 3550 Bibl.
1098 3485 1278 3547 Sam-a
1308 3493 1373 3546 et
1396 3484 1648 3547 Profana
1676 3505 1737 3566 Ρ.
1766 3488 1886 3550 192
1907 3505 2020 3566 οφ,
2064 3485 2164 3550 alii
2189 3493 2734 3554 commemorantur
2762 3504 2800 3548 a
2824 3486 3027 3550 Mont-

686 3589 901 3650 saneon
941 3585 1093 3648 Bibl.
1132 3583 1283 3647 Bibl.
1339 3593 1486 3648 tom.
1515 3586 1588 3649 ΙΙ.
1634 3606 1694 3667 Ρ.
1731 3590 1913 3654 1250.
1976 3606 2051 3650 ex
2104 3586 2246 3649 bibl.
2301 3587 2650 3652 monasterii
2700 3586 2770 3648 B.
2813 3586 3033 3652 mutae

688 3688 763 3749 de
802 3686 1023 3761 Becco,
1069 3705 1130 3766 Ρ.
1169 3689 1351 3752 1269.
1396 3706 1468 3750 ex
1510 3687 1656 3750 bibl.
1699 3695 1956 3754 monast.
2000 3688 2064 3750 S.
2108 3686 2393 3767 Ehrulphi
2436 3687 2763 3761 Uticensis,
2808 3696 2952 3758 tom.
2978 3685 3028 3749 1.

687 3807 746 3868 Ρ.
779 3790 925 3854 628.
970 3806 1043 3850 ex
1087 3786 1443 3852 bibliotheca
1480 3789 1646 3868 regis
1688 3788 1959 3868 AngHae,
2004 3788 2103 3850 alii
2146 3788 2267 3850 duo
2311 3788 2372 3850 in
2401 3788 2582 3852 Calai.
2611 3786 2760 3850 Bibl.
2787 3786 3030 3866 Angliae

689 3897 749 3951 et
790 3889 1143 3961 Hiberniae,
1189 3907 1344 3951 unus
1389 3897 1534 3952 tom.
1564 3888 1639 3950 11.
1683 3907 1745 3969 Ρ.
1775 3891 1921 3954 248.
1979 3908 2051 3951 ex
2105 3888 2251 3950 bibl.
2306 3890 2367 3950 ιιι
2406 3889 2662 3952 Aedibus
2705 3887 3028 3961 boebeis,

564 3975 573 3980 ’
687 3990 837 4053 auor
878 4008 936 4069 p.
959 3993 1063 4054 24.
1110 4009 1184 4053 ex
1224 3989 1367 4052 bibl.
1398 3990 1552 4074 secl.
1586 3989 1861 4054 eamear.
1897 3989 2389 4064 sarisberiensis,
2423 3999 2497 4070 ‚et
2537 3991 2863 4069 bagmam
2906 3987 3028 4050 duo

685 4092 824 4154 libri
865 4090 952 4152 De
994 4091 1187 4154 Carne
1232 4090 1452 4154 Christi
1498 4099 1561 4153 et
1598 4090 1967 4171 Apologetici
2010 4091 2073 4153 in
2117 4091 2250 4154 eod.
2287 4093 2429 4157 146.
2475 4092 2577 4154 33.
2620 4089 2761 4152 bibl.
2793 4088 3031 4162 Caesar.

688 4192 943 4256 Vindob.
984 4202 1259 4255 recenset
1297 4190 1670 4254 Lambecius.

857 4293 1131 4355 Transeo
1173 4293 1289 4354 iam
1333 4293 1406 4354 ad
1450 4292 1748 4356 editiones
1792 4310 2042 4373 operum
2071 4291 2418 4354 Termlliani
2462 4291 2747 4353 omnium.
2833 4290 3033 4353 Prima

688 4401 785 4455 est
824 4393 990 4456 Beati
1031 4393 1302 4456 Rhenani
1344 4411 1496 4472 qnae
1534 4394 1760 4473 prodiit
1798 4393 2063 4456 Basileae
2106 4412 2161 4454 a.
2190 4391 2453 4455 MDXXI.
2534 4391 2694 4455 Haec
2735 4391 3031 4455 continet.

696 4499 751 4559 1.
796 4494 883 4557 De
925 4494 1230 4557 Patientia.
1304 4496 1364 4558 2.
1412 4493 1501 4556 De
1542 4495 1733 4557 Carne
1761 4494 2003 4558 Christi.
2075 4495 2137 4558 3.
2181 4492 2268 4555 De
2309 4494 2770 4556 Restnrectione
2800 4491 3031 4554 Carnis.

689 4599 751 4660 4.
798 4594 883 4658 De
926 4595 1499 4677 Praescriptionibus
1542 4595 1844 4684 Adversns
1886 4593 2254 4658 Haereticos.
2348 4599 2412 4704 5.
2456 4595 2757 4659 Adversus
2799 4591 3033 4658 Omnes
