3263 5311
696 378 725 395 ae

1242 403 1317 445 aa
1363 403 1777 463 susci-acutis.
2590 396 2671 456 55

317 551 608 612 adversus
652 549 863 610 ⁴Elian
928 550 1280 628 exornavit?
1342 552 1602 614 Placebit
1645 554 1744 615 ‘et
1783 553 1901 626 ille,
1949 553 2051 634 qui
2091 553 2321 614 “vultus
2367 574 2514 618 suos
2557 578 2673 619 no—

316 651 519 712 vacula
562 648 801 711 mutat?
845 649 1100 711 infidelis
1148 671 1288 731 erga
1332 653 1539 715 faciem
1584 671 1774 727 suam,
1821 672 1997 734 quam
2039 672 2160 714 non
2206 665 2520 718 contentus
2558 659 2672 720 Sa-

315 762 495 813 turno
544 760 608 813 et
650 750 794 811 Isidi
838 759 901 811 et
941 750 1161 812 Libero
1201 754 1533 833 proximam
1578 756 1794 829 facere,
1840 755 2090 834 insuper
2131 758 2504 818 contumeliis
2549 759 2672 821 ala-

206 912 217 916 -
312 873 527 934 parum
575 852 666 912 sic
705 850 985 924 'obicit⁴¹‚
1042 854 1212 933 quasi
1258 854 1331 916 de
1374 864 1693 937 praecepto
1738 855 1962 916 domini
2005 853 2214 915 ludat?
2277 857 2464 919 Docet
2508 860 2671 921 scili-

313 965 413 1017 cet
452 955 551 1014 ⁸et
595 946 897 1014 diabolus‘
935 953 1355 1017 verberandam
1419 956 1714 1017 maxillam
1764 955 2062 1036 patienter
2123 956 2361 1018 offerre.
2449 959 2549 1021 Sic
2613 969 2675 1025 et

317 1054 644 1133 tragoedos
687 1054 1032 1115 ⁹cothurnis
1095 1055 1349 1127 extulit‚·
1386 1056 1525 1135 quia
1588 1076 1765 1119 nemo
1838 1063 2043 1137 potest
2112 1055 2345 1117 adicere
2409 1059 2672 1122 cubitum

316 1175 501 1217 unum
534 1156 609 1217 ad
641 1161 930 1215 staturam
961 1173 1147 1217 suam.
1220 1156 1562 1218 Mendacem
1597 1158 1789 1218 facere
1833 1157 1955 1217 vult
1985 1156 2302 1219 Christum.
2358 1157 2481 1220 lam
2525 1180 2670 1222 vero

316 1256 517 1336 ipsum
561 1274 717 1337 opus
761 1274 1155 1334 personarum
1199 1276 1420 1336 quaero
1467 1278 1543 1319 an
1584 1257 1698 1318 deo
1743 1257 1999 1337 placeat,
2067 1258 2164 1337 qui
2212 1277 2448 1319 omnem
2493 1259 2664 1321 simi-

315 1356 626 1419 litudinem
672 1364 837 1419 vetat
869 1357 1028 1431 fieri,
1073 1366 1290 1438 quanto
1336 1358 1531 1438 ‘magis
1577 1359 1849 1437 imaginis
1897 1356 2089 1419 suae?
2177 1358 2308 1419 Non
2354 1368 2511 1422 amat
2552 1360 2663 1421 fal·-

320 1477 457 1519 sum
498 1467 709 1519 auctor
750 1457 1014 1518 veritatis
1034 1480 1054 1534 3
1099 1459 1451 1520 adulterium
1496 1468 1590 1520 est
1633 1458 1790 1539 apud
1833 1458 1997 1520 illum
2041 1477 2216 1519 omne
2273 1460 2433 1539 quod
2489 1460 2665 1539 fingi-

320 1566 439 1619 tur.
518 1557 783 1619 Proinde
825 1577 1050 1633 vocem,
1097 1578 1299 1633 sexus,
1344 1568 1568 1621 aetates
1613 1560 2019 1634 mentientem,
2066 1578 2325 1634 amores,
2369 1559 2512 1634 iraS,
2558 1580 2665 1639 ge-

317 1660 521 1733 mitus,
566 1659 837 1720 lacrimas
883 1659 1389 1723 ¹“a.‘32.2,everantem.
1419 1679 1543 1721 non
1584 1660 1863 1741 probabit
1906 1660 2059 1739 ¹¹qui
2105 1678 2345 1721 omnem
2385 1660 2667 1741 hypocri-

321 1759 413 1821 sin
457 1760 715 1820 damnat.
788 1761 1063 1821 Ceterum
1105 1780 1239 1823 cum
1283 1746 1344 1822 in
1387 1760 1517 1840 lege
1560 1761 1914 1841 praescribit
1953 1759 2327 1821 maledictum
2373 1771 2512 1822 esse
2557 1761 2659 1841 qui
2687 1778 2815 1823 neus.
2842 1779 2967 1829 xxa,

317 1860 707 1921 muliebribus
773 1862 1114 1935 vestietur·‚
1172 1863 1312 1942 quid
1358 1862 1432 1923 de
1475 1862 1842 1943 pantomimo
1888 1860 2247 1934 ¹²iudicabit‚
2314 1860 2414 1940 qui
2487 1861 2663 1925 etiam

314 1962 711 2023 muliebribus
756 1961 798 1993 ¹³
811 1960 1126 2027 curatur‘?
1213 1963 1369 2024 Sane
1434 1972 1493 2025 et
1545 1963 1642 2023 ille
1708 1963 1915 2025 artifex
1957 1979 2296 2042 pugnorum
2337 1961 2664 2041 impunitus

316 2061 473 2124 ibit?
560 2062 735 2123 Tales
802 2062 962 2124 enim
1027 2064 1382 2126 “cicatrices
1454 2071 1760 2122 caestuum
1831 2070 1893 2123 et
1953 2062 2134 2122 callos
2207 2081 2541 2140 pugnorum
2606 2071 2668 2124 et

316 2162 601 2225 ¹“⁵aurium
647 2165 862 2241 fungos
905 2183 942 2223 a
984 2163 1119 2237 deo,
1166 2164 1353 2224 '‘'cum
1395 2162 1788 2243 plasmaretur
1829 2161 2072 2241 accepit.
2158 2160 2303 2222 Ideo
2349 2161 2483 2222 ¹⁷illi
2514 2180 2661 2223 ocu-

313 2265 411 2325 los
455 2265 608 2324 deus
650 2262 1113 2349 commendavit,
1159 2271 1225 2323 ut
1264 2263 1591 2342 vapulando
1638 2261 1928 2324 deficiant.
2017 2263 2211 2324 Taceo
2257 2263 2331 2324 de
2375 2262 2508 2336 illo,
2564 2261 2664 2343 qui

258 2390 263 2397 ·
312 2365 621 2427 hominem
663 2362 824 2424 leoni
866 2381 1008 2442 prae
1054 2382 1122 2425 se
1168 2364 1435 2444 opponit,
1479 2383 1557 2427 ne
1597 2382 1809 2446 parum
1852 2362 1933 2425 sit
1972 2362 2268 2426 homicida
2311 2363 2352 2395 ¹⁸
2364 2362 2466 2444 qui
2509 2380 2659 2425 euu-

314 2467 490 2529 dem⁸
532 2463 921 2546 postmodum
960 2462 1201 2543 iugulat.

2313 2651 2363 2701 7.
2399 2650 2546 2701 obicit
2580 2646 2662 2699 ιε’-

2474 2717 2549 2765 11.
2583 2716 2666 2780 qui

1225 2651 1274 2702 5.
1312 2658 1359 2701 et
1394 2649 1476 2702 ille
1511 2668 1598 2703 om.
1633 2652 1725 2703 ΑΕ.

316 2654 368 2704 4.
402 2652 539 2703 Elian
574 2652 629 2704 A.
698 2652 885 2703 Heliam
919 2653 1105 2718 reliqui.
1860 2651 1910 2705 6.
1944 2652 2102 2702 voltus
2134 2652 2187 2702 A.

1196 2719 1244 2769 9.
1282 2720 1495 2769 coturnis
1531 2717 1644 2784 Αφ.

320 2737 465 2785 quam
501 2722 562 2771 de
593 2722 647 2771 A.
751 2719 799 2769 8.
837 2728 884 2769 et
917 2736 1005 2769 om.
1039 2721 1091 2770 A.
1758 2720 1838 2770 10.
1875 2727 2226 2768 asseverantem
2261 2715 2360 2780 Ap.

319 2803 514 2838 omnem
552 2788 827 2850 hypocrisin
860 2787 1026 2836 BGDE.
1097 2801 1289 2837 omnem
1324 2789 1451 2838 enim
1487 2787 1731 2850 ypocrisin
1756 2788 1810 2837 A.
1920 2786 1994 2836 12.
2031 2785 2255 2835 iudicavit
2286 2785 2338 2834 A.
2460 2783 2538 2832 13.
2577 2797 2665 2831 cu-

318 2864 455 2906 ratur
488 2853 776 2916 (ΑβὶΒΟΒΕ.
847 2861 1143 2906 cur....tur
1177 2851 1289 2919 Αφ.
1409 2862 1569 2903 utatur
1602 2855 1733 2904 Fulv.
1773 2854 1982 2901 Ursinus.
2089 2852 2183 2900 ·14.
2224 2851 2496 2900 cicastrices
2530 2856 2666 2900 tuum

314 2922 416 2986 Ap.
530 2923 608 2971 15.
646 2928 693 2971 et
728 2922 917 2971 rudium
957 2923 1129 2984 fungos
1165 2922 1389 2972 Latinius.
1510 2920 1586 2970 18.
1625 2934 1732 2968 cum
1771 2919 2092 2981 plasmaretur
2124 2917 2324 2980 AquE.
2430 2929 2537 2964 cum
2574 2929 2665 2963 suo

316 2993 558 3056 plasmate
593 2990 719 3038 BCD.
827 2986 904 3038 1⁷.
942 2989 1012 3037 illi
1048 2988 1217 3038 oculos
1252 2989 1373 3039 deus
1410 2987 1900 3047 commendavithy.
1967 2984 2080 3033 illos
2116 2983 2285 3032 oculos
2322 2980 2669 3031 commendavit

315 3061 367 3108 A.
442 3058 554 3107 illos
589 3057 761 3106 oculos
795 3056 915 3106 deus
952 3056 1301 3108 commendavit
1333 3056 1389 3105 Ε.
1471 3055 1543 3104 illi
1579 3052 1749 3104 oculos
1785 3053 1906 3102 deus
1940 3047 2194 3116 plasmavit
2225 3049 2353 3100 1300.
2473 3047 2550 3097 18.
2584 3048 2668 3112 qui

313 3123 495 3188 (Afflss.
565 3139 707 3188 quam
743 3124 824 3188 qui
860 3122 1123 3189 (AiprD.

1543 3287 1659 3322 casu
1696 3267 2064 3332 instrumentali.
2116 3268 2321 3318 Curatur
2353 3263 2668 3315 muliebribus

1543 3341 1590 3390 b.
1628 3355 1669 3389 e.
1710 3346 1904 3388 curatur
1938 3336 2220 3386 mulieribus
2260 3348 2314 3382 re
2349 3332 2666 3383 resentandis.

1613 3422 1659 3468 g.
1705 3405 1947 3455 homicida
1983 3404 2063 3466 qui
2098 3403 2302 3452 eundem
2381 3399 2669 3463 lmpeditum

1542 3473 1664 3525 illud
1701 3488 1853 3538 quam,
1890 3471 2018 3536 quod
2053 3470 2192 3530 vulgo
2228 3477 2337 3517 ante
2373 3469 2452 3532 qui
2477 3466 2668 3527 legitur,

318 3275 491 3325 Pseud.
528 3275 607 3335 11,
644 3274 692 3335 2,
729 3274 809 3324 24.
846 3283 895 3325 et
928 3274 1132 3325 Salmas.
1170 3275 1229 3324 ad
1249 3274 1445 3338 Scriptt.

314 3344 440 3393 llist.
478 3343 595 3402 Aug.
634 3357 678 3406 p.
716 3341 833 3393 396.

382 3411 431 3458 d.
488 3410 794 3459 coutumeliis
848 3408 1094 3474 alaparum
1151 3410 1222 3472 sic
1273 3402 1442 3472 obicit]

316 3478 385 3526 De
421 3477 608 3540 alapis,
655 3478 828 3541 quibus
861 3479 921 3527 ad
956 3475 1254 3526 excitandum
1289 3477 1441 3525 risum

315 3545 449 3594 mimi
483 3543 579 3594 sibi
612 3545 673 3593 'os
706 3545 889 3608 percidi
924 3543 1253 3608 patiebaiitur,
1287 3542 1358 3590 vel
1393 3542 1442 3590 iu

314 3612 484 3672 vulgus
512 3610 659 3660 bodie
694 3619 766 3661 est
801 3620 982 3661 uotum.
1032 3611 1103 3661 Cf.
1140 3609 1336 3670 Buleag.
1372 3609 1443 3657 Dc

314 3679 510 3728 ημῖν.
576 3691 684 3742 cap.
740 3679 822 3728 56.
902 3679 1098 3728 Vuloeu.
1164 3677 1225 3728 ad
1282 3676 1443 3727 Gloss.

313 3744 687 3814 Gnaeo-12:35⁰.
742 3761 790 3809 p.
826 3745 910 3795 60.
978 3744 1183 3794 Salmas.
1231 3744 1289 3792 ad
1327 3743 1446 3792 llist.

312 3817 431 3874 Aac.
627 3819 676 3862 tt.
726 3828 775 3876 p.
812 3812 925 3862 385.
997 3811 1205 3861 Turneb.
1251 3811 1445 3860 advers.

314 3879 481 3940 nm,
584 3885 619 3930 e·
669 3879 960 3944 luterpretes
1004 3878 1068 3928 ad
1100 3878 1278 3928 Aruob.
1333 3877 1444 3926 Λᾶν.

318 3945 461 3996 Nam·
476 3941 589 4008 ως
612 3941 701 3996 33.
1042 4001 1051 4007 ,

389 4027 429 4060 e.
462 4013 800 4128 Ῑιῗιὶἰοὴῐίδιιε
857 4007 1106 4078 vestietpr]
1173 4010 1246 4061 Cf.
1299 4023 1446 4072 supra

324 4094 426 4141 cap.
529 4116 541 4130 .

397 4146 428 4193 t.
476 4144 793 4196 muliebribus
828 4142 1047 4208 curatur]
1095 4145 1185 4203 Qui
1222 4143 1447 4192 nimirum

322 4219 374 4261 et
408 4226 515 4261 voce
547 4222 596 4262 et
627 4219 770 4276 gestu
806 4220 856 4261 et
880 4212 1072 4261 incessu
1091 4210 1450 4261 accuratissime

316 4279 645 4340 effeminant,
696 4286 752 4329 ut
783 4278 1016 4328 saltandis
1051 4279 1337 4326 feminarum
1376 4276 1448 4324 fa-

311 4347 442 4397 bulis
475 4363 567 4413 pro
604 4347 791 4397 semina
827 4346 994 4395 baberi
1020 4345 1202 4408 possit.
1237 4340 1448 4404 (Rigalt.)

311 4414 384 4463 Cf.
429 4430 583 4479 supra
616 4428 731 4478 cap.
772 4410 853 4470 13.
912 4426 1091 4475 „quam
1125 4409 1450 4474 pantomimus

309 4496 335 4529 a
370 4484 577 4545 pueritia
666 4482 804 4548 ‘titur
838 4479 887 4528 ia
924 4491 1147 4543 corpore,
1197 4483 1250 4526 ut
1284 4477 1451 4526 artifex

868 4677 875 4684 .
930 4626 1022 4677 pro
1072 4610 1256 4672 dativo,
1308 4622 1450 4674 quam

778 4546 1006 4600 ceterum
1063 4540 1453 4605 „muliebribus“

1544 3541 1769 3604 quodque
1824 3553 1881 3587 cx
1933 3537 2061 3586 finali
2110 3535 2291 3599 syllaba
2338 3532 2670 3597 praecedentis

1542 3607 1760 3656 vocabuli
1797 3606 2028 3656 kunnaida
2073 3610 2298 3666 corrupta
2332 3608 2490 3650 ortum
2527 3605 2669 3662 puta-

1542 3675 1721 3733 verim,
1775 3673 1879 3722 iure
1926 3671 2065 3720 eiecit
2098 3669 2342 3730 Rigaltius.
2413 3667 2477 3715 La
2514 3665 2668 3715 Cerdo

1545 3741 1829 3791 defenderat
1863 3740 2022 3787 locum
2061 3738 2121 3785 ita
2160 3737 2526 3796 interpretatus:
2574 3732 2670 3779 Τε-

1546 3823 1631 3858 ceo
1669 3808 1729 3856 de
1765 3806 1867 3865 illo,
1912 3805 1992 3868 qui
2027 3802 2269 3851 homiuem
2308 3799 2436 3847 leoni
2470 3796 2672 3860 opponit

1544 3890 1668 3939 prae
1699 3887 1771 3931 se,
1806 3873 1854 3921 id
1891 3879 1963 3920 est
1998 3870 2319 3933 potiusquam
2342 3865 2450 3925 sibi,
2488 3864 2671 3924 eligens

1544 3941 1734 3991 scilicet
1767 3939 1978 3987 ferocem
2014 3936 2233 3984 bestiam.
2281 3933 2376 3982 Sed
2411 3945 2507 3993 quo
2534 3926 2672 3979 flue?

1544 4023 1607 4058 ne
1660 4020 1860 4071 parum,
1911 4005 1958 4052 id
2003 4010 2077 4052 est
2111 4001 2285 4058 minus,
2336 3997 2574 4047 homicida
2608 3998 2675 4045 sit

1547 4088 1690 4138 quam
1740 4072 1817 4120 leo
1865 4072 1999 4134 ipse,
2047 4070 2127 4132 qui
2175 4067 2380 4115 eundem
2428 4064 2672 4112 hominm

1546 4140 1856 4206 postmodum
1918 4136 2115 4198 iugulat.
2200 4132 2306 4181 Vult
2364 4131 2575 4188 scilicet,
2628 4128 2670 4176 si

1548 4224 1646 4258 non
1693 4221 1778 4265 re.
1830 4211 1960 4254 certe
2004 4203 2175 4251 affectu
2224 4213 2321 4247 nou
2369 4212 2477 4246 esse
2515 4196 2671 4244 minus

1549 4273 1787 4323 homicida
1840 4284 1983 4335 quam
2021 4269 2113 4324 leo.
2182 4266 2269 4315 llis
2304 4265 2440 4325 nugis
2477 4275 2673 4325 oppono

1549 4340 1736 4401 Rigaltii
1773 4339 1932 4395 verba,
1970 4336 2051 4400 qui
2071 4335 2230 4384 omnia
2250 4332 2521 4384 illustrant:
2559 4328 2672 4377 Gla-

1547 4406 1816 4458 diatoribus
1866 4402 2135 4453 commissis
2187 4399 2401 4463 popalus
2448 4407 2672 4444 nonnun-

1552 4487 1696 4539 quam
1731 4471 2025 4536 deposcebst
2056 4469 2275 4526 leonem,
2325 4464 2502 4512 emisso
2533 4461 2674 4509 leone

1554 4541 1792 4602 gladiator
1826 4536 2048 4601 periculo·
2079 4534 2355 4598 proximus,
2390 4538 2674 4602 quacunque

1552 4614 1656 4657 arta
1689 4611 1896 4670 poterat,
1930 4601 2094 4656 subtili
2128 4611 2323 4674 rycessu
2357 4600 2440 4644 sut
2459 4589 2672 4642 declina-
