3263 5311
663 450 790 511 450
1177 461 1378 511 onim-1
1427 460 1690 503 serrum
1732 459 2063 503 nonna-ns
2110 459 2499 517 Taurunum

663 615 753 677 les
799 613 1115 684 ‘'aureae⁶‚
1162 611 1201 643 ¹⁴
1216 609 1535 689 imaginum
1580 610 1622 644 ¹⁵
1636 609 1786 683 iam,
1832 629 1956 671 non
1998 610 2297 684 virorum,
2343 609 2530 689 capita
2572 607 2799 670 maiora
2828 627 3011 688 quae·

660 725 886 778 renteS.
955 712 1073 774 Sed
1103 711 1185 773 tui
1216 711 1512 773 ¹⁶ordines
1558 719 1618 771 et
1660 710 1746 773 tui
1791 710 2170 790 magistratus
2216 720 2275 772 et
2318 710 2516 790 ipsum
2558 709 2758 772 curiae
2794 724 3012 771 nomen

663 815 911 878 ecclesia
952 821 1048 874 est
1090 811 1329 874 Christi.
1418 810 1634 872 ¹⁷Illius
1682 829 1779 884 οε,
1838 811 2214 891 conscriptus
2259 810 2322 871 in
2364 810 2532 885 libris
2577 809 2791 872 vitaefl.
2890 811 3012 873 Illic

662 933 961 998 purpurae
1003 921 1140 974 tuae
1196 912 1436 992 sanguis
1481 911 1759 973 ¹’domini
1816 922 1874 973 et
1928 912 2125 974 clavus
2171 911 2376 973 ¹¹'latus
2441 912 2504 973 in
2559 930 2736 973 cruce
2788 911 3012 991 ipsius;

664 1017 782 1078 illic
822 1014 1105 1076 ”securis
1148 1014 1187 1046 ²¹
1205 1013 1279 1074 ad
1322 1012 1621 1074 caudicem
1681 1012 1795 1074 iam
1852 1013 2084 1075 arboris
2126 1011 2430 1092 ”posita3.
2481 1012 2599 1074 illic
2639 1012 2892 1092 ”virgw
2946 1033 3016 1074 ex

660 1115 912 1178 ²*radice
942 1115 1126 1176 Iesse.
1182 1111 1534 1175 ”Viderint¹
1573 1112 1690 1174 ”et
1730 1113 1948 1192 publici
1992 1115 2126 1194 equi
2173 1132 2306 1175 cum
2353 1112 2594 1174 coronis
2641 1113 2828 1175 suist.
2888 1113 3013 1175 Do-

648 1217 860 1279 -minus
905 1223 1073 1290 tuus,
1114 1214 1217 1275 ubi
1264 1213 1591 1277 secundum
1630 1214 2044 1296 ²⁷scripturam
2071 1213 2496 1276 ”Hierusalem
2542 1215 2773 1293 ingredi
2808 1215 3014 1288 voluit,

400 1340 628 1390 rs.xx,s.
657 1337 769 1380 nec
810 1317 1041 1380 asinum
1083 1315 1290 1377 habuit
1329 1315 1642 1395 privatum.
1726 1315 1831 1377 Isti
1876 1315 1937 1376 in
1982 1314 2252 1377 curribus
2298 1323 2359 1375 et
2400 1315 2501 1376 isti
2544 1315 2607 1376 in
2650 1316 2852 1395 equiS‚
2899 1335 3013 1377 nos

661 1430 859 1483 autem
902 1418 964 1479 in
1008 1418 1250 1496 nomine
1293 1416 1581 1478 2“domini
1626 1417 1720 1477 dci
1766 1417 1957 1477 nostri
2002 1415 2430 1478 invocabimus·
2527 1416 2614 1477 Ab
2657 1417 2793 1495 ipso
2840 1417 3013 1478 inco-

662 1522 785 1583 latu
826 1518 1139 1599 Babylonis
1184 1518 1341 1579 illius
1387 1518 1447 1578 in
1490 1518 1837 1598 Apocalypsi
1880 1516 2259 1579 *Iohannis*
2305 1516 2746 1588 submovemur,
2791 1517 3014 1580 nedum

663 1621 753 1683 ³¹a
797 1617 1130 1701 suggestui.
1220 1618 1553 1680 Coronatur
1597 1627 1657 1681 et
1698 1618 1906 1698 vulgus
1952 1637 2112 1680 nunc
2153 1638 2223 1679 ex
2251 1617 2663 1697 principalium
2698 1616 3015 1697 ³²prospe-

669 1773 749 1826 13.
785 1788 901 1824 aure
935 1775 987 1823 A.
1096 1772 1172 1822 14.
1214 1772 1522 1834 immaginum
1559 1772 1800 1836 Eut-pr„
1840 1774 1923 1822 sed
1958 1789 1988 1822 a
2021 1787 2190 1823 seam.
2228 1785 2347 1823 corr.
2384 1771 2432 1819 in
2469 1784 2711 1832 magnum.
2801 1772 2884 1821 15.
2922 1774 3020 1823 iam

665 1855 916 1892 numerum
955 1841 1111 1904 capita
1147 1840 1311 1890 BCDE.
1382 1842 1476 1888 iam
1515 1853 1610 1888 non
1648 1840 1748 1888 viro
1775 1841 1930 1903 capita
1955 1835 2051 1902 Αβ.
2126 1840 2218 1889 iam
2256 1853 2352 1888 non
2388 1840 2597 1888 virorum
2636 1838 2790 1901 capita
2826 1841 3016 1906 reliqui.

666 1909 762 1959 iam
800 1923 897 1958 non
934 1909 1084 1958 virum
1123 1908 1277 1972 capita
1325 1908 1689 1958 Hildebrondus.
1808 1907 1888 1957 16.
1937 1907 2134 1986 ordines
2168 1907 2325 1957 ABCR.
2408 1906 2593 1956 ordinis
2639 1908 2827 1971 reliqui.
2939 1909 3018 1958 17.

666 2058 806 2094 cures
840 2046 892 2094 Δ.
997 2042 1081 2094 21.
1118 2043 1178 2092 ad
1215 2043 1459 2093 caudicem
1497 2044 1592 2092 iam
1628 2044 1679 2092 A.
1763 2043 1822 2092 ad
1861 2043 2107 2092 caudicem
2142 2044 2191 2093 12.
2278 2041 2336 2091 ad
2373 2043 2597 2092 caudices
2631 2042 2682 2091 B.
2717 2058 2781 2092 m.
2811 2059 2885 2107 pr.
2958 2046 3018 2094 ad

665 2112 889 2162 caudices
924 2112 974 2161 B.
1012 2127 1071 2162 m.
1092 2127 1183 2162 sec.
1219 2111 1430 2161 DEFcn.
1503 2111 1563 2160 ad
1598 2111 1788 2160 radices
1822 2111 2121 2162 B.m.sec.G.
2159 2110 2336 2159 Iunius.
2374 2111 2511 2159 Rhcn.
2544 2110 2597 2159 in
2629 2125 2774 2173 mary.
2806 2110 2853 2159 G.
2935 2110 3021 2162 22.

662 2180 851 2244 positae
886 2180 1013 2230 BCD.
1118 2178 1200 2228 23.
1235 2180 1364 2240 virga
1404 2178 1643 2228 BCEFGH.
1713 2181 1869 2240 virgae
1904 2179 2029 2228 Ami.
2110 2177 2191 2227 24.
2229 2177 2532 2226 radicaeesse
2565 2174 2683 2242 Αφ.
2765 2176 2848 2227 25.
2886 2180 3019 2230 vide-

561 2277 565 2281 ·
663 2255 777 2297 runt
810 2248 865 2297 D.
970 2246 1053 2297 26.
1091 2255 1136 2296 et
1173 2245 1353 2310 publici
1392 2253 1436 2294 et
1473 2246 1554 2309 qui
1592 2260 1702 2295 cum
1736 2246 1903 2296 BCDE.
1976 2253 2022 2295 et
2056 2246 2236 2309 pudeat
2270 2259 2356 2294 cos
2391 2246 2473 2309 qui
2509 2244 2561 2294 B.
2594 2260 2768 2296 macc.
2804 2249 2856 2296 in
2871 2263 3016 2311 ωαψς.

664 2313 746 2368 27.
783 2315 1131 2377 scripturarum
1172 2314 1257 2363 CD.
1329 2314 1595 2377 scripturas
1630 2313 1682 2363 B.
1699 2329 1760 2362 m.
1782 2329 1871 2364 sec.
1979 2312 2059 2363 28.
2099 2313 2397 2362 Hierusalem
2433 2313 2522 2362 ΑΕ.
2595 2312 2855 2363 ierusalem
2892 2316 3018 2365 BCD.

664 2380 746 2430 29.
783 2381 967 2431 domini
1003 2396 1099 2430 non
1135 2381 1464 2431 invocabimus
1499 2382 1551 2431 A.
1657 2380 1738 2431 30.
1775 2381 2003 2430 lobannis
2038 2381 2200 2430 ABCD.
2298 2379 2381 2429 31.
2418 2380 2477 2429 ad
2513 2388 2792 2442 suggestum
2829 2382 3018 2444 Boos„

659 2451 791 2512 prob.
826 2449 974 2497 Iunio.
1045 2450 1104 2497 ab
1140 2458 1368 2510 suggestu
1406 2450 1647 2498 Rhenanus
1681 2451 1732 2498 in
1765 2464 1932 2514 mai-9„
1952 2448 1998 2498 G.

665 2523 814 2564 tatum
850 2516 1036 2580 reliqui.

733 2666 774 2701 c.
811 2649 1131 2714 provinciales
1168 2645 1368 2716 aureae]
1423 2650 1489 2699 De
1527 2649 1600 2699 bis
1636 2666 1677 2699 v.
1715 2651 1790 2700 in·

662 2727 840 2782 terprr.
876 2718 935 2767 ad
970 2718 1067 2767 Liv.
1104 2717 1353 2777 xxxvtlt,
1390 2718 1473 2767 37.
1511 2726 1559 2767 et
1593 2718 1653 2767 ad
1693 2719 1792 2769 Cic.

663 2787 710 2835 iu
750 2786 910 2835 Pisou.
949 2800 1054 2849 cap.
1094 2784 1175 2834 37.
1229 2785 1350 2836 Gell.
1388 2786 1444 2835 N.
1480 2786 1531 2835 Α.
1571 2786 1619 2846 V,
1657 2786 1706 2837 6.
1740 2795 1792 2837 ,et

664 2854 888 2917 inprimis
937 2853 1065 2916 Lips.
1117 2854 1401 2916 de'Magnit.
1440 2853 1576 2903 Rom.
1620 2854 1691 2915 ΙΙ,
1738 2853 1789 2904 9.

664 2930 780 2973 torn.
832 2920 926 2982 ΙΙΙ,
976 2937 1025 2985 p.
1065 2920 1165 2971 716
1211 2936 1319 2985 sqq.
1368 2921 1447 2973 ed.
1485 2921 1659 2983 Vesal„
1708 2922 1790 2986 qui

664 2989 844 3039 multus
884 2997 957 3038 est
992 2990 1052 3038 de
1088 2991 1179 3038 hac
1215 2990 1429 3039 materia.

731 3057 775 3106 d.
813 3058 862 3106 in
888 3055 1025 3105 libris
1043 3054 1202 3118 vitae]
1228 3057 1314 3120 Ep.
1337 3057 1396 3106 ad
1419 3055 1624 3121 Philipp.
1646 3056 1719 3117 IV,
1740 3056 1788 3107 3.

731 3139 774 3173 e.
812 3121 963 3185 virga]
1000 3124 1127 3174 Esai.
1167 3124 1243 3183 xl,
1265 3124 1307 3173 1.
1349 3125 1594 3188 Purpurae
1630 3132 1678 3174 et
1714 3124 1788 3173 la·

663 3200 739 3241 tus
790 3191 978 3251 clavus,
1033 3193 1216 3241 securis
1252 3200 1302 3241 et
1334 3192 1491 3253 virga,
1530 3192 1785 3253 magistra-

662 3266 795 3307 tuum
833 3259 1052 3318 insignia.

730 3326 761 3373 f.
799 3321 1033 3389 Viderint]
1070 3325 1508 3388 Frequentissimus
1543 3334 1618 3375 est
1641 3326 1786 3377 huius

661 3391 917 3441 locutionis
954 3392 1083 3455 apud
1119 3392 1466 3442 Tertullianum
1494 3409 1651 3455 usus,
1697 3409 1787 3446 nec

659 3458 945 3520 antiquioris
992 3460 1161 3509 aetatis
1209 3461 1529 3523 scriptoribus
1573 3462 1787 3525 ignotus,

661 3524 742 3574 ubi
779 3524 887 3574 aliis
925 3527 992 3574 rei
1030 3526 1296 3591 cuiuspiam
1337 3523 1785 3592 cura‘relinquitur.

661 3592 863 3641 Tertull.
911 3592 979 3642 De
1018 3593 1135 3647 Pali.
1186 3609 1289 3657 cap.
1326 3594 1357 3643 6
1402 3596 1625 3656 „Viderit
1659 3612 1788 3648 nunc

659 3659 971 3725 philosophia
1024 3661 1139 3724 quid
1199 3661 1408 3724 prosit.“
1482 3663 1547 3710 De
1605 3664 1783 3715 Paenit.

659 3742 765 3792 cap.
805 3727 837 3778 2
871 3730 1093 3790 „Viderit
1128 3743 1243 3790 ergo
1280 3728 1481 3792 ingratia
1513 3731 1784 3792 hominnm,

657 3795 702 3845 si
751 3798 893 3847 etiam
940 3796 1084 3846 bonis
1133 3798 1270 3847 factis
1318 3798 1660 3861 paenitentiam
1698 3815 1782 3848 co-

658 3862 777 3924 git.“
826 3864 936 3914 Δάν.
976 3864 1203 3927 hermog.
1239 3880 1345 3929 cap.
1386 3865 1407 3926 1
1450 3867 1582 3924 „Sed
1616 3869 1786 3917 viderit

656 3945 899 3995 persoua3
959 3947 1066 3982 cum
1120 3933 1337 3983 doctrina
1392 3934 1505 3983 mihi
1563 3936 1782 3998 quaestio

658 3997 785 4047 est.“
855 3999 966 4049 Λᾶν.
1004 3999 1183 4050 Valent.
1217 4016 1321 4066 cap.
1358 4000 1390 4051 9
1440 4002 1663 4062 „Viderit
1697 4017 1783 4051 so-

657 4063 910 4126 loecimus..
947 4067 1120 4131 sophia
1157 4070 1283 4118 enim
1322 4083 1501 4119 nomen
1538 4069 1664 4119 est.“
1715 4070 1782 4119 De

657 4131 782 4193 virg.
820 4132 1014 4183 veland.
1074 4149 1179 4198 cap.
1230 4135 1260 4184 7
1315 4136 1561 4198 „Proinde
1612 4138 1782 4187 viderit

655 4199 903 4250 saeculum
954 4202 1196 4252 aemulum
1244 4203 1352 4263 dei,
1404 4205 1445 4254 si
1494 4203 1641 4269 sqq.“
1710 4204 1781 4254 De

654 4266 785 4317 Test.
821 4269 1018 4318 Animae
1054 4284 1158 4335 cap.
1204 4270 1227 4320 1
1281 4272 1562 4333 „Vides-int,
1618 4272 1659 4322 si
1697 4275 1779 4337 qui

653 4334 713 4384 de
760 4334 904 4385 unico
942 4345 989 4387 et
1023 4337 1131 4387 solo
1168 4339 1259 4390 deo
1296 4340 1779 4402 pronuntiaverunt.“

650 4401 722 4451 Da
757 4403 923 4452 Anima
961 4419 1065 4468 cap.
1110 4406 1458 4468 10'„Viderint
1492 4408 1780 4472 disciplinae

653 4476 701 4520 et
735 4478 882 4533 artes,
916 4473 1115 4523 viderint
1151 4481 1197 4524 et
1235 4474 1473 4536 efligies.“
1527 4476 1595 4525 Ad
1634 4475 1776 4541 Scap.

653 4539 804 4601 cap.4
836 4540 1091 4601 „Viderint
1125 4541 1205 4605 qui
1225 4550 1407 4592 sectam
1431 4544 1776 4595 mentiuntur.“

651 4604 850 4668 Apolog.
900 4622 1007 4671 cap.
1051 4607 1112 4657 16
1161 4608 1318 4668 „Cum
1357 4609 1540 4672 lignum
1577 4610 1776 4676 aliquod

651 4673 967 4736 propitiatur,
1014 4677 1183 4727 viderit
1217 4677 1436 4741 habitus,
1476 4693 1584 4729 cum
1621 4687 1779 4731 mate-

902 4784 922 4815 B

2101 2447 2183 2497 32.
2209 2435 2597 2513 'prosperitatum
2631 2447 2718 2499 AR.
2788 2453 3019 2514 proprie-

1893 2650 1996 2700 riae
2043 2650 2247 2716 qualitas
2284 2650 2453 2702 eadem
2489 2650 2580 2710 sit,
2631 2649 2795 2699 uiderit
2831 2650 3018 2713 forma,

1895 2718 2007 2768 dum
2059 2719 2106 2768 id
2160 2721 2318 2783 ipsum
2367 2718 2444 2767 dei
2495 2731 2666 2780 corpus
2699 2716 2815 2765 sit.“
2888 2718 3016 2768 lbid.

1894 2800 1999 2848 cap.
2036 2785 2102 2836 25
2147 2787 2366 2847 „Viderit
2402 2785 2595 2850 Cybele,
2629 2785 2670 2834 si
2704 2784 2874 2834 urbem
2911 2786 3014 2835 Ro-

1874 2868 2083 2903 ·manam
2142 2862 2190 2902 et
2236 2854 2518 2903 memoriam
2572 2853 2763 2915 Trojani
2821 2856 3020 2914 generis

1894 2920 2181 2971 adamavit.“
2244 2922 2362 2971 ibid.
2399 2936 2505 2985 cap.
2536 2918 2608 2970 42
2643 2921 2899 2982 „Viderint
2935 2924 3017 2986 qui

1894 3003 1982 3052 per
2018 2988 2245 3053 capillum
2283 2988 2602 3039 odorantur.“
2639 2989 2708 3038 ad
2743 2989 2871 3038 Natt.
2910 2990 2949 3049 1,
2986 2989 3014 3037 7

1889 3058 2193 3118 „Viderimus
2242 3056 2302 3105 de
2351 3056 2444 3106 tide
2491 3057 2724 3115 istorum,
2775 3056 2887 3105 dum
2925 3070 3015 3105 suo

1891 3125 2000 3173 loco
2038 3124 2372 3186 digeruntur.“
2431 3124 2548 3175 ibid.
2585 3123 2625 3184 1,
2669 3122 2730 3173 12
2765 3163 2798 3185 ,‚
2813 3124 3016 3173 Viderint

1889 3207 2018 3241 nunc
2053 3191 2359 3250 liniamenta,
2413 3191 2526 3241 dum
2564 3206 2657 3240 uua
2695 3192 2758 3241 sit
2793 3190 3017 3255 qualitas.

1885 3262 2053 3310 viderit
2101 3260 2275 3318 forma,
2320 3259 2432 3309 dum
2472 3259 2630 3323 ipsum
2677 3260 2742 3309 sit
2791 3259 2867 3308 dei
2905 3274 3019 3309 cor-

1888 3327 2035 3391 pus.“
2109 3327 2228 3376 ibid.
2266 3327 2326 3387 ll,
2363 3326 2397 3377 6
2453 3328 2704 3388 „Viderint
2740 3326 2886 3388 igitur
2924 3328 3018 3376 bu-

1889 3408 2058 3443 manae
2096 3395 2342 3444 doctrinae
2377 3393 2699 3458 patrocinia.“
2747 3395 2880 3444 Adde
2918 3395 3018 3444 Cic.

1889 3462 1948 3511 ad
1984 3463 2076 3511 Au.
2113 3462 2214 3521 xil,
2235 3461 2318 3511 21.
2358 3462 2585 3522 Quinctil.
2619 3462 2771 3511 instit.
2805 3463 2941 3511 Orat.
2980 3461 3018 3521 1,

1887 3529 1938 3587 4,
1977 3529 2058 3579 10.
2109 3530 2158 3589 V,
2202 3529 2290 3590 13,
2333 3530 2410 3579 11.
2466 3529 2573 3590 vn,
2614 3530 2671 3589 1,
2710 3528 2792 3578 54.
2847 3529 2929 3589 xl,
2967 3527 3039 3591 3,,

1890 3595 2004 3646 135.
2045 3597 2234 3646 Petron.
2273 3598 2426 3662 Satyr.
2464 3612 2570 3661 cap.
2603 3596 2683 3646 87.
2735 3597 2873 3646 Ovid.
2911 3601 3018 3647 Am.

1887 3663 1959 3723 ΙΙ,
1997 3664 2112 3714 371.
2173 3664 2318 3714 Trist.
2357 3665 2405 3724 V,
2444 3664 2504 3725 2,
2543 3663 2624 3714 43.
2698 3664 2934 3714 Similiter
2970 3673 3023 3713 et

1888 3732 2054 3783 Graeci
2105 3733 2317 3796 passim,
2366 3741 2419 3782 ut
2453 3733 2647 3782 Luciau.
2715 3731 2837 3781 Dial.
2877 3732 3021 3781 niort.

1887 3807 2004 3848 tom.
2043 3800 2102 3880 ¹²1
2117 3815 2165 3863 p.
2181 3799 2278 3850 267
2316 3800 2413 3861 (ed.
2451 3800 2606 3855 Voss.)
2641 3789 3023 3880 ,Ἀμφίλοχος

1883 3860 1990 3931 μὲν
2036 3880 2195 3919 ουτος·
2243 3858 2313 3915 ἂν
2360 3860 2521 3927 εἰδείη
2569 3860 2656 3914 ὅτι
2691 3866 2841 3932 αυτῷ
2881 3880 3022 3915 ana·

1884 3929 2101 4000 κριτέον
2134 3928 2278 4015 ὑπὲρ,
2318 3926 2587 4014 αὖτρῦ.”·
2629 3934 2698 3984 ld.
2737 3937 2943 4017 (ἔξωρα)
2985 3935 3024 3985 1.

1884 4002 2152 4138 {fait}
2183 4017 2281 4118 225
2312 3996 2373 4117 ’ἷέ
2405 3994 2918 4130 satians&
2961 4037 3020 4120 εἰ

1885 4152 1976 4188 uos
2025 4153 2116 4201 „er
2152 4152 2261 4201 mag
2296 4140 2544 4188 zusehen“
2582 4138 2652 4188 vel
2691 4140 2888 4202 plenius
2927 4154 3022 4200 „er

1885 4220 1994 4269 mag
2027 4206 2256 4267 zusehen,
2291 4208 2381 4255 wie
2417 4222 2470 4257 er
2494 4204 2644 4256 damit
2672 4207 2814 4269 fertig
2841 4205 3018 4256 πίε-(1)*

1949 4289 1993 4337 g.
2034 4275 2142 4339 equi
2180 4289 2289 4325 cum
2327 4275 2522 4334 coronis
2558 4270 2703 4341 suis-J
2738 4275 2919 4325 Notum
2941 4282 3020 4324 est

1881 4341 1929 4390 in
1966 4343 2223 4406 triumphis
2260 4356 2413 4406 equos
2440 4351 2701 4393 coronatos
2728 4343 2899 4393 ruisse.
2939 4343 3018 4393 Cl'.

1883 4409 2017 4459 Ovid.
2057 4410 2201 4460 Trist.
2239 4409 2310 4470 Il,
2353 4409 2464 4460 178.
2529 4410 2600 4460 lv.
2638 4409 2698 4469 2,
2737 4409 2802 4459 22
2843 4419 2891 4461 et
2925 4409 3013 4459 48.

1877 4476 2009 4527 Fast.
2048 4476 2120 4537 Vl,
2158 4476 2270 4528 726.
2309 4477 2445 4528 Pont.
2481 4477 2543 4540 11,
2586 4478 2631 4539 1,
2667 4476 2750 4528 58.
2805 4478 3015 4528 Martial.

1880 4544 2042 4609 Epigr.
2082 4545 2176 4605 vll,
2215 4545 2263 4595 7.

1947 4615 1995 4662 h.
2035 4611 2265 4663 lobannis
2323 4612 2521 4677 Apocal.
2558 4613 2714 4672 xviii,
2753 4612 2804 4661 7.

1945 4682 1979 4730 i.
2016 4689 2259 4745 suggestu.
2338 4681 2386 4731 h.
2424 4696 2468 4731 e.
2504 4687 2709 4740 ornatu,
2747 4688 3010 4746 apparatu.
