3263 5311
632 446 716 508 20
1145 456 1346 509 onim-1
1391 452 1646 497 srrrnm
1689 453 2016 497 rnontxris
2063 453 2449 496 Taurunum

631 627 746 671 nus
790 607 1050 669 noveris.
1138 607 1270 668 Non
1314 625 1456 685 ergo
1491 607 1607 667 hoc
1636 605 1831 666 solum
1875 606 1915 636 ¹⁷
1929 603 2370 684 respiciendum
2395 610 2508 678 est,
2552 621 2587 664 a
2615 620 2734 683 quo
2763 603 2960 664 omnia

633 710 754 771 sint
796 708 1064 770 instituta
1085 755 1101 782 ,
1121 691 1256 796 ‘sed
1300 726 1335 768 a
1377 726 1494 786 quo
1539 725 1843 769 conversa.
1929 707 2018 767 lta
2063 706 2221 767 enim
2263 704 2595 786 apparebit,
2642 704 2683 736 ¹⁸
2695 705 2787 766 cui
2829 704 2965 765 usui

633 810 753 871 sint
797 810 1101 883 instituta,
1176 808 1227 868 si
1273 816 1578 889 appareat,
1638 809 1783 870 ²¹?cui
1826 825 1969 868 non.
2055 806 2299 868 Multum
2344 807 2593 868 interest
2633 806 2787 868 inter
2823 824 2963 866 cor-

635 910 924 991 ruptelam
969 918 1028 970 et
1072 910 1486 989 integritatem,
1532 909 1671 988 quia
1709 909 1958 970 multum
2003 915 2098 969 est
2135 908 2294 969 inter
2335 908 2734 969 institutorem
2777 916 2838 967 et
2867 908 2964 967 in-

634 1012 1073 1092 terpolatorem.
1150 1010 1480 1072 ”Ceterum
1526 1029 1739 1071 omnes
1786 1010 2017 1091 species
2061 1009 2371 1083 malorum,
2418 1027 2567 1088 quae
2610 1009 2782 1070 etiam
2827 1008 2963 1068 etli-

631 1104 746 1174 fiici
776 1114 815 1145 ²¹
834 1121 897 1172 ut
925 1112 1247 1173 indubitata
1279 1119 1339 1173 et
1366 1111 1688 1192 prohibent
1715 1119 1775 1172 et
1803 1110 2156 1186 defendunt,
2201 1130 2272 1171 ex
2313 1110 2596 1191 operibus
2637 1108 2731 1170 dei
2757 1109 2962 1170 ²²con-

630 1222 807 1275 stant.
874 1214 974 1273 Vis
1018 1213 1399 1274 homicidium
1446 1214 1627 1286 ferro,
1673 1231 1925 1287 veneno,
1969 1212 2265 1292 ”magicis
2296 1210 2794 1273 devinctionibus‘
2819 1229 2962 1290 per-

627 1314 771 1376 fici?
857 1314 1004 1376 Tam
1065 1316 1288 1375 ferrum
1350 1313 1502 1374 2⁸dei
1566 1332 1666 1376 res
1732 1323 1858 1388 est,
1919 1332 2093 1394 quam
2157 1312 2408 1387 herbae,
2473 1330 2646 1392 quam
2711 1310 2964 1390 angeli¹¹.

626 1415 974 1495 ”Numquid
1020 1423 1215 1476 tamen
1257 1414 1317 1475 in
1374 1414 1635 1477 hominis
1680 1415 1944 1476 ²¹⁵necem
1995 1421 2200 1477 auctor
2254 1414 2368 1475 ista
2408 1411 2772 1494 ”providit‘t
2851 1413 2964 1472 At-

564 1578 571 1585 ,
626 1517 767 1597 quin
812 1536 1049 1591 omnem
1078 1515 1433 1577 ”homicidii
1478 1515 1738 1595 speciem
1780 1534 1900 1577 uno
1946 1523 2005 1577 et
2043 1515 2350 1597 principali
2378 1521 2691 1596 praecepto
2718 1513 2963 1574 ”inter-

350 1636 486 1679 sxod.
514 1635 602 1689 xx,
630 1618 787 1680 imit:
860 1618 993 1679 Non
1038 1617 1294 1678 occident.
1380 1616 1641 1679 Proinde
1683 1635 1911 1692 aurum,
1956 1636 2080 1692 aes,
2124 1626 2462 1696 argentum,
2507 1616 2672 1689 ebur,
2720 1614 2965 1693 lignum,

426 1688 490 1730 ω’
631 1728 692 1780 et
732 1728 1111 1799 quaecunque
1156 1717 1508 1779 fabricandis
1552 1717 1730 1778 idolis
1775 1719 2017 1779 materia
2060 1718 2400 1799 ³‘’captatur‚
2445 1717 2578 1797 quis
2623 1716 2683 1777 in
2728 1715 2962 1777 sacculo
2999 1802 3010 1809 ἠ

625 1821 848 1903 posuit,
894 1819 1010 1883 nisi
1056 1819 1273 1880 saeculi
1317 1827 1525 1881 auctor
1566 1817 1766 1881 deus?
1851 1819 2147 1899 Numquid
2199 1828 2396 1880 tamen
2435 1827 2517 1880 ·ut
2564 1819 2710 1879 haec
2750 1817 2962 1878 adver-

627 1940 731 1983 sus
776 1922 975 2002 ipsum
1017 1920 1383 1982 adorentur?
1467 1920 1686 2000 Atquin
1731 1940 1960 1983 summa
2002 1921 2287 1982 ”offensa
2329 1938 2514 2001 penes
2568 1919 2728 1983 illum
2771 1918 2960 1979 ”ido-

628 2023 856 2085 lolatria
902 2029 1013 2084 est.
1083 2022 1238 2095 Quid
1281 2040 1403 2082 non
1448 2021 1544 2082 dei
1589 2029 1686 2083 est
1723 2021 1939 2102 ³‘'quod
1984 2023 2158 2084 deum
2203 2019 2494 2083 offendit?
2540 2020 2646 2081 sed
2689 2038 2822 2081 cum
2865 2020 2961 2079 of-

626 2123 840 2197 fendit,
899 2123 991 2184 dei
1039 2142 1176 2185 esse
1222 2123 1431 2197 desiit,
1478 2132 1537 2184 et
1581 2143 1715 2185 cum
1759 2124 1965 2199 desiit,
2033 2124 2297 2185 offendit.
2386 2122 2522 2202 Ipse
2566 2123 2779 2196 homo,
2825 2139 2960 2183 om-

625 2225 790 2286 nium
844 2225 1199 2303 flagitiorum
1254 2223 1550 2299 ³*auctum
1617 2244 1742 2287 non
1807 2234 2031 2286 tantum
2098 2243 2249 2305 opus
2316 2224 2445 2297 dei,
2515 2242 2722 2284 verum
2787 2209 2962 2283 etiam

627 2326 818 2403 imago
864 2333 977 2400 est,
1024 2332 1083 2385 et
1126 2332 1321 2385 tamen
1367 2333 1426 2386 et
1468 2344 1721 2406 corpore
1767 2333 1827 2386 et
1855 2326 2067 2406 spiritu
2095 2324 2363 2387 ³¹⁵desciit
2392 2343 2425 2386 a
2458 2329 2567 2386 suo
2599 2323 2959 2384 institutore.

624 2424 826 2504 Neque
862 2425 1020 2486 enim
1054 2425 1261 2487 oculos
1296 2425 1372 2487 ad
1412 2425 2007 2507 ”concupiscentiam
2036 2427 2400 2507 sumpsimus
2442 2425 2561 2486 ”et
2597 2426 2854 2505 linguam
2887 2425 2962 2486 ad

625 2525 1025 2606 maliloquium
1055 2534 1115 2588 et
1143 2546 1318 2588 aures
1349 2527 1422 2589 ad
1451 2528 1888 2609 exceptaculum
1917 2527 2236 2609 maliloquii
2250 2536 2310 2589 et
2326 2527 2519 2606 gulam
2540 2527 2610 2589 ad
2642 2527 2809 2605 gulae
2838 2526 2960 2587 cri-

628 2645 766 2688 men
811 2635 872 2689 et
910 2635 1172 2690 ventrem
1218 2628 1290 2690 ad
1334 2628 1501 2709 gulae
1530 2627 1943 2691 ³¹³societatemi
1975 2637 2034 2690 et
2062 2628 2329 2709 genitalia
2359 2628 2430 2690 ad
2476 2647 2758 2690 excessus
2788 2627 2958 2690 ³‘’im-

625 2728 938 2809 pudicitiae
982 2738 1042 2791 et
1081 2750 1292 2793 manus
1336 2731 1410 2793 ad
1451 2733 1565 2792 vim
1612 2740 1673 2793 et
1713 2750 1959 2812 gressus
2002 2731 2075 2793 ad
2118 2749 2319 2809 vagam
2347 2731 2541 2805 vitam,
2588 2738 2688 2792 aut
2715 2729 2964 2810 spiritus

630 2916 710 2965 17.
744 2917 1099 2982 respiciendum
1137 2927 1227 2979 est,
1263 2934 1289 2966 a
1325 2933 1420 2982 quo
1446 2918 1499 2970 Ε.
1525 2919 1658 2970 Fulv.
1685 2919 1891 2970 Ursinus.
1961 2917 2312 2984 respiciendum
2350 2922 2440 2976 est,
2475 2931 2571 2980 quo
2606 2917 2731 2968 Bco.
2799 2917 2962 2981 respi-

562 3037 569 3044 ,
628 2985 732 3034 cien
749 3021 967 3036 ........
980 2983 1093 3052 Αφ.
1222 2985 1301 3036 18.
1339 2987 1414 3036 cui
1451 2986 1558 3036 usui
1594 2987 1691 3037 sint
1727 2989 1939 3037 instituta
1973 2988 2026 3036 E.
2115 2986 2318 3037 cuiusvis
2365 2985 2577 3034 instituta
2610 2987 2660 3035 A.
2731 2987 2883 3044 „cuius
2916 2986 2963 3035 vi

626 3054 723 3101 sint
757 3054 967 3104 instituta
1001 3056 1185 3119 reliqui.
1293 3054 1373 3105 19.
1411 3057 1487 3105 cui
1522 3070 1618 3105 nou
1634 3056 1723 3105 ΑΕ.
1794 3057 1929 3106 cuius
1965 3070 2060 3105 non
2096 3055 2192 3104 sint
2223 3055 2404 3117 reiiqut'.
2500 3052 2581 3102 20.
2620 3054 2840 3103 Ceterum
2855 3050 2957 3116 Αβ.

628 3118 707 3169 21.
746 3128 798 3170 ut
832 3122 1093 3172 indubitata
1126 3123 1216 3173 ΑΕ.
1316 3124 1578 3172 indubitata
1614 3123 1702 3173 13..
1760 3124 2021 3173 indubitate
2060 3123 2143 3173 CD.
2282 3119 2360 3186 22.
2398 3128 2631 3170 constant.
2680 3119 2757 3170 Vis
2793 3121 2962 3171 BCDE.

626 3189 889 3238 constatius
922 3189 975 3238 A.
1043 3196 1280 3239 constant.
1329 3189 1433 3238 Scis
1469 3191 1558 3239 Ios.
1596 3189 1816 3254 Scaliger.
1888 3199 2121 3240 constant.
2173 3189 2311 3238 Vides
2347 3188 2422 3238 Fr.
2458 3189 2629 3237 Iunius.
2734 3186 2815 3236 23.
2854 3202 2960 3237 ma·

627 3254 745 3314 gicis
780 3255 1109 3305 devotionibus
1147 3256 1329 3305 Golvius
1364 3257 1427 3304 ud
1442 3256 1772 3318 Apuliam.
1801 3258 1836 3318 1,
1864 3257 1912 3307 8.
2017 3258 2096 3309 24.
2134 3258 2209 3306 dei
2245 3271 2323 3306 res
2360 3269 2499 3319 quam
2535 3257 2587 3305 A.
2689 3253 2770 3304 25.
2807 3256 2959 3305 Num-

627 3318 1158 3384 quid——providit?
1193 3337 1281 3371 om.
1316 3319 1415 3384 Αβ.
1525 3321 1606 3372 26.
1645 3338 1761 3372 nece
1796 3334 1870 3375 est
1902 3333 2084 3376 auctor.
2132 3325 2202 3375 lta
2233 3325 2288 3373 B.
2389 3321 2472 3372 27.
2507 3319 2761 3386 prodidit?
2807 3324 2961 3374 um-

625 3388 727 3435 sius
765 3385 871 3435 Grit.
906 3390 1072 3438 Arnon.
1103 3405 1150 3452 p.
1188 3387 1305 3438 235.
1419 3387 1500 3439 28.
1540 3390 1811 3440 homicidiis
1843 3391 1957 3459 Αφ.
2003 3427 2012 3436 .
2077 3392 2158 3444 29.
2193 3391 2421 3442 interimit
2452 3390 2543 3441 ΑΕ.
2613 3392 2850 3440 interemit
2882 3407 2961 3441 re-

626 3454 758 3516 liqui.
876 3451 956 3502 30.
993 3464 1208 3518 captatur
1247 3457 1372 3507 CDE.
1442 3458 1657 3521 capiatur
1691 3458 1742 3508 B.
1814 3476 1900 3525 cap
1915 3496 2043 3511 .....
2055 3459 2170 3527 Αφ.
2211 3507 2217 3512 ,
2289 3458 2370 3510 31.
2407 3455 2770 3510 offensio·BGD.
2874 3458 2962 3508 32.

626 3519 911 3570 idololatria.
961 3523 1081 3579 Quid
1117 3524 1206 3573 ΑΕ.
1335 3523 1418 3575 33.
1454 3526 1580 3588 quod
1618 3523 1715 3577 diio
1762 3529 1960 3579 offendit
1992 3531 2042 3580 A.
2162 3527 2262 3580 34..
2281 3531 2412 3576 actor
2455 3527 2516 3576 D.
2559 3541 2619 3596 ιφ
2665 3528 2820 3577 codice
2857 3527 2963 3577 cle-

622 3590 829 3666 mentis..
943 3586 1025 3636 35.
1058 3591 1229 3641 desciit
1259 3592 1350 3641 ΑΕ.
1441 3592 1636 3644 descivit
1665 3596 1851 3660 reliqui.
1986 3597 2068 3647 36.
2104 3596 2536 3658 concupiscentiam
2572 3595 2834 3645 sumsimus
2866 3595 2962 3646 ΑΕ.

627 3657 1040 3719 concupiscentias
1084 3660 1379 3721 sumpsimus
1427 3662 1612 3725 reliqui.
1750 3663 1831 3714 37.
1867 3672 1916 3714 et
1960 3663 2170 3727 linguam
2204 3663 2327 3713 ABG.
2432 3676 2586 3724 neque
2622 3663 2830 3724 linguam
2870 3662 2960 3711 GD.

627 3721 709 3773 38.
744 3723 1021 3773 societatem
1057 3725 1146 3773 ΑΕ.
1181 3729 1297 3778 liber
1324 3728 1587 3779 sternentis.
1656 3732 1924 3782 satietatem
1951 3734 2135 3798 reliqui.
2239 3728 2319 3780 39.
2347 3729 2669 3794 impudicitiae
2706 3737 2754 3780 et
2787 3744 2961 3780 manns

627 3791 688 3841 ad
723 3792 817 3840 vim
853 3798 902 3840 et
935 3805 1130 3853 gressus
1165 3809 1251 3843 ont.
1286 3796 1336 3845 A.

692 3954 737 4002 g.
774 3941 970 4002 magicis
1004 3941 1402 4010 devinctionibus]
1442 3946 1631 3997 Colvins
1678 3948 1739 3998 ad

623 4007 762 4071 Apul.
810 4007 980 4057 Metam
1022 4010 1058 4070 l,
1095 4009 1141 4059 6.
1195 4021 1463 4063 correxerat
1504 4017 1738 4078 „magicis

624 4075 1002 4136 devotionibus‚“
1032 4077 1161 4140 quod
1196 4079 1478 4141 improbavit
1512 4083 1602 4131 iam
1637 4084 1737 4134 Ou-

625 4142 810 4192 dendor
846 4143 935 4192 ius.
1005 4143 1333 4195 Devinctiunes
1385 4150 1593 4210 magicae
1627 4159 1740 4200 snut

620 4204 805 4257 autad*
825 4221 950 4265 σεις,
987 4207 1335 4277 καταδεσμοί.
1410 4215 1521 4264 vide
1558 4217 1627 4266 sie
1663 4219 1738 4269 his

623 4279 893 4341 iuterprett.
941 4278 999 4327 ad
1049 4280 1216 4341 vergit.
1266 4280 1368 4329 Ecl.
1401 4280 1521 4344 vul,
1558 4283 1639 4332 77.
1692 4294 1740 4334 et

626 4344 687 4394 ad
738 4343 927 4395 Petron.
990 4346 1141 4410 Satyr.
1196 4361 1299 4410 cap.
1362 4349 1469 4398 131.
1528 4350 1739 4402 Tui-neb.

624 4413 736 4463 Δάν.
781 4413 899 4472 xix,
946 4411 1029 4462 22.
1078 4429 1125 4476 p.
1172 4414 1287 4466 661.
1336 4415 1481 4465 Detrii
1532 4417 1741 4483 Disquis.

624 4480 743 4542 flag.
794 4480 876 4538 ΙΙΙ,
924 4495 971 4543 p.
1020 4481 1056 4528 Ι.
1104 4491 1287 4545 quaest.
1328 4484 1399 4545 lv,
1444 4485 1525 4534 25.
1577 4487 1737 4537 Heius.

625 4548 685 4597 ad
722 4547 852 4598 ovid.
906 4550 1007 4598 Am.
1054 4548 1138 4608 lli,
1187 4550 1235 4610 7,
1282 4549 1363 4600 29.
1424 4551 1628 4602 Salmas.
1677 4556 1739 4605 ed

1904 3951 1953 4000 h.
1989 3947 2167 4012 angeli]
2205 3948 2486 3999 Daemones.
2557 3948 2714 4000 Utitur
2759 3948 2960 4012 saepius

1838 4032 1896 4068 eo
1932 4017 2164 4067 vocabulo
2199 4017 2246 4066 in
2282 4017 2411 4067 hunc
2433 4030 2648 4076 sensum,
2685 4022 2736 4065 nt
2753 4017 2961 4080 Apolog-

1839 4100 1942 4149 cap.
1979 4083 2061 4134 22.
2107 4085 2341 4149 ,Angelos
2389 4098 2579 4149 quoque
2630 4084 2772 4133 etiam
2817 4083 2957 4135 Plato

1838 4151 2073 4215 negavit.“

1905 4287 1937 4340 i.
1985 4288 2044 4336 ad
2093 4287 2231 4350 gulae
2291 4282 2594 4350 societatem]
2664 4285 2732 4336 De
2801 4285 2952 4336 leinn.

1840 4368 1943 4419 cap.
1982 4354 2062 4405 17.
2110 4357 2422 4419 „Appendices
2466 4355 2654 4404 scilicet
2697 4356 2834 4418 gulae
2878 4355 2954 4405 lo-

1839 4425 1984 4473 scivta
2037 4430 2080 4472 et
2133 4424 2348 4484 luxuria,
2405 4437 2547 4486 quum
2589 4425 2854 4474 societatem
2905 4429 2956 4472 et

1838 4489 2087 4606 ἷὲοειοΑΙησ
2121 4491 2314 4567 εοίοηεῖ*
2350 4506 2374 4539 s
2412 4507 2456 4555 q.
2471 4490 2626 4607 {Aa}
2620 4489 2863 4608 izibercion.
2858 4488 2953 4607 lg,

1907 4593 1919 4605 .
1959 4594 1990 4616 „
2031 4571 2208 4620 gnosce
2259 4571 2351 4607 sim
2442 4572 2467 4607 e
2521 4573 2573 4608 oo
2706 4572 2854 4619 usqu
2931 4595 2947 4618 ,

626 4616 781 4668 Solin.
816 4631 862 4680 p.
900 4615 1013 4665 766.
1062 4617 1142 4681 qui
1194 4617 1335 4668 etiam
1382 4619 1511 4671 hunc
1543 4621 1735 4673 Tertnl·
1769 4645 1773 4650 ·
1835 4625 2024 4675 libidini
2055 4624 2241 4677 scilieet
2287 4633 2430 4692 atque
2465 4627 2693 4686 mnae,
2742 4639 2949 4689 prospe·

624 4681 739 4733 lieni
774 4684 933 4736 locum
969 4685 1093 4736 citat.

1836 4692 2016 4742 ctum.“
