3263 5311
1167 427 1647 471 sronoossrtcun.

2467 412 2592 475 239

225 576 519 658 appellari
563 577 950 657 imperatui-b.
1040 576 1274 639 Grande
1318 584 1378 638 et
1419 575 1536 639 hoc
1577 594 1801 639 nomen
1844 586 1969 650 est,
2025 577 2187 667 quod
2230 596 2263 639 a
2306 579 2422 640 deo
2468 588 2593 641 tra-

229 679 417 741 ditur.
507 677 695 756 Negat
739 677 780 711 ²³
793 677 957 740 illum
1000 679 1422 758 imperatorem
1477 677 1578 757 qui
1637 678 1813 739 deum
1870 677 2041 752 dicit3
2108 678 2227 740 nisi
2277 679 2460 741 homo
2518 681 2599 743 sit

232 799 364 842 non
429 787 524 840 est
585 778 930 859 imperator.

1030 778 1349 843 Hominem
1412 797 1480 841 se
1535 797 1675 840 esse
1727 779 1904 841 etiam
1960 778 2332 860 triumphans
2387 781 2451 843 in
2494 781 2594 843 illo

231 879 672 943 sublimissimo
714 899 896 942 curru
938 879 1310 942 admonetur.
1399 879 1750 960 Suggeritur
1794 879 1951 941 enim
1997 881 2035 913 ¹⁴
2050 880 2105 941 ei
2150 900 2185 942 a
2228 890 2429 961 tergo:
2474 882 2596 944 Re-

234 982 592 1063 spice-post
633 978 723 1043 te!
813 980 1182 1043 “Hominem
1223 991 1283 1043 te
1327 980 1691 1042 memento·!
1782 980 1912 1042 ¹⁶Et
1976 981 2176 1061 utique
2234 981 2350 1045 hoc
2406 984 2595 1064 magis

237 1082 459 1162 gaudet
497 1090 661 1143 tanta
704 1101 772 1144 se
814 1082 1002 1162 gloria
1044 1100 1393 1156 coruscare,
1437 1090 1506 1143 ut
1533 1080 1615 1144 illi
1647 1081 2023 1144 ''admonitio
2055 1083 2422 1147 condicionis
2453 1103 2598 1146 suae

241 1183 330 1246 sit
371 1184 725 1261 necessaria.
787 1183 982 1246 Minor
1024 1192 1180 1257 erat,
1227 1184 1280 1246 si
1321 1190 1466 1245 tunc
1506 1183 1656 1245 deus
1702 1183 2028 1257 diceretur,
2077 1184 2117 1216 ¹⁸
2132 1185 2269 1264 quia
2295 1203 2421 1247 non
2458 1204 2596 1248 vere

241 1284 555 1346 dieeretur.
645 1284 832 1347 Maior
874 1293 970 1346 est
1011 1286 1113 1366 qui
1156 1292 1495 1355 revocatur,
1543 1302 1619 1345 ne
1664 1303 1729 1346 se
1776 1285 1951 1346 deum
1996 1284 2309 1346 existimet.

410 1385 733 1465 Augustae,
777 1385 1013 1466 imperii
1033 1388 1376 1459 formator·,
1420 1404 1497 1446 ne
1541 1385 1846 1448 dominum
1893 1385 2131 1466 quidem
2177 1386 2291 1449 dici
2320 1406 2386 1449 se
2424 1387 2591 1449 vole·
2608 1408 2919 1467 c.p,xxx1v,.

233 1486 418 1561 bath
486 1495 546 1549 et
599 1487 715 1549 hoc
767 1486 925 1549 enim
983 1487 1078 1549 dei
1123 1496 1219 1548 est
1260 1504 1611 1566 cognomen.

245 1672 329 1723 13.
367 1673 448 1722 ille
487 1674 634 1724 Oxou.
745 1675 824 1726 14.
862 1672 906 1723 ei
940 1690 1030 1725 om.
1047 1670 1163 1740 Αφ.

1289 1673 1367 1723 15.
1406 1673 1659 1724 Hominem
1700 1682 1745 1724 te
1784 1683 2027 1725 memento
2062 1674 2245 1736 (mento
2263 1674 2340 1735 B.)
2372 1676 2559 1726 ABEFG
2583 1712 2596 1725 .

250 1741 631 1805 Vindob.Er[ure.
706 1742 952 1791 homiuem
989 1748 1231 1791 memento
1269 1749 1314 1790 te
1352 1742 1551 1791 Dabcde.

1621 1741 1864 1792 hominem
1903 1751 1967 1801 te,
2004 1742 2247 1792 hominem
2268 1751 2508 1792 memento

247 1807 336 1857 16.
372 1807 432 1856 Et
466 1812 622 1873 utique
657 1805 926 1874 ABFGMeJ.
947 1811 1139 1859 Vindob.
1158 1810 1345 1860 Pan-etii
1364 1810 1490 1860 libri.
1562 1808 1714 1858 Etiam
1753 1809 1917 1873 utique
1952 1811 2106 1861 alcea.
2126 1811 2298 1873 Ersnrt.
2368 1810 2524 1860 Etiam
2555 1826 2595 1863 ο.

245 1875 326 1925 17.
368 1877 566 1925 monitio
599 1873 644 1924 λ.

237 1946 383 2014 siens.
428 1944 617 1994 Υιηᾱοὺ.

757 1876 837 1928 18.
876 1878 986 1942 quia
1023 1891 1121 1927 non
1156 1892 1264 1927 vere
1301 1877 1543 1927 diceretur
1577 1877 1810 1928 om.DEa.
1887 1878 2085 1929 Tueatur
2116 1873 2444 1943 assumeres.
2483 1879 2597 1930 Gor·

377 2010 495 2074 esp.
531 2012 725 2062 xxx1v.
804 2014 1048 2077 Inscriptio
1095 2014 1261 2076 capitis
1308 2015 1359 2061 in
1381 2009 1569 2062 ‘Arm
1624 2012 1816 2062 vindob.
1862 2013 2035 2077 nme.
2088 2012 2237 2065 ozon.
2283 1992 2483 2079 αιεειραι
2530 2021 2599 2065 est

241 2077 316 2127 DE
351 2078 489 2137 (PRO
531 2080 603 2137 G.)
637 2079 904 2130 AVGVSTO
942 2077 1372 2138 memnoni-2„
1419 2082 1468 2128 in
1504 2082 1578 2130 ab.
1615 2078 1736 2129 Nec
1775 2079 2047 2130 hominvm
2081 2079 2202 2129 NlSl
2240 2079 2405 2135 MORE
2442 2081 2596 2131 COM·
2704 2080 2716 2091 ‘

243 2144 381 2196 ΜῩΝΙ
416 2146 847 2197 impl-:nuntiem
881 2146 1031 2197 ESSE
1069 2145 1512 2197 APPELLANDW.

306 2279 355 2329 b.
405 2280 533 2330 Satis
581 2281 755 2330 habeat
789 2281 1027 2345 appellari
1066 2277 1368 2347 imperator]

243 2346 407 2397 Horat.
442 2348 534 2398 od.
570 2348 657 2409 lll,
693 2347 743 2408 6,
780 2348 812 2398 5
862 2349 981 2409 „Dis
1030 2357 1077 2399 te
1130 2352 1370 2400 minorem

245 2415 374 2478 quod
408 2416 553 2477 geris,
590 2416 856 2479 imperas.“

314 2497 357 2532 c.
415 2482 668 2533 Hominem
715 2492 762 2533 te
811 2479 1096 2551 memento]
1155 2484 1223 2534 De
1276 2484 1371 2533 hoc

240 2563 377 2599 more
429 2566 466 2599 v.
520 2558 720 2616 praeter
777 2552 1002 2616 interprr.
1059 2553 1117 2602 ad
1170 2553 1370 2603 Sueten.

237 2616 397 2668 θεων.
437 2634 542 2684 cap.
571 2618 656 2670 91.
709 2628 757 2670 et
788 2619 1043 2681 Bulenger.
1081 2618 1140 2670 de
1175 2620 1369 2670 Trium·

237 2687 348 2750 phis
384 2702 491 2751 esp.
516 2686 595 2737 17.
667 2687 839 2737 isidor.
878 2687 1040 2750 Origg.
1077 2687 1236 2746 xvm,
1267 2687 1369 2746 2‚6

239 2755 416 2812 „Quod
464 2770 575 2804 vero
624 2770 652 2803 a
697 2755 922 2805 carnifice
972 2757 1371 2817 contingebantur

239 2825 333 2877 (sc.
367 2821 754 2886 triumphantes),
788 2822 836 2871 id
872 2837 983 2873 esse
1019 2823 1264 2883 indicium,
1318 2830 1370 2873 ut

244 2887 309 2936 ad
342 2895 524 2938 tautum
559 2891 797 2953 fastigium
834 2893 983 2941 evecti
1028 2890 1392 2942 mediocritatis·

245 2956 489 3004 humanae
512 2958 983 3008 commonerentur.“
1018 2958 1090 3008 Cl.
1112 2958 1233 3008 Plin.
1249 2958 1369 3008 Hist.

247 3022 358 3072 Nat.
397 3023 603 3085 xxviii,
636 3025 669 3075 4
716 3026 938 3086 „Similis
985 3026 1220 3077 medicina
1275 3026 1371 3075 liu-

243 3104 389 3151 guae,
428 3099 478 3140 ut
511 3093 575 3140 sit
609 3101 792 3144 exorata
831 3109 856 3143 a
894 3101 1029 3156 tergo
1051 3095 1239 3144 fortuna
1263 3094 1370 3155 glo·

240 3158 343 3208 riae
393 3160 656 3209 carnifer.“
743 3162 1018 3225 Hieronym.
1067 3162 1126 3212 ad
1173 3161 1371 3211 Paulam

242 3227 451 3276 tom-lv.
487 3241 538 3291 p.
553 3227 635 3278 55.
674 3229 750 3278 ed.
771 3228 947 3279 Beued.
984 3229 1228 3289 „hlonitor
1262 3230 1372 3292 qui-

242 3293 352 3342 dam
389 3295 628 3344 humanae
648 3295 992 3346 imbecillitatis
1020 3305 1293 3361 apponetur
1323 3298 1369 3344 in

241 3361 609 3412 similitudinem
645 3364 1061 3428 triumphantium,
1111 3366 1285 3428 quihus
1323 3364 1371 3412 iu

243 3441 386 3478 curru
421 3438 557 3479 retro
593 3445 759 3481 comes
793 3431 1084 3482 adhaerebat
1135 3446 1223 3496 per
1269 3431 1372 3480 sin·

241 3496 378 3557 gulas
414 3496 790 3548 acclamationes
824 3500 992 3550 civium
1030 3498 1224 3549 diceus:
1273 3499 1373 3548 llo·

241 3564 418 3614 minem
457 3573 504 3614 te
541 3580 654 3615 esse
689 3577 929 3617 memento
946 3563 997 3616 1⁴⁴

309 3631 430 3696 Cap.
465 3632 660 3683 XXXlV.
713 3647 755 3683 a.
791 3637 1030 3696 Augustus
1058 3634 1245 3698 imperii
1271 3634 1374 3683 lor-

243 3695 424 3776 mator]
459 3700 770 3751 Verissimum
797 3703 1025 3764 elogium.
1063 3701 1213 3752 lulius
1246 3702 1374 3750 enim

241 3767 499 3831 imperium
534 3768 843 3819 inchoaverat
891 3777 1076 3819 tantum
1125 3784 1182 3819 ac
1228 3767 1368 3818 veluti

242 3834 567 3899 depalaverat,
601 3845 650 3886 at
666 3838 909 3899 Augustus
944 3838 1165 3888 formavit
1184 3844 1230 3886 et
1250 3851 1369 3887 cou-

241 3902 413 3952 stituit.
465 3904 922 3963 „Rel'ormatorem“
957 3904 1164 3954 eundem
1200 3904 1372 3968 appel-

243 3969 312 4019 lat
345 3969 476 4020 libro
507 3970 569 4020 de
583 3972 754 4022 Anima
790 3971 991 4036 cap.46.
1053 3972 1112 4022 At
1146 3969 1371 4036 „imperii

243 4037 517 4102 formator“
552 4040 682 4102 apud
716 4041 1015 4090 Ammianum
1043 4039 1373 4091 narcellinum

247 4117 346 4153 non
391 4105 559 4155 eadem
593 4097 857 4172 ἐνεργείᾳ,
908 4108 994 4158 sed
1031 4122 1121 4172 pro
1157 4108 1376 4171 principe

244 4178 426 4222 tautum
480 4173 542 4224 ad
589 4175 844 4239 imperium
879 4175 1231 4239 capessendum
1267 4175 1374 4225 ido-

243 4253 354 4289 neo.
425 4239 508 4291 Sic
543 4243 671 4292 enim
725 4242 772 4292 in
808 4244 1027 4294 oratioue
1060 4243 1376 4293 Valentiniani

243 4307 330 4358 lib.
360 4307 513 4357 xxvi.
566 4306 638 4375 [p.
670 4308 786 4360 312.
827 4311 900 4361 ed.
940 4305 1151 4376 Vales.]:
1197 4310 1376 4373 „Quod

240 4381 345 4424 erat
380 4376 527 4438 igitur
557 4377 610 4428 in
643 4391 789 4428 mauu
810 4379 1022 4442 positum
1037 4386 1213 4439 vestra,
1248 4392 1374 4428 uon·

238 4442 356 4492 dum
391 4444 547 4495 electo
585 4446 778 4509 imperii
809 4446 1090 4507 formatore,
1124 4446 1305 4496 utiliter
1329 4453 1377 4497 et

237 4510 457 4573 gloriose
493 4513 835 4578 complestis.“
867 4513 1106 4575 (Harald.)

167 4631 170 4632 a
303 4580 352 4630 b.
389 4593 454 4630 ne
488 4580 743 4631 domiuum
813 4581 974 4633 uidam
1021 4595 1078 4631 se
1111 4581 1203 4632 dici
1240 4582 1372 4633 vole-

235 4641 340 4713 bat]
377 4649 468 4700 Rei
499 4649 770 4720 maiestatis
828 4649 1094 4704 abebautur
1115 4649 1376 4702 Christiani

1472 2282 1600 2345 quod
1640 2282 1851 2331 honores
1887 2282 2259 2345 imperatoribus
2294 2283 2439 2333 tribui
2475 2282 2596 2333 soli-

1470 2356 1546 2398 tos
1584 2350 1820 2409 minuere,
1872 2350 2106 2413 quosdam
2155 2353 2297 2399 etiam
2335 2351 2597 2413 suggillare

1469 2417 1757 2467 viderentur.
1827 2416 1948 2466 Nam
2003 2417 2212 2481 primum
2267 2418 2329 2467 sd
2386 2418 2597 2469 bonores

1470 2484 1656 2534 divinos
1705 2484 1833 2549 quod
1883 2485 2093 2544 adtinet,
2158 2500 2245 2534 eos
2292 2500 2389 2536 non
2437 2486 2598 2536 solum

1471 2553 1530 2601 iis
1566 2550 1759 2601 deterre
1794 2552 2139 2613 detrectabant,
2175 2554 2261 2602 sed
2296 2552 2441 2617 plane
2459 2554 2597 2604 dam-

1472 2621 1650 2670 nabant
1686 2628 1734 2670 et
1770 2620 2137 2684 improbabant,
2192 2621 2321 2685 quod
2369 2621 2599 2672 ostende-

1472 2689 1553 2737 bat
1588 2689 1828 2751 superiori
1851 2690 2006 2752 cspite
2025 2688 2367 2738 Tertullianus.
2415 2690 2598 2739 Eodem

1472 2756 1679 2819 pertinet
1714 2755 1842 2820 quod
1894 2757 1935 2805 is
1981 2756 2196 2819 disputat
2238 2763 2342 2805 toto
2389 2755 2481 2805 boc
2516 2772 2599 2805 ca-

1470 2823 1568 2886 pite
1604 2822 1664 2871 de
1702 2823 1883 2872 domini
1919 2822 2261 2887 appellatione,
2311 2836 2453 2886 quam
2490 2824 2599 2886 qui-

1470 2890 1582 2938 dem
1618 2890 1734 2939 dicit
1752 2890 1947 2939 Caesari
1985 2889 2182 2939 minime
2216 2890 2432 2952 negaris
2457 2889 2600 2940 ctu-i-

1470 2956 1659 3014 stianis,
1712 2956 1904 3020 quando
1942 2971 2076 3006 more
2114 2958 2354 3006 communi
2394 2971 2600 3020 usurpa-

1470 3032 1565 3084 tur,
1603 3037 1752 3087 quum
1788 3031 1947 3073 autem
1972 3024 2229 3074 Caesarem
2266 3024 2329 3074 ita
2352 3023 2603 3087 appellant

1473 3091 1751 3151 dominum,
1800 3100 1851 3141 ut
1885 3105 1994 3140 eum
2031 3092 2107 3140 dei
2144 3090 2253 3140 loco
2291 3091 2601 3152 constituant,

1474 3160 1555 3223 qui
1605 3166 1679 3208 est
1731 3159 1929 3223 proprie
1989 3172 2047 3208 ac
2094 3159 2326 3222 primario
2373 3159 2601 3209 dominus

1474 3227 1691 3276 omnium
1728 3227 1971 3288 gentium,
2026 3240 2109 3276 rex
2143 3227 2311 3287 regum
2348 3241 2406 3276 ac
2440 3227 2600 3277 domi-

1474 3309 1566 3344 uus
1602 3295 1968 3354 dominantium,
2016 3301 2117 3343 tum
2154 3294 2473 3352 Christianos,
2520 3295 2603 3359 qui

1474 3361 1727 3423 sacrilegii«
1753 3369 1897 3425 eaput
1926 3375 2067 3411 suum
2088 3361 2258 3412 nolunt
2278 3363 2602 3425 obstringere,

1475 3429 1565 3479 bae
1600 3427 1925 3493 appellatione
1950 3429 2205 3479 Caesarem
2243 3431 2473 3495 prosequi
2510 3444 2601 3493 pa-

1476 3498 1572 3546 lam
1625 3511 1853 3546 recusare
1912 3505 2055 3560 atque
2114 3499 2385 3561 aspernari.
2480 3499 2601 3549 Tota

1476 3572 1637 3614 autem
1685 3564 1805 3614 baec
1852 3563 2111 3628 disputatio
2162 3565 2305 3628 digna
2357 3575 2432 3617 est
2479 3579 2602 3630 quae

1474 3633 1656 3682 serium
1722 3631 1953 3682 lectorem
2012 3632 2238 3682 advertat.
2333 3633 2607 3683 Occurrunt

1476 3699 1687 3749 enimin
1741 3700 1950 3764 antiquis
1998 3700 2350 3763 martyrologiis
2398 3709 2446 3749 et
2492 3700 2603 3750 aliis

1476 3766 1764 3830 quibusdam
1799 3767 1994 3831 scriptis
2041 3767 2145 3817 loca
2196 3767 2426 3816 nonnulla
2475 3767 2603 3817 uude

1470 3834 1707 3898 suspicari
1745 3835 1900 3899 possit
1936 3833 2109 3898 aliquis
2145 3835 2378 3883 Caesares
2414 3849 2439 3883 a
2461 3834 2603 3884 Chri-

1471 3901 1642 3951 stianis
1678 3916 1768 3965 pro
1804 3902 2014 3952 dominis
2048 3910 2191 3966 atque
2228 3902 2603 3966 imperatoribus

1473 3969 1577 4019 suis
1615 3984 1713 4019 uon
1748 3970 1900 4019 luisse
1938 3969 2146 4028 habitos,
2183 3985 2274 4034 qua
2311 3970 2373 4020 de
2411 3984 2464 4019 re
2489 3972 2603 4034 quia

1473 4035 1736 4102 disputatio
1773 4036 1918 4100 paulo
1957 4044 2041 4086 est·
2064 4037 2301 4096 diffusior,
2347 4038 2604 4089 diatribam

1476 4105 1738 4170 separatim
1796 4105 2035 4155 dabimus.
2135 4105 2359 4156 Ceterum
2428 4108 2605 4171 pagani

1476 4187 1621 4239 quum
1658 4173 1828 4223 fideles
1873 4174 1933 4222 ad
1980 4173 2347 4223 sacrificandum
2383 4174 2605 4238 compel-

1476 4241 1651 4301 lerent,
1686 4240 1829 4293 simul
1867 4242 2009 4291 etiam
2046 4241 2336 4306 quandoque
2371 4242 2495 4292 banc
2514 4257 2605 4306 ap-

1512 4308 1791 4359 ellationem
1828 4308 1888 4357 ab
1923 4309 1982 4359 iis
2016 4310 2300 4359 nominatim
2339 4309 2605 4373 exigebant.

1516 4391 1635 4428 oeus
1672 4384 1747 4426 est
1782 4376 1872 4426 bac
1906 4376 1966 4426 de
2001 4391 2055 4426 re
2091 4377 2293 4439 insignis
2312 4376 2362 4427 in
2386 4377 2604 4428 celeber·

1477 4446 1602 4494 rimo
1651 4445 1737 4494 illo
1784 4443 2035 4508 Polycarpi
2082 4459 2236 4506 agone
2285 4445 2413 4508 apud
2449 4444 2605 4494 Euse-

1475 4511 1608 4562 bium
1646 4512 1767 4562 Hist.
1802 4511 1993 4562 Eccles.
2035 4511 2122 4561 lib.
2157 4512 2242 4570 lv,
2279 4510 2373 4562 32:
2422 4503 2607 4566 »ἕπει-

1475 4578 1585 4627 θον
1642 4571 2152 4646 παρακαθεζόμενοι
2195 4573 2289 4626 καὶ
2335 4574 2599 4641 λέγοντες,

1475 4641 1534 4697 τί
1562 4641 1675 4715 γὰρ
1709 4639 1877 4696 κακόν
1910 4639 2063 4699 ἐστιν
2095 4638 2267 4699 εἰπεῖν
2283 4640 2605 4712 ΚύριεΚαῖ-
2708 4693 2717 4698 .

1713 1487 1913 1548 Dicam
1956 1487 2130 1568 plane
2171 1487 2596 1568 imperatorem
2700 1553 2711 1563 ,
