3263 5311
9 3891 18 3961 ..,
7 3676 15 3853 ww„-

62 3699 79 3714 Ο

636 372 759 437 120
1162 385 1364 441 omni-1
1407 382 1668 429 semim
1708 380 2036 429 nonianus
2081 384 2469 431 warunnam

631 534 1003 617 sacrilegum,
1047 534 1098 597 si
1142 534 1411 599 confiteri
1450 524 1991 616 ”perseveraverit
2076 533 2198 597 ”Si
2261 553 2385 597 non
2439 535 2523 596 ita
2573 532 2748 612 agitis
2800 532 2958 594 circa

631 637 802 709 “nos
843 643 1152 711 nocentes,
1194 636 1395 716 ”ergo
1438 655 1553 698 nos
1615 636 2142 725 innocentissimos
2184 635 2533 709 ⁷¹iudicatis‚
2598 652 2732 697 cum
2785 633 2956 714 quasi

532 808 543 819 ,
632 738 1159 803 innocentissimos
1202 756 1325 804 non
1378 738 1556 799 vultis
1612 737 1702 805 in.
1732 756 1800 799 ea
1864 737 2243 799 consessione
2304 754 2719 816 perseverare,
2781 754 2957 815 quam

629 839 1227 913 ”necessitate,.non
1269 837 1496 905 iustitia
1537 838 1925 900 damnandam
1964 837 2056 900 ”a
2113 837 2283 916 vobis
2343 836 2594 899 sciatis.'
2651 836 2956 898 Vocifera-

629 949 729 1004 tur
769 940 982 1003 homo:
1016 939 1398 1022 christianus
1443 959 1598 1003 sum.
1687 938 1865 1014 Quod
1909 946 2004 1001 est
2045 938 2218 1014 dicit3
2283 946 2347 1001 tu
2399 938 2492 999 vis
2536 931 2741 999 audire
2795 936 2958 1017 quod

629 1061 752 1104 non
796 1049 910 1104 est.
993 1039 1312 1105 ⁷⁴Veritatis
1360 1041 1796 1122 extorquendae
1837 1041 2146 1122 praesides
2191 1040 2266 1103 de
2309 1038 2484 1101 nobis
2528 1040 2678 1101 solis
2705 1038 2958 1101 menda-
3051 1069 3057 1077 ·

514 1150 551 1161 ‘⁴
628 1142 786 1204 cium
825 1141 1198 1209 ”elaboratis
1242 1142 1466 1207 audire.
1552 1142 1684 1204 Hoc
1724 1160 1877 1216 sum,
1934 1140 2141 1221 inquit,
2207 1141 2368 1221 quod
2419 1140 2655 1221 quaeris
2700 1159 2776 1203 an
2819 1138 2958 1202 sim.

625 1243 841 1316 ”Quid
884 1261 981 1309 me
1025 1251 1269 1324 torques
1314 1243 1381 1307 in
1418 1240 1814 1325 perversum?
1879 1242 2200 1318 Confiteor,
2245 1250 2307 1304 et
2347 1250 2625 1323 torques:
2679 1239 2820 1321 quid
2861 1241 2959 1302 sa·
2997 1286 3010 1297 .

627 1362 817 1417 ceres,
864 1343 920 1405 si
958 1344 1285 1424 negarem?
1337 1345 1519 1408 Plane
1558 1345 1689 1408 aliis
1730 1343 2082 1425 negantibus
2123 1362 2248 1406 non
2288 1342 2458 1405 facile
2497 1343 2676 1404 fidem
2716 1361 2960 1407 accom-

628 1443 917 1515 modatis;
959 1444 1158 1520 nobiS.
1202 1446 1254 1507 s'i
1282 1446 1717 1526 negaverimus,
1762 1446 1963 1507 statim
1987 1436 2274 1533 creditis)¹
2316 1445 2602 1525 Suspecta
2627 1444 2764 1505 ⁷⁷sit
2786 1444 2958 1506 ''vo-

625 1545 721 1608 his
764 1546 880 1611 ista
920 1546 1302 1627 perversitas,
1359 1565 1436 1609 ne
1491 1567 1603 1628 qua
1645 1548 1736 1609 vis
1778 1546 1956 1608 lateat
1996 1546 2059 1608 in
2103 1535 2353 1620 occulto,
2394 1546 2595 1627 ”quae
2637 1564 2747 1606 vos
2788 1544 2959 1607 ”ad-

596 1666 838 1711 ‘versus
881 1647 1162 1722 sormam,
1220 1647 1506 1713 adversus
1549 1656 1818 1711 naturam
1858 1646 2186 1721 iudicandi,
2243 1655 2448 1709 contra
2500 1648 2663 1727 ipsas
2720 1666 2963 1728 quoque

626 1748 668 1783 ⁸¹
683 1748 848 1828 leges
904 1747 1265 1814 ministrem.
1350 1745 1536 1811 ⁸²Nisi
1578 1749 1752 1811 fallor
1815 1749 2003 1823 enim,
2068 1749 2230 1828 leges
2283 1750 2472 1811 malos
2530 1748 2691 1810 erui‘
2729 1748 2959 1821 iubent,
3068 1785 3083 1795 ·

627 1867 751 1910 non
793 1847 1111 1923 abscondi,
1158 1851 1472 1915 confessos
1516 1851 1780 1912 damnari
1834 1848 2275 1930 praescribunt,
2333 1868 2453 1911 non
2499 1848 2743 1912 absolvi.
2827 1850 2965 1913 Hoc

625 1948 1219 2026 ”senatusconsultffi
1262 1952 1382 2014 hoc
1419 1950 1811 2032 “principum
1852 1951 2177 2015 “mandata
2219 1951 2522 2014 definiunt.
2606 1951 2736 2013 Hoc
2760 1949 2960 2031 impe-

626 2049 805 2126 rium,
850 2051 1019 2113 cuius
1061 2051 1320 2114 ministri
1363 2052 1534 2132 estis,
1578 2053 1785 2128 eiviIiS,
1828 2040 1951 2114 non
1998 2052 2291 2132 tyrannica
2333 2051 2713 2114 ”dominatio
2757 2052 2962 2115 ”esta

624 2202 711 2255 67.
739 2205 1057 2268 perseveratis
1092 2206 1296 2257 Ambros.
1433 2206 1513 2259 68.
1551 2206 1602 2257 si
1639 2221 1749 2257 vere
1793 2205 1859 2256 ita
1893 2207 1945 2257 F.
2049 2204 2129 2261 69.
2168 2221 2258 2255 nos
2292 2222 2380 2256 om.
2414 2200 2461 2255 λ.
2563 2205 2646 2256 70.
2686 2220 2797 2268 erga
2834 2200 2962 2257 1362.

627 2271 839 2324 Leidens.
910 2271 992 2321 71.
1027 2273 1246 2322 iudicatis
1280 2288 1386 2323 cum
1424 2291 1512 2327 om.
1546 2270 1592 2324 λ.
1662 2273 1744 2324 72.
1780 2274 2066 2341 necessitate
2102 2273 2293 2324 iniustis
2328 2276 2537 2324 Leidens.
2639 2273 2723 2325 73.
2757 2289 2784 2324 a
2819 2274 2963 2324 vohis

620 2339 819 2405 putatis.
854 2339 1146 2390 Vociferatur
1178 2336 1224 2387 λ.
1343 2341 1427 2397 74.
1462 2342 1652 2393 Veritati
1688 2343 1779 2393 EG.
1816 2344 1988 2406 Erfurt.
2116 2342 2199 2393 75.
2236 2338 2401 2392 audire
2437 2342 2669 2393 laboratis
2700 2337 2749 2391 λ.
2871 2341 2964 2393 76.

628 2406 711 2471 qui
749 2420 826 2455 me
862 2408 947 2458 BC.
1068 2408 1148 2458 77.
1187 2409 1240 2458 tit
1273 2409 1412 2460 nohis
1448 2412 1494 2460 d.
1530 2412 1704 2475 Erfurt.
1773 2409 1836 2459 sit
1871 2410 2009 2459 nohis
2045 2409 2158 2460 Dab.
2193 2410 2395 2460 Λητὼ-οε.
2431 2411 2631 2461 Floreat.
2745 2409 2826 2460 78.
2865 2424 2964 2460 ne·

627 2473 704 2523 bis
739 2473 825 2523 illa
857 2475 911 2524 F.
1025 2474 1108 2525 ¹19.
1146 2491 1269 2540 quae
1304 2492 1394 2526 nos
1428 2479 1544 2528 Dan.
1665 2477 1748 2528 80.
1785 2479 2034 2527 adversum
2069 2479 2274 2526 formam
2307 2478 2361 2527 F.
2401 2479 2590 2529 vindob.
2705 2476 2789 2528 81.
2824 2477 2963 2539 leges

625 2541 824 2602 instiget
853 2541 907 2591 F.
973 2541 1107 2604 leges
1143 2543 1336 2593 infestet
1370 2544 1499 2595 Fulv.
1537 2546 1745 2595 Ursinus.

623 2609 828 2661 Florent-
865 2609 1058 2668 Vindob.
1095 2610 1302 2662 Leidens.
1337 2612 1512 2678 Erfurt.
1579 2612 1681 2665 Nisi
1716 2611 1843 2663 enim
1878 2612 2023 2663 fallor
2056 2614 2236 2678 obedes.

1848 2544 1929 2596 82.
1963 2546 2064 2595 Nisi
2102 2544 2246 2594 fallor
2277 2548 2405 2595 enim
2439 2544 2715 2596 ABCDEFc.
2749 2547 2963 2596 Amores.

2366 2611 2448 2664 83.
2483 2614 2962 2666 senatusconsultum

626 2676 746 2728 Dab.
825 2686 995 2727 senatu
1032 2679 1236 2730 consulti
1274 2680 1324 2732 G.
1358 2682 1557 2731 Floreat.
1646 2691 1844 2731 senatus
1880 2681 2087 2730 consulit
2118 2681 2170 2731 F.
2215 2682 2402 2732 Vindob.
2471 2691 2690 2734 senatum
2727 2683 2966 2733 consultis.

627 2744 718 2795 Bc.
821 2744 904 2796 84.
940 2746 1231 2809 principium
1263 2748 1350 2798 BG.
1380 2749 1598 2800 Zeidens.
1712 2748 1795 2804 85.
1829 2750 2105 2804 mandatum
2143 2748 2190 2800 C.
2225 2750 2352 2800 Leia.
2396 2751 2586 2804 Vindob.
2697 2749 2780 2802 86.
2815 2751 2960 2802 dam·

628 2811 761 2863 natio
796 2829 838 2865 c.
938 2811 1021 2864 87.
1054 2822 1212 2867 vestra
1245 2824 1318 2866 est
1352 2818 1487 2870 abed.

631 2944 758 2995 qnos
792 2937 1036 2996 tamqnam
1083 2942 1311 2986 nocentes
1360 2936 1603 2997 tractatis,
1652 2936 1745 2987 nisi

632 3000 745 3062 qaia
802 3013 892 3049 nos
940 3000 1362 3053 innocentissimos
1424 3001 1747 3055 existimatis?

632 3065 676 3116 si
712 3066 904 3131 quidem
941 3083 1037 3118 non
1062 3070 1212 3120 'vultis
1248 3086 1338 3122 nos
1364 3072 1412 3121 in
1441 3073 1747 3123 contessione

633 3142 798 3185 nostra
835 3150 1160 3199 perseverare,
1197 3153 1338 3202 quam
1374 3139 1509 3188 scitis
1547 3154 1642 3189 non
1673 3139 1747 3189 le·-

630 3215 761 3317 gumd
782 3203 979 3264 institia,
1020 3204 1109 3254 sed
1143 3208 1429 3256 necessitate
1465 3217 1573 3256 esse
1608 3208 1747 3257 dam—

634 3283 729 3319 nan
767 3283 860 3318 am.

703 3349 751 3399 q.
788 3332 1046 3401 ministret]
1081 3335 1186 3385 Hoc
1210 3338 1349 3389 tacite
1370 3338 1605 3402 significat
1625 3341 1747 3392 Ter-

636 3401 885 3463 tullianus,
921 3403 1085 3464 agitari
1122 3419 1206 3453 eos
1237 3414 1289 3456 'et
1323 3406 1381 3456 ad
1408 3409 1528 3457 hanc
1552 3421 1747 3471 perver-

634 3469 825 3518 sitatem
876 3467 1059 3533 impelli
1103 3486 1131 3520 a
1178 3473 1317 3524 malis
1352 3474 1666 3526 daemonibus
1701 3485 1751 3527 et

635 3536 890 3587 insinceris
927 3536 1193 3601 spiritibus,
1234 3542 1312 3604 qni
1349 3542 1564 3606 ipsorum
1602 3545 1748 3595 menti

634 3603 728 3660 vim
765 3604 953 3656 faciant.
1004 3605 1167 3672 Neque
1203 3610 1330 3657 enim
1357 3625 1465 3659 esse
1490 3610 1748 3663 verisimile

636 3671 858 3724 homines
875 3673 1258 3737 sapientissimos
1277 3676 1447 3732 violata
1468 3679 1596 3727 omni
1620 3679 1748 3730 iudi-

639 3739 821 3792 ciorum
849 3740 1005 3792 forma
1040 3749 1088 3792 et
1123 3751 1306 3805 natura,
1342 3744 1461 3809 ipsis
1497 3746 1638 3796 etiam
1676 3747 1749 3796 le-

637 3808 777 3870 gibus
832 3809 1026 3860 calcatis
1081 3809 1309 3861 adversus
1365 3813 1747 3865 Christianorum

641 3889 815 3925 nomen
850 3877 912 3926 ita
950 3878 1127 3938 furere,
1165 3879 1257 3929 nisi
1293 3881 1361 3930 vis
1395 3881 1555 3946 aliqua
1591 3881 1747 3933 latens

522 3991 532 4001 ,
638 3956 726 3992 eos
762 3945 1034 3996 concitaret.
1103 3947 1292 3998 Tractat
1325 3949 1452 3999 idem
1489 3964 1746 4012 argumen-

638 4017 740 4061 tum
774 4009 982 4062 Iustinus
1020 4013 1191 4078 Martyr
1225 4017 1452 4080 Apologia
1478 4017 1515 4067 1.
1559 4019 1633 4067 Vis
1659 4034 1746 4069 an-

638 4086 734 4127 tem
796 4079 873 4128 hic
922 4082 1134 4154 proprie.
1215 4081 1415 4134 Tertull.
1461 4085 1528 4134 De
1578 4087 1747 4136 Anima

640 4140 771 4214 [cap.
812 4142 881 4210 1.]
935 4148 1073 4208 „Etsi
1122 4159 1232 4213 post
1266 4152 1385 4201 deos
1420 4160 1468 4202 et
1501 4167 1607 4203 cnm
1644 4154 1752 4218 deis

639 4213 889 4263 daemonia
1045 4224 1236 4268 utantur
1290 4219 1441 4283 pena
1486 4228 1654 4283 poetas
1700 4229 1750 4271 et

637 4281 898 4346 philosoph
1031 4283 1252 4336 Nondum
1284 4289 1414 4337 enim
1451 4287 1747 4339 Christianae

637 4350 891 4414 potestatis
925 4351 1208 4403 documenta
1237 4366 1588 4417 processerant,
1624 4373 1747 4420 quae

636 4419 729 4468 vim
760 4418 899 4467 istam
936 4420 1391 4482 perniciosissimam
1428 4438 1518 4472 neo
1539 4432 1748 4488 unqn'am

638 4484 833 4545 honam,
869 4487 1049 4549 antiqui
1085 4489 1547 4551 errorisartillcem,
1590 4492 1750 4541 omnis

638 4553 848 4603 veritatis
876 4556 1185 4605 avocatricem
1212 4557 1317 4610 sola
1341 4557 1598 4608 traducitt‘
1634 4559 1751 4618 (He-

640 4620 783 4683 rald.)
828 4619 1041 4677 Eandem
1094 4624 1183 4676 rim
1231 4625 1561 4675 daemonicam
1607 4626 1750 4678 Chri-

1843 2935 2013 2986 stianis
2049 2935 2270 2985 infestam
2307 2942 2441 2984 notat
2473 2934 2599 2986 intra
2634 2949 2737 3001 cap.
2759 2934 2842 2985 27.
2879 2936 2962 2989 Cf.

1844 3002 1913 3054 Ad
1951 3003 2073 3054 Natt.
2113 3003 2148 3064 l,
2184 3002 2231 3053 3.

1912 3085 1952 3122 r.
2002 3066 2127 3136 erui]
2175 3069 2378 3121 Vei-hum
2413 3070 2624 3121 forense.
2691 3070 2774 3121 Sic
2804 3085 2960 3137 supra

1846 3137 1923 3201 „0
1976 3147 2149 3203 quanta
2212 3137 2343 3187 illius
2401 3137 2641 3201 praesidis
2686 3139 2857 3200 gloria,
2910 3140 2958 3190 si

1845 3209 2038 3257 eruisset
2073 3206 2278 3270 aliquem
2314 3205 2395 3271 qui
2431 3213 2620 3257 centum
2658 3206 2749 3255 iam
2792 3206 2958 3256 inl'an-

1845 3281 1923 3324 tes
1960 3269 2311 3324 comedissem*
2363 3288 2468 3338 cap.
2504 3274 2552 3322 7.
2587 3274 2834 3335 „Dicimur
2877 3282 2957 3324 ta-

1846 3355 1958 3392 men
2003 3355 2227 3405 aemper‚
2289 3356 2379 3390 nec
2423 3356 2506 3391 vos
2549 3341 2681 3406 quod
2727 3350 2824 3391 tam
2871 3340 2958 3392 diu

1846 3409 2050 3461 dicimur
2083 3425 2240 3460 eruere
2273 3409 2465 3459 curatis.
2524 3409 2648 3471 Ergo
2684 3417 2766 3459 aut
2789 3411 2957 3472 eruite,

1845 3477 1889 3527 si
1925 3476 2145 3537 creditis,
2182 3484 2264 3525 aut
2294 3477 2441 3527 nolite
2476 3478 2702 3539 credere,
2738 3477 2819 3541 qui
2855 3492 2958 3527 non

1847 3545 2086 3595 eruistis.⁸‘
2144 3545 2216 3595 Cf.
2251 3544 2321 3594 Ad
2353 3543 2477 3595 Natt.
2514 3545 2552 3605 1,
2589 3543 2621 3594 2
2656 3553 2705 3594 et
2736 3544 2782 3595 6.
2829 3545 2957 3597 Ibid-

1847 3612 1887 3671 1,
1926 3612 2005 3663 16.
2041 3612 2236 3673 „Semel
2272 3613 2415 3676 plane
2450 3614 2550 3662 erui
2583 3621 2742 3676 potest
2775 3612 2835 3663 de
2870 3628 2956 3662 sa-

1848 3680 2103 3730 cramentis
2160 3687 2353 3729 nostrae
2397 3680 2661 3746 religionis,
2699 3679 2954 3744 -opinor.⁸‘

1845 3747 2114 3811 symmach.
2148 3745 2300 3812 Epist.
2333 3746 2411 3808 lx,
2446 3748 2493 3797 6.
2529 3748 2730 3807 „Debita
2765 3748 2824 3798 ab
2860 3749 2953 3798 oh-

1845 3815 2000 3865 noxiis
2033 3815 2182 3865 servis
2218 3816 2419 3866 eruenda
2453 3815 2721 3868 mandavi.‘·
2789 3815 2857 3865 ld.
2895 3815 2953 3876 Χ,

1845 3882 1926 3933 62.
1962 3885 2033 3944 „A
2052 3883 2224 3946 quibus
2248 3883 2474 3947 pleraque
2501 3884 2689 3934 servitia
2714 3882 2957 3947 palatinus

1843 3949 2079 4002 Eusebius
2128 3951 2290 4001 iussus
2340 3950 2547 4000 eruere.“
2609 3951 2855 4001 .V.1nret.
2903 3952 2955 4000 in

1845 4018 2115 4083 Symmach.
2175 4019 2325 4082 Epist.
2379 4018 2499 4079 vlu,
2563 4017 2673 4069 109.
2730 4033 2781 4083 p.
2833 4018 2952 4070 154.

1847 4086 2049 4137 Dirksen
2084 4086 2300 4136 Manuale
2334 4101 2376 4134 s.
2411 4101 2451 4135 v.
2488 4102 2536 4152 p.
2574 4086 2689 4137 329.

1913 4170 1953 4204 s.
1991 4155 2232 4219 tyrannica
2268 4153 2528 4204 dominatio
2566 4156 2682 4215 est]
2715 4154 2952 4205 Hei-aldus

1846 4224 2066 4286 apposite
2085 4223 2198 4273 citat
2209 4223 2346 4286 Apul.
2367 4221 2552 4273 Metam.
2565 4222 2621 4282 X,
2635 4218 2760 4288 [cap.
2776 4218 2848 4284 6.]
2863 4229 2955 4283 „ut

1846 4290 1936 4339 rite
1972 4299 2020 4341 et
2053 4304 2187 4341 more
2222 4291 2455 4339 maiorum
2491 4290 2664 4340 indicio
2689 4289 2874 4341 reddito
2904 4297 2954 4339 et

1850 4358 2088 4421 utrimque
2135 4372 2277 4407 secus
2312 4358 2676 4420 allegationibus
2711 4357 2953 4407 examina·

1847 4426 1908 4474 tis
1944 4427 2138 4476 civiliter
2171 4426 2404 4475 sententia
2430 4434 2748 4490 promeretur,
2782 4439 2873 4475 nec
2892 4424 2952 4473 ad

1846 4493 1998 4546 instar
2034 4491 2311 4542 barbaricae
2346 4494 2546 4544 feritatis
2580 4493 2650 4543 vel
2690 4494 2953 4557 tyr-minicae

1847 4561 2140 4680 itztpe‘tcntiae
2195 4560 2501 4613 damnaretur
2545 4561 2720 4632 aliquis
2765 4559 2952 4614 inandi-

1903 4642 1943 4677 s.
