3263 5311
690 396 819 460 204
1190 408 1393 460 ommi
1437 406 1700 452 surum!
1743 404 2076 452 nonanus
2120 403 2512 448 warmunti

690 559 943 624 scientia
984 556 1383 632 Christianus,
1429 555 1668 620 Caesari
1707 554 1909 618 ⁸'tunc
1949 553 2192 616 Tiberio
2235 550 2568 618 nuntiaviv.
2630 549 2750 614 Sed
2793 556 2855 614 et
2882 548 3037 613 Cae·

692 680 861 726 sares
904 659 1297 724 credidissent
1338 675 1524 737 super
1567 655 1838 731 Christo,
1884 655 1936 719 si
1981 662 2083 718 aut
2126 654 2412 718 Caesares
2455 669 2580 715 non
2624 659 2828 714 essent
2868 648 3040 713 ”ne-

693 761 942 826 cessarii
983 759 1276 834 saeculo·,
1339 757 1502 820 ”aut
1554 757 1608 820 si
1663 764 1726 820 et
1766 755 2085 820 Christiani
2140 754 2482 835 potuissent
2535 770 2671 816 esse
2730 751 3042 816 Caesares.

692 860 1031 940 ”Discipuli
1075 878 1314 941 quoque
1368 858 1569 921 diffusi
1633 875 1744 938 per
1796 855 2010 920 orbem
2062 855 2194 918 ”ex
2244 862 2580 936 praecepto
2618 851 2884 932 magistri
2939 851 3043 916 dei

691 969 1042 1044 paruerimt,
1114 961 1217 1040 qui
1261 958 1344 1023 'et
1403 959 1521 1039 ipsi
1574 977 1609 1020 a
1651 957 1884 1022 Iudaeis
1949 954 2455 1035 ”insequentibus
2519 953 2703 1020 multa
2763 953 3046 1034 perpessi

691 1064 897 1143 utique
937 1080 1049 1142 pro
1091 1060 1307 1124 fiducia
1347 1059 1604 1124 veritatis
1646 1058 1902 1130 libenter
1954 1057 2178 1120 Romae
2219 1065 2528 1137 postremo
2568 1055 2734 1134 ”per
2781 1052 3043 1118 Neronis

690 1163 995 1227 saevitiam
1051 1161 1397 1242 sanguinem
1439 1159 1840 1224 Christianum
1879 1158 2338 1222 seminaverunt.
2444 1156 2566 1218 Sed
2607 1155 2648 1187 ⁴¹
2671 1153 3042 1217 monstrabi-

692 1283 828 1328 mus
870 1263 1041 1328 vobis
1081 1262 1337 1324 idoneos
1376 1270 1567 1324 testes
1610 1260 1835 1330 Christi
1876 1259 2045 1340 ipsos
2088 1259 2226 1322 iilos
2270 1257 2484 1337 ⁴²quos
2527 1255 2807 1320 adoratis.
2878 1254 3046 1318 uul-

694 1373 820 1428 tum
864 1373 957 1428 est
993 1364 1086 1425 si*
1142 1381 1250 1426 eos
1294 1362 1600 1425 adhibeam
1658 1361 1784 1422 ”ut
1836 1359 2089 1422 credatis
2134 1358 2486 1431 Christianis
2528 1357 2829 1438 “propter
2887 1374 3048 1435 quos

692 1485 819 1530 non
860 1464 1103 1530 creditis
1148 1463 1518 1528 Christianis.
1605 1462 1851 1524 Interim
1892 1460 1992 1526 hic
2032 1468 2128 1523 est
2171 1460 2321 1522 ordo
2364 1460 2666 1521 “nostrae
2709 1458 3049 1523 institutio·

693 1566 823 1637 nis,
868 1565 1029 1630 bunc
1066 1564 1417 1627 ⁴⁶edidimus
1474 1571 1534 1626 et
1575 1570 1775 1627 sectae
1817 1570 1878 1624 et
1928 1560 2191 1624 nominis
2245 1573 2549 1623 censum'⁷
2592 1578 2724 1622 eum
2768 1579 2880 1624 suo
2924 1578 3045 1624 au·

695 1675 881 1730 ctore.
966 1665 1154 1728 Nemo
1196 1665 1315 1728 iam
1357 1665 1656 1732 infamiam
1685 1662 1983 1726 ⁴⁷incutiat
1995 1674 2046 1738 ¹³,
2087 1680 2266 1725 nemo
2300 1661 2457 1724 aliud
2487 1659 2802 1734 existimet,
2845 1659 3050 1741 ⁴⁸quia

695 1783 811 1830 nec
848 1766 939 1828 fas
984 1773 1076 1827 est
1115 1766 1219 1827 ulli
1262 1766 1339 1828 de
1381 1785 1488 1828 sua
1530 1764 1819 1845 religione
1846 1762 2158 1826 ⁴⁴’mentiri
2230 1762 2320 1823 Ex
2362 1781 2436 1824 eo
2479 1762 2637 1826 enim
2683 1761 2840 1841 quod
2885 1760 3052 1824 aliud

699 1885 733 1928 a
776 1884 843 1928 se
885 1865 998 1928 coli
1041 1865 1182 1927 dicit
1222 1885 1399 1946 quam
1441 1866 1610 1939 colit,
1655 1871 1833 1944 negat
1873 1864 2033 1944 quod
2077 1863 2244 1937 colit,
2291 1863 2411 1925 ⁸⁰et
2439 1862 2722 1926 culturam
2752 1870 2813 1924 et
2839 1862 3047 1924 hono·

695 1984 826 2030 rem
882 1966 946 2029 in
999 1966 1246 2028 alterum
1300 1967 1340 2000 ⁸¹
1358 1967 1671 2041 transfert,
1752 1973 1814 2027 et
1868 1963 2279 2027 transferendo
2335 1964 2452 2025 iam
2507 1981 2628 2024 non
2684 1962 2827 2026 colit
2881 1961 3052 2042 quod

696 2064 949 2155 negavit.
1022 2066 1316 2142 Dicimus,
1363 2075 1424 2129 et
1461 2067 1655 2148 palam
1699 2065 1985 2139 dicimuS,
2030 2073 2092 2127 et
2131 2064 2303 2126 vohis
2350 2064 2761 2143 torquentibus
2805 2063 3051 2134 lacerati

699 2175 761 2229 et
798 2167 1083 2229 ⁵²cruenti
1125 2165 1546 2229 vociferamur:
1589 2167 1779 2229 Deum
1822 2165 2070 2228 colimus
2112 2184 2222 2246 per
2264 2165 2625 2227 Christum&
2711 2163 2881 2226 Illum
2925 2163 3048 2226 ho·

700 2319 783 2370 34.
817 2328 917 2369 tum
944 2322 1016 2371 cd.
1073 2319 1266 2370 Caesari
1303 2320 1461 2371 om).
1564 2318 1646 2369 35.
1673 2318 1931 2369 necessarii
1957 2318 2156 2368 saeculo
2177 2316 2775 2380 ABEFG.Er[m-i.vn·ndob.
2844 2315 3051 2367 saeculo

698 2388 961 2440 necessarii
994 2387 1217 2450 Dubcdel.
1337 2386 1419 2437 36.
1462 2394 1542 2435 aut
1577 2393 1625 2436 et
1658 2381 1705 2433 λ.
1781 2393 1861 2435 aut
1897 2392 1946 2434 et
1979 2385 2020 2435 si
2056 2386 2107 2435 F.
2180 2393 2262 2434 ant
2295 2379 2416 2435 1)st
2543 2383 2572 2392 “’
2617 2382 2807 2447 iscipuli
2842 2397 2956 2432 vero
2993 2379 3045 2431 λ.

699 2454 781 2505 38.
819 2469 873 2504 ex
909 2471 1000 2504 om.
1025 2458 1060 2519 s.
1148 2453 1230 2505 39.
1266 2454 1671 2519 persequentibus
1705 2447 1791 2503 m..
1899 2450 1982 2503 40.
2020 2461 2133 2517 post
2151 2452 2366 2502 Neronis·
2629 2450 3052 2502 'monstrabimus

696 2518 868 2573 mdc.
907 2524 1095 2582 flauere.
1183 2522 1623 2571 demonstrabimus
1660 2537 1699 2570 c.
1782 2521 2154 2572 monstravimus
2187 2519 2342 2569 ΑΒΜ]
2613 2579 2616 2580 7
2692 2519 2884 2568 vindob.
2922 2518 3053 2568 Bon-

698 2605 823 2654 oars.
924 2588 1007 2639 42.
1044 2602 1166 2652 quos
1203 2589 1410 2638 narratis
1445 2588 1528 2639 Da.
1634 2586 1718 2638 43.
1755 2595 1807 2638 nt
1841 2586 2048 2637 credatis
2083 2586 2341 2637 Christiani
2610 2601 2726 2644 eam
2758 2585 2916 2635 Desid.
2952 2585 3052 2635 He·

696 2658 848 2708 raldo.
970 2655 1053 2707 44.
1100 2666 1301 2720 propter
1348 2670 1471 2719 quos
1520 2670 1617 2706 non
1665 2655 1861 2706 creditis
1909 2653 2194 2706 Christianis
2240 2670 2329 2705 om.
2366 2645 2440 2705 cd:
2581 2649 2623 2703 ἔτ
2669 2654 2781 2704 haec
2824 2654 2965 2704 versa
2999 2655 3054 2703 is

696 2728 924 2776 veteribus
959 2727 1094 2775 libris
1127 2740 1293 2774 novum
1327 2729 1463 2788 caput
1495 2726 1676 2789 incipit,
1717 2725 1842 2789 quod
1878 2731 1946 2773 est
1979 2724 2247 2785 uiqesimum
2269 2722 2520 2773 secundum
2545 2723 2596 2770 in
2616 2721 2808 2772 Annas.
2835 2720 3048 2782 Vindob„

696 2794 964 2853 viqesimum
1008 2793 1207 2856 primum
1251 2792 1303 2841 in
1338 2791 1390 2841 Ε.
1430 2792 1601 2855 Erfurt.
1642 2791 1790 2842 Oxou.
1834 2790 2023 2841 Vindob.
2108 2790 2349 2853 Inscriptio
2385 2792 2434 2838 iu
2479 2789 2647 2851 Aemi.
2682 2788 2857 2851 Erfurt.
2897 2789 3049 2838 Oxou.

700 2862 899 2925 aliisque
934 2866 1001 2909 est
1037 2859 1114 2907 DE
1151 2857 1271 2908 DEO
1311 2858 1745 2909 ΟΜΝΙΡΟΤΕΝΤΕ
1781 2857 1859 2906 ΕΤ
1897 2856 2196 2917 cntusm„
2231 2860 2282 2906 iu
2318 2857 2368 2905 G.
2405 2856 2481 2905 DE
2518 2854 2779 2906 cflRtSTo
2816 2854 2895 2904 ET
2932 2854 3049 2905 0!-

697 2926 1091 2985 NIPOTENTE„
1147 2928 1197 2975 in
1231 2929 1307 2976 ab.
1352 2925 1430 2975 DE
1467 2924 1730 2976 cnmsro
1780 2925 1861 2975 ΕΤ
1909 2923 2287 2973 DAEttovas
2333 2922 2654 2981 EonquvE
2702 2921 2929 2971 vtntssvs
2967 2922 3050 2973 m·

700 2993 1073 3044 ac‘rtomnvs.
1205 2993 1289 3042 45.
1326 3001 1492 3042 noster
1527 2995 1583 3043 E.
1619 2993 1794 3055 Erfurt.
1933 2990 2017 3041 46.
2054 2990 2241 3040 edimus
2273 2985 2320 3037 λ.
2364 2990 2553 3040 Havete.
2630 2991 2769 3040 Verba
2804 2997 2853 3040 et
2885 2996 3052 3040 sectae

701 3076 790 3111 om.
825 3062 880 3110 D.
997 3060 1080 3110 47.
1118 3060 1360 3110 concutiat
1391 3055 1439 3108 λ.
1567 3060 1652 3110 48.
1691 3061 1801 3124 quia
1839 3058 1977 3109 nefas
2010 3057 2066 3107 Ε.
2106 3058 2252 3109 Oxos.
2290 3058 2464 3120 Erfurt.
2584 3056 2668 3107 49.
2718 3056 2923 3107 mentiri.
2977 3056 3048 3106 Eo

700 3127 828 3180 enim
862 3122 951 3193 2!-
1033 3128 1117 3178 50.
1153 3135 1202 3177 et
1235 3128 1471 3178 culturam
1507 3142 1597 3178 om.
1633 3122 1700 3191 λῙ.
1731 3128 1926 3177 flavere.
2032 3124 2116 3174 51.
2153 3125 2382 3175 transfert
2407 3125 2674 3188 DEubcdal.
2695 3125 2867 3188 Effert.
2896 3125 3051 3175 oxon.

699 3188 965 3245 transferet
1004 3196 1127 3245 Ant.
1172 3195 1361 3245 vindob.
1465 3196 1755 3245 transferret
1792 3194 1844 3245 G.
1984 3191 2067 3243 52.
2115 3191 2351 3242 cruentati
2399 3192 2718 3242 vociferamur
2761 3187 2808 3242 λ.
2854 3191 3052 3243 Heme.

701 3262 884 3313 cruenti
919 3264 1239 3313 vociferamus
1274 3263 1325 3312 F.
1371 3262 1564 3313 Vindob.
1600 3324 1613 3333 ·
1634 3261 1819 3311 cruenti
1856 3260 2111 3310 vociferari
2149 3260 2200 3311 G.

769 3401 803 3443 t.
841 3394 1036 3444 Caesari
1072 3403 1187 3447 tunc
1214 3396 1407 3447 Tiberio
1442 3390 1712 3460 nuntiavit.]
1750 3395 1823 3445 Cf.

700 3460 907 3510 Fabricii
943 3462 1103 3515 Codex
1138 3464 1405 3528 Apocryph.
1443 3464 1499 3514 N.
1521 3465 1576 3512 T.
1605 3464 1639 3512 Ι.
1660 3461 1826 3527 p.214

702 3535 750 3578 et
784 3526 884 3579 298
919 3544 1026 3594 sqq.
1079 3530 1159 3580 ΙΙΙ.
1198 3547 1247 3596 p.
1274 3530 1393 3581 455.
1430 3530 1554 3581 Tob.
1601 3529 1825 3580 Eclihard

699 3595 1239 3648 Non-Christianorum
1290 3598 1350 3647 de
1397 3597 1590 3647 Christo
1625 3598 1823 3648 Testim.

514 3696 523 3703 -
582 3722 587 3729 ,
699 3678 751 3728 p.
777 3664 875 3714 114
910 3680 1017 3729 sqq.
1056 3664 1227 3715 Franc.
1273 3664 1501 3715 Buddeus
1538 3665 1726 3716 comm.
1765 3665 1825 3714 de

700 3731 871 3782 Pontio
910 3732 1060 3783 Fit-io
1096 3733 1271 3794 Evang.
1309 3731 1528 3782 Veritatis
1564 3733 1708 3783 Teste
1755 3733 1826 3792 (in

701 3799 805 3849 eius
841 3800 1019 3850 nediu.
1063 3800 1246 3859 Sacris)
1292 3797 1451 3865 p.6·1.'
1494 3798 1822 3865 Pseudopilati

701 3865 937 3930 epistolae
971 3874 1133 3917 extant
1166 3868 1308 3918 etiam
1330 3869 1376 3918 in
1397 3867 1474 3918 ed.
1495 3867 1668 3920 Colca.
1693 3866 1820 3932 Opp-

700 3931 911 3995 Dionysii
962 3934 1277 3998 Areopagitae
1320 3950 1371 4001 p.
1396 3935 1513 3985 757.
1562 3944 1610 3986 et
1659 3936 1707 3986 in
1743 3934 1822 3985 ed.

699 3998 967 4049 Barraeana
1017 4002 1143 4067 Opp.
1179 4003 1461 4054 Tertulliani
1509 4003 1636 4053 inter
1681 4008 1823 4051 notas

698 4065 762 4182 ἑά
791 4066 976 4182 1⁰:⁹55·
1010 4069 1326 4133 Apologetici.
1394 4070 1528 4121 Adde
1563 4068 1821 4119 Euseb.fl.

741 4166 754 4179 .
838 4166 854 4193 ,
925 4167 940 4181 .

767 4212 816 4248 u.
852 4200 895 4248 si
930 4207 1012 4249 aut
1046 4201 1281 4251 Caesares
1314 4217 1412 4253 non
1448 4209 1613 4252 “sent
1649 4215 1821 4253 ueces-

699 4266 818 4317 sarii
852 4262 1076 4333 saeculo]
1112 4268 1215 4318 Hoc
1250 4277 1325 4318 est
1358 4271 1563 4333 imperio
1584 4268 1822 4332 Romano,

700 4333 830 4397 qnod
867 4334 1048 4385 tamdiu
1084 4335 1367 4386 duraturum
1404 4336 1627 4389 dicabant
1650 4351 1822 4402 qnam-

697 4400 781 4450 diu
815 4400 1084 4452 saeculum.
1151 4402 1217 4452 Ex
1264 4403 1351 4454 illo
1401 4404 1620 4455 videlicet
1656 4404 1822 4456 Pauli:

697 4468 903 4520 Tantum
939 4471 1019 4533 qui
1054 4477 1203 4529 tenet,
1238 4478 1412 4522 teneat.
1481 4473 1553 4524 ΕΙ.
1588 4473 1822 4537 Vopiscus

697 4535 758 4587 de
792 4536 1048 4589 Aureliano
1100 4539 1226 4600 „Hic
1258 4539 1397 4601 finis,
1451 4541 1635 4606 inquit,
1667 4542 1823 4590 Aure·

696 4600 828 4655 liano
848 4606 955 4668 fuit,
972 4606 1182 4673 principi
1201 4608 1478 4661 necessario
1497 4608 1652 4673 magis
1676 4622 1821 4674 quam

1923 3393 2110 3444 bono.“
2147 3392 2359 3456 (Rigalt.)
2405 3392 2478 3443 Cf.
2513 3393 2688 3454 Rigalt.
2723 3393 2785 3442 ad
2819 3392 2888 3441 De
2924 3390 3050 3443 idol.

1923 3462 2093 3526 capitis
2132 3461 2213 3512 18.
2248 3475 2304 3512 ea
2339 3462 2480 3511 verba
2529 3461 2607 3520 „si
2643 3474 2806 3522 regem
2840 3459 3052 3524 denique

1924 3530 2031 3579 fieri
2066 3530 2291 3579 conscius
2324 3531 2400 3579 sui
2435 3529 2569 3589 regni
2603 3526 2832 3589 refugit.“
2987 3578 2996 3585 ,

1991 3611 2035 3646 v.
2072 3596 2270 3646 uultum
2307 3603 2382 3645 est
2415 3591 2484 3660 si]
2521 3595 2596 3647 Cf.
2614 3595 2777 3645 adnot.
2797 3593 2856 3645 ad
2878 3593 3053 3658 cap.6.

1991 3679 2051 3712 w.
2089 3657 2312 3727 censum]
2349 3663 2400 3713 V.
2437 3678 2561 3728 quae
2583 3663 2873 3713 adnotavere
2897 3662 2960 3712 ad
2981 3661 3052 3713 De

1925 3731 2118 3782 Corona
2155 3730 2355 3795 cap.13.
2877 3756 2890 3763 -

1989 3813 2034 3848 x.
2070 3797 2225 3848 Nemo
2250 3798 2346 3847 iam
2370 3797 2616 3849 infamiam
2645 3791 2867 3858 incutiat]
2903 3795 3052 3849 necte

1924 3864 2195 3916 fleraldus:
2244 3864 2397 3917 Nemo
2431 3866 2528 3915 iam
2569 3862 2882 3915 rumusculos
2916 3862 3050 3924 illos,

1923 3933 2005 3997 qui
2041 3932 2102 3983 ad
2136 3932 2419 3995 religionem
2457 3939 2676 3983 nostram
2722 3929 3053 3983 infamandam

1923 3999 2237 4063 dissipantur,
2273 4001 2500 4060 iiicutiat,
2554 3999 2602 4048 id
2638 4005 2713 4049 est
2745 3997 2944 4048 obiiciat
2977 4004 3053 4048 at.-

1924 4082 2018 4131 que
2052 4075 2299 4132 opponat;
2337 4081 2480 4117 nemo
2501 4065 2631 4116 aliud
2650 4066 2890 4117 existimet
2905 4079 3053 4129 prae·-

1921 4143 1998 4185 ter
2033 4135 2081 4185 id
2117 4135 2249 4199 qnod
2283 4135 2600 4198 profitemur,
2648 4133 2790 4197 quia,
2826 4131 2872 4183 si
2906 4132 3052 4196 quid-

1924 4215 2068 4267 quam
2087 4201 2527 4262 dissimularemus,
2550 4201 2645 4251 ism
2665 4200 2811 4251 fidem
2829 4207 3051 4251 nostram

1921 4269 2286 4332 abnegaremus.

1990 4353 2036 4400 y.
2070 4337 2222 4389 Deum
2260 4337 2466 4389 colimus
2505 4351 2595 4401 per
2629 4329 2920 4400 Christum]
2957 4334 3050 4399 cy·

1921 4404 2078 4469 prian.
2115 4405 2177 4455 de
2211 4404 2334 4457 ldoi.
2353 4404 2565 4455 vanitate
2588 4402 2756 4468 cap.7.
2775 4417 2827 4466 p.
2845 4402 2927 4453 16.
2953 4401 3051 4463 (ed.

1924 4471 2126 4531 Oxou.):
2163 4473 2337 4533 „Hunc
2356 4472 2570 4533 magistri
2590 4484 2760 4522 eorum
2782 4478 2928 4534 atque
2948 4470 3052 4534 pri-

1922 4553 2108 4599 mores,
2141 4539 2234 4590 hoc
2269 4547 2345 4590 eat
2377 4553 2502 4604 quoa
2537 4547 2588 4590 et
2618 4539 2840 4590 doctrina
2884 4537 2971 4588 ille
3004 4542 3052 4587 et

1921 4606 2161 4672 sapientia
2194 4608 2504 4668 revincebat,
2551 4606 2744 4658 accensi
2780 4606 2852 4655 ira
2888 4612 2938 4655 et
2972 4605 3047 4655 in·
