3263 5311
754 421 879 484 820
1227 435 1430 487 omn-rr
1475 432 1739 479 sar-rum
1780 431 2114 477 nom-ris
2160 432 2554 478 marsanam

751 586 898 648 tium
940 584 1110 647 navis
1155 581 1458 646 ecclesiae.
1535 582 1660 645 Illis
1704 583 1861 644 enim
1903 582 2072 645 venia
2116 592 2366 663 negatur
2407 580 2612 662 quide
2640 580 2759 642 fide
2786 580 2853 641 in
2884 579 3097 642 ²'blas-

745 685 1044 768 phemiam
1087 684 1480 764 impegerunt.
1546 684 1821 746 Ceterum
1867 684 2085 746 ethnici
2130 691 2191 745 et
2230 683 2510 746 haeretici
2553 682 2771 744 cotidie
2814 699 2895 743 ex
2936 681 3095 744 blas·

469 787 987 869 1rim.1‚20-phemia
1031 795 1363 865 emergimt.
1465 783 1584 847 Sed
1641 784 1755 847 etsi
1799 784 1977 858 dixit,
2045 783 2289 846 Tradidi
2332 802 2440 846 eos
2483 793 2723 846 satanae
2775 782 2873 844 uti
2914 781 3096 845 disd-

746 889 968 970 plinam
1032 886 1367 965 acciperent
1427 904 1551 947 non
1616 884 2097 965 blasphemandi,
2185 885 2260 947 de
2323 885 2538 947 ceteris
2604 884 2751 945 dixit
2814 882 2919 963 qui
2986 883 3092 946 ὗε

749 988 977 1051 traditis
1021 994 1289 1060 satanae,
1334 986 1394 1047 id
1440 995 1534 1047 est
1577 994 1742 1047 extra
1787 985 2096 1047 ecclesiam
2137 985 2454 1065 proiectis,
2513 984 2733 1047 erudiri
2776 983 3095 1046 haberent¹

746 1087 1275 1169 blasphemandum
1317 1104 1439 1149 non
1487 1104 1644 1148 csse.
1712 1085 1811 1148 Sic
1852 1086 2033 1165 igitur
2074 1094 2136 1147 et
2174 1087 2465 1149 incestum
2508 1086 2940 1147 fornicatorem
2982 1102 3091 1145 non

747 1192 810 1253 in
855 1188 1362 1260 emendationem,
1427 1186 1537 1247 sed
1589 1186 1653 1246 in
1707 1183 2104 1268 perditionem
2154 1186 2398 1249 tradidit
2450 1195 2722 1259 satanae,
2789 1186 2867 1247 ad
2926 1204 3088 1266 qun

749 1291 863 1353 iam
910 1307 1092 1369 super
1133 1287 1487 1348 ”ethnicum
1533 1286 1932 1366 delinquendo
1978 1287 2324 1359 transierat,
2372 1297 2436 1348 ut
2463 1287 2760 1349 discerent
2790 1286 3088 1349 fornican-

749 1391 888 1454 dum
933 1408 1054 1451 non
1099 1407 1257 1451 esse.
1318 1388 1620 1468 Denique⁸
1665 1388 1728 1449 in
1769 1388 2107 1462 interitum,
2150 1389 2371 1468 inquit,
2417 1388 2641 1463 carnis,
2688 1406 2819 1448 non
2862 1388 2933 1449 in
2964 1406 3089 1451 cn-

748 1493 990 1565 ciatum,
1053 1492 1246 1570 ipsam
1306 1488 1698 1551 substantiam
1768 1489 2086 1563 damnans,
2153 1507 2263 1569 per
2319 1506 2495 1570 quam
2550 1488 2883 1561 exciderat,
2956 1506 3091 1568 quae

476 1604 717 1657 leur-vd>-
748 1591 961 1656 exinde
1003 1592 1120 1653 iam
1161 1590 1420 1670 perierat
1459 1589 1817 1669 baptismate
1861 1589 2148 1663 amisson
2193 1599 2261 1651 ut
2300 1591 2574 1670 spiritus,
2621 1589 2851 1668 inquit,
2900 1588 3089 1650 sulm

747 1694 827 1756 sit
870 1696 933 1756 in
986 1692 1083 1755 die
1137 1690 1381 1753 domini.
1481 1690 1558 1751 Et
1612 1691 1689 1753 de
1743 1691 1860 1752 hoc
1914 1689 2071 1751 enim
2129 1700 2477 1770 quaeratur,
2554 1690 2608 1752 si
2666 1688 2927 1769 spin'tns
2982 1690 3086 1750 ho—

742 1796 921 1858 minis
987 1793 1177 1874 ipsius
1244 1791 1474 1852 salvus·
1508 1792 1641 1854 erit.
1750 1791 1908 1871 Ergo
1972 1777 2191 1854 salvus⁸
2237 1792 2350 1854 erit
2420 1790 2665 1872 spiritus
2726 1797 2905 1853 tanto
2964 1808 3087 1853 sec·

743 1897 866 1959 lere
908 1894 1205 1975 pollutus,
1249 1899 1497 1972 propter
1537 1891 1657 1953 hoc
1694 1891 1927 1973 perdita
1969 1911 2176 1966 carne,
2222 1891 2345 1955 ”ut
2385 1892 2586 1955 salvus
2638 1891 2720 1953 sit
2768 1891 2837 1954 in
2884 1909 3085 1972 pem

742 1996 901 2074 Ergo
945 2011 1200 2074 poenam
1246 1992 1377 2054 sine
1420 2010 1597 2055 carne
1653 1992 1923 2055 censebit
1978 1994 2272 2055 contraria
2327 1992 2769 2074 interpretatio,
2841 1991 2961 2054 ³¹⁸si
3002 2011 3085 2055 re·

745 2093 1176 2158 surrectionem
1221 2086 1417 2156 carnis
1462 2093 1789 2156 amittimus
1806 2107 1866 2154 V.
1941 2093 2232 2174 Superest
2272 2094 2451 2173 igitur
2499 2101 2566 2155 ut
2590 2092 2791 2155 ⁸'eum
2822 2094 3083 2173 spiritum

743 2196 956 2259 dixerit
995 2196 1099 2275 qui
1141 2195 1205 2256 in
1248 2194 1498 2257 ecclesia
1541 2201 1824 2257 censetur
1866 2194 2120 2270 salvum,
2188 2195 2249 2257 id
2305 2204 2400 2256 est
2440 2196 2735 2275 integrum
2782 2203 3079 2274 praestas·

744 2297 884 2361 dum
929 2296 990 2358 in
1032 2296 1129 2358 die
1185 2296 1411 2358 domini
1468 2296 1540 2358 ab
1596 2296 2105 2359 immunditiarum
2158 2296 2540 2376 contagione,
2615 2295 2811 2356 eiecu»
2866 2296 3079 2358 inoen·

473 2424 716 2478 icor.v,c.
743 2399 1123 2460 fornicatore.
1211 2396 1516 2476 Siquidem
1573 2396 1909 2474 subiungit,
1962 2395 2099 2458 Non
2151 2397 2352 2470 scitis,
2410 2395 2570 2477 quod
2622 2395 2937 2458 modicum
2972 2397 3079 2456 fer·

741 2505 1007 2561 mentum
1052 2505 1236 2559 totam
1279 2497 1594 2576 ”desipiat
1653 2496 2195 2580 consparsionem?
2279 2498 2355 2559 Et
2398 2507 2593 2559 tamen
2633 2497 2960 2560 fornicatio
2996 2497 3078 2558 ia·

746 2608 905 2663 cesta
951 2617 1074 2662 non
1119 2607 1245 2661 erat
1288 2597 1619 2674 modicum,
1666 2599 1774 2663 sed
1816 2599 2038 2680 grande
2082 2600 2458 2662 fermentum.

390 2701 400 2710 '
473 2718 710 2778 cap.nv.
918 2701 992 2762 Et
1032 2701 1129 2764 his
1174 2700 1371 2786 itaque
1415 2699 1740 2775 discussis,
1787 2719 1934 2781 quae
1978 2701 2470 2777 intercesserant,
2520 2699 2836 2781 regredior
2878 2702 2961 2762 ad
3001 2718 3083 2761 se-

746 2803 997 2865 cundam
1055 2802 1529 2875 Corinthiorum,
1599 2812 1665 2864 ut
1726 2801 1977 2882 probem
2041 2801 2185 2863 illud
2216 2812 2481 2883 ‘quoque
2535 2801 2799 2883 apostoli
2852 2801 3081 2865 dietu-

434 2917 717 2969 11c0r.n,6.
748 2903 1014 2965 Sufficiat
1069 2903 1361 2965 eiusmodi
1419 2902 1650 2965 homini
1704 2903 2028 2983 increpatio
2096 2904 2211 2967 ista
2275 2923 2427 2984 quae
2481 2923 2514 2965 a
2568 2902 2773 2965 multis
2840 2921 2974 2964 uon
3036 2904 3081 2963 ἰ

742 3004 1123 3066 fornicatoris
1169 3005 1522 3084 ¹personam
1554 3005 1891 3067 convenire.
1967 3005 2031 3067 Si
2078 3004 2236 3067 enim
2282 3005 2616 3067 dedendum
2659 3011 2913 3066 satanae
2954 3022 3083 3085 pro-

740 3106 1109 3165 nuntiaverat
1150 3103 1211 3164 in
1257 3102 1560 3166 interitum
1603 3106 1831 3180 carniS,
1878 3106 2083 3185 utique
2124 3106 2500 3168 damnaverat
2532 3122 2668 3166 eum
2696 3104 2895 3184 magis
2928 3120 3085 3184 qm

738 3205 1164 3284 increpaverat.
1272 3203 1436 3266 Alius
1491 3223 1636 3286 ergo
1695 3213 1822 3268 erat
1879 3208 1972 3268 cui
2032 3207 2220 3269 voluit
2274 3207 2548 3269 sufficere
2589 3206 3085 3286 increpationem:
3156 3276 3157 3281 γ

743 3322 827 3374 32.
861 3322 1164 3386 blasphemia
1198 3324 1249 3374 A.
1353 3322 1436 3373 33.
1490 3325 1711 3375 ethnicos
1761 3325 1847 3377 CD.
1951 3324 2033 3376 34.
2081 3334 2133 3376 ut
2178 3342 2267 3377 om.
2297 3328 2348 3375 A.
2454 3324 2535 3375 35.
2589 3323 2671 3374 Sic
2714 3325 2848 3375 Ne.
2892 3326 3087 3375 Ursa-a.
3156 3342 3157 3345 ¹

743 3389 825 3441 36.
863 3403 972 3439 cum
1007 3395 1058 3440 A.
1164 3388 1246 3439 37.
1283 3389 1490 3456 desipiat
1523 3393 1923 3456 conspersionem
1964 3393 2050 3444 GD.
2157 3390 2366 3457 decipiat
2400 3392 2804 3457 consparsionem
2838 3393 2935 3442 ΑΒ.

879 3458 999 3520 Cap.
1033 3456 1150 3507 XIV.
1222 3457 1267 3507 1.
1304 3471 1514 3521 persona
1548 3461 1600 3509 A.

811 3564 845 3605 t.
882 3555 1062 3605 erudiri
1099 3551 1355 3621 baberent]
1391 3557 1460 3606 De
1499 3558 1589 3607 hac
1624 3566 1866 3610 structura
1968 3556 2119 3625 mus-J
2170 3560 2321 3610 Erant
2355 3561 2438 3625 qai
2484 3558 2618 3611 Pauli
2664 3558 2813 3609 verba
2870 3559 3091 3619 „uad-s

744 3623 806 3673 cf.
843 3622 953 3672 adn.
991 3622 1049 3671 ad
1069 3621 1139 3671 De
1160 3622 1320 3684 Fuga
1309 3639 1355 3672 in
1379 3624 1621 3674 Per-secut.
1662 3640 1766 3690 cap.
1786 3625 1863 3675 12.
1965 3635 2163 3677 satanae
2199 3629 2246 3676 in
2283 3628 2527 3677 interitum
2565 3627 2743 3686 carnis,
2796 3634 2847 3674 ιι
2900 3630 3089 3691 ’
3012 3628 3021 3635 “

808 3704 857 3740 n.
895 3684 1135 3755 Denique]
1190 3690 1340 3740 Adeo.
1392 3691 1442 3740 V.
1480 3707 1603 3756 quae
1640 3693 1867 3743 adnotata
1965 3694 2126 3744 salvus
2160 3693 2308 3747 sitin
2342 3694 2422 3744 die
2440 3693 2678 3751 domini,“
2713 3693 3085 3758 sicaecipinh
3152 3698 3153 3711 ¹

665 3786 694 3797 --
740 3766 856 3809 sunt
890 3758 949 3807 ad
967 3756 1171 3822 Apolog.
1209 3773 1315 3822 cap.
1340 3757 1423 3808 42.
1501 3759 1604 3808 Alia
1646 3761 1864 3824 exempla
1964 3774 2075 3811 esse
2110 3760 2325 3811 dicerent
2360 3774 2553 3827 nempe,
2596 3774 2793 3810 carnem
2831 3760 3085 3812 faeiat&
3152 3798 3153 3811 ,

738 3826 958 3889 reperies
994 3825 1063 3874 De
1084 3825 1283 3875 Patient.
1310 3841 1417 3904 cap.
1429 3826 1479 3877 4.
1530 3826 1598 3877 De
1615 3827 1862 3892 Baptismo
1964 3828 2097 3878 iuius
2131 3843 2274 3894 quem
2295 3829 2473 3878 Paulas
2508 3826 2702 3878 tradidit
2726 3828 3085 3879 satanaevasfis
3152 3830 3153 3841 ¹

741 3907 848 3957 cap.
872 3893 950 3943 10.
1033 3892 1104 3943 De
1141 3893 1269 3954 Fuga
1317 3894 1364 3943 in
1403 3892 1647 3944 Persecut.
1687 3910 1790 3960 cap.
1815 3894 1862 3945 2.
1965 3896 2255 3946 cruciatibus
2285 3903 2515 3946 extortam
2540 3895 2772 3959 periisse,
2810 3896 3085 3946 atita-al-

741 3967 790 4009 et
826 3974 930 4024 cap.
950 3959 998 4010 6.
1069 3959 1137 4008 Ad
1173 3960 1370 4024 Scapul.
1408 3976 1512 4026 cap.
1539 3961 1582 4011 1.
1642 3963 1712 4012 De
1746 3963 1863 4014 Exn.
1962 3970 2092 4013 tatus
2129 3977 2275 4013 carne
2310 3964 2512 4028 spiritus
2548 3960 2708 4012 aalma
2764 3972 2911 4012 esset
2946 3966 2997 4013 in
3028 3962 3083 4012 fi

741 4025 910 4076 Castit.
949 4025 1157 4090 cap.13.
1965 4030 2165 4080 domini.
2236 4030 2365 4080 Haec
2401 4038 2559 4080 antem
2597 4030 2950 4092 interpretatio
2986 4042 3083 4080 cea-

805 4107 848 4141 v.
894 4093 1183 4157 baptismate
1232 4089 1437 4159 amisso]
1497 4095 1729 4144 Amisisse
1775 4097 1863 4145 ba·
1965 4097 2111 4147 traria
2148 4094 2596 4163 tuitSeptimianae‚
2635 4109 2762 4160 qnae
2800 4099 3083 4216 uesica

737 4159 916 4223 ptisma
951 4160 1127 4210 dicitur
1161 4162 1241 4224 qui
1277 4168 1392 4224 post
1427 4161 1736 4211 lavacrorum
1755 4161 1863 4213 ido
1966 4178 2060 4229 que
2093 4164 2330 4243 spiritum
2389 4165 2573 4215 salvum
2622 4164 2730 4213 fore
2781 4167 2984 4216 conces!

739 4226 960 4277 lolatriae
997 4234 1045 4275 et
1082 4228 1327 4277 moechiae
1375 4227 1445 4276 vel
1483 4228 1730 4278 homicidii
1768 4231 1865 4280 cri-
1962 4232 2041 4281 Ait
2090 4232 2236 4293 igitur
2291 4232 2568 4296 opinionem
2624 4232 2937 4281 contrariam
2992 4244 3083 4282 san

741 4308 851 4344 men
888 4294 1126 4352 inciderit,
1178 4303 1232 4343 ut
1276 4303 1443 4343 contra
1483 4294 1596 4345 Can.
1623 4294 1864 4347 xxxvm.
1964 4310 2175 4363 poenam
2227 4299 2504 4350 facinoroso
2552 4298 2623 4348 illi
2676 4296 2993 4359 adscribere,
3048 4306 3083 4345 ι

740 4361 941 4411 Consilii
969 4360 1147 4410 Eliber.
1186 4360 1424 4411 lavacrum
1462 4376 1602 4412 suum
1624 4362 1863 4426 integrum
1965 4366 2073 4415 sine
2109 4380 2254 4415 carne
2290 4375 2438 4428 esset,
2485 4366 2579 4416 boc
2614 4372 2689 4416 eet
2736 4373 2795 4415 nt
2841 4367 2963 4417 eiu
2995 4377 3085 4417 m

737 4428 918 4479 habere
955 4428 1128 4478 dicitnr
1163 4428 1243 4493 qui
1280 4437 1392 4491 post
1414 4429 1642 4494 adeptum
1674 4432 1864 4495 baptis·
1966 4445 2063 4482 non
2113 4442 2419 4496 resurgerem
2491 4448 2545 4483 ex
2599 4446 2659 4481 eo
2708 4446 2829 4483 rere
2866 4448 2985 4484 rena
3017 4433 3087 4481 ab·

739 4510 818 4545 ma
855 4496 1003 4546 nuliis
1039 4495 1183 4546 fuerit
1206 4496 1438 4546 horumce
1456 4498 1710 4547 criminum
1732 4513 1862 4549 rens.
1966 4499 2303 4551 surdissimam
2341 4502 2496 4565 sequi,
2542 4508 2597 4549 nt
2642 4500 2811 4550 ear-ts
2847 4501 2995 4553 illins
3026 4511 3089 4547 re-

740 4562 956 4625 (Rigait.)
1966 4568 2205 4618 surrectio
2241 4582 2340 4618 non
2385 4570 2464 4618 sit.
2546 4568 2629 4617 Sic
2679 4570 3093 4619 reson-eezinu

806 4644 866 4680 w.
915 4631 957 4679 si
1013 4631 1416 4683 resurrectionem
1472 4631 1630 4683 carnis
1685 4633 1863 4682 amitti·
1965 4636 2143 4698 carnis,
2180 4636 2352 4699 inquit,
2388 4635 2669 4686 amittimus.
2706 4624 2945 4696 (Rigalt.)
