3263 5311
1088 437 1164 477 nt:
1209 436 1618 479 pannii-suria.
2399 424 2523 485 649

186 587 340 647 facto
384 602 526 663 ergo
583 584 890 684 plectet-ur.
999 585 1397 649 Vanissimum
1453 593 1550 648 est
1602 584 1830 648 dicere:
1895 585 2097 660 Volui,
2163 606 2274 652 nec
2331 597 2526 652 tamen

76 693 81 700 ‘
186 686 315 750 feci.
406 686 676 766 ”Atquin
730 687 1016 766 perficere
1072 686 1349 762 ¹‘debes,
1405 685 1543 767 quia
1594 686 1714 761 vis,
1774 686 1928 749 ¹⁹aut
1981 705 2096 750 nec
2148 690 2326 762 velle,
2388 691 2525 771 quia

186 805 299 850 nee
348 787 603 868 perficis.
713 787 833 849 Sed
888 787 1016 868 ipse
1070 788 1468 851 conscientiae
1512 797 1646 850 tuae
1689 789 2069 854 confessione
2110 792 2459 870 pronuntias
2475 806 2522 855 ·.

183 888 333 951 Nam
377 888 431 951 si
473 889 697 951 bonum
742 889 1229 971 concupisceres,
1273 889 1558 971 perficere
1600 888 1921 969 gestisses:
1964 902 2186 969 porro⁰
2209 891 2364 954 sicut
2393 911 2522 955 ma-

185 991 308 1054 lum
350 1009 474 1053 non
520 990 790 1071 perficis,
836 1009 946 1053 nec
987 991 1409 1073 concupiscere
1452 990 1764 1054 debueras.
1863 990 2170 1070 ¹'¹'Quaqua
2210 1001 2271 1054 te
2312 992 2521 1057 ”con-

184 1091 485 1165 stitueris,
530 1092 775 1154 crimine
817 1091 1237 1172 adstringet-is,
1280 1091 1417 1172 quia
1459 1100 1560 1155 aut
1587 1092 1806 1155 malum
1835 1091 2126 1166 volueris,
2171 1093 2522 1158 autbertum
2611 1101 2628 1112 ‘

184 1211 311 1258 non
354 1192 787 1274 adimpleveris.

358 1293 647 1356 Omnibus
692 1313 834 1374 ergo
879 1294 1108 1358 delictis
1153 1313 1261 1356 seu
1305 1312 1498 1357 carne·
1526 1312 1636 1357 seu
1677 1293 1890 1375 spiritu
1933 1313 2041 1360 seu
2081 1296 2236 1358 facto
2272 1314 2380 1360 seu
2408 1315 2520 1358 vo-
2558 1309 2756 1366 capam

179 1395 408 1458 luntate
464 1396 800 1458 commissis
856 1395 955 1476 qui
1009 1413 1267 1476 poenam
1326 1415 1437 1476 per
1498 1394 1782 1458 iudicium
1835 1395 2180 1470 destinavit,
2252 1397 2408 1462 idem
2464 1406 2526 1464 et

178 1496 413 1559 veniam
455 1516 564 1577 per
589 1497 1006 1577 paenitentiam
1035 1497 1386 1578 spopondit,
1431 1497 1635 1560 dicens
1665 1496 1738 1560 ad
1767 1496 2086 1578 populum,
2120 1489 2737 1586 ‘Paenitereungffihg
2755 1542 2825 1585 Β.

178 1605 247 1660 et
288 1598 514 1660 salvum
555 1599 761 1661 faciam
803 1607 883 1661 te.
968 1599 1043 1659 Et
1084 1599 1333 1674 iterum,
1378 1599 1555 1675 Vivo,
1612 1598 1835 1679 inquit,
1879 1598 2225 1674 ²dominus,
2267 1608 2332 1662 et
2370 1619 2516 1680 pae-
2547 1592 2729 1697 '‘3³2¹ss

178 1699 494 1764 nitentiam
548 1700 702 1761 malo
748 1718 922 1780 quam
975 1695 1250 1763 inertem.
1357 1699 1516 1780 Ergo
1570 1699 1924 1780 paenitentia
1985 1701 2103 1764 vita
2157 1702 2320 1776 esth,
2387 1721 2521 1765 cum
2703 1713 2716 1735 ·

175 1802 570 1882 praeponitur
611 1801 808 1888 morti.
883 1801 1028 1863 Eam
1072 1811 1132 1863 tu
1178 1811 1483 1884 peccator,
1529 1801 1646 1864 mei
1689 1800 1899 1864 similis
1944 1800 2150 1878 (immo
2179 1820 2276 1864 me
2302 1787 2518 1878 minor,

174 1921 296 1982 ego
341 1902 501 1964 enim
542 1902 957 1983 praestantiam
1001 1903 1065 1965 in
1106 1903 1334 1965 delictis
1378 1921 1571 1966 meam
1616 1908 1936 1983 agnosco),
2005 1902 2085 1966 ita
2129 1903 2336 1966 invade
2359 1951 2375 1979 ,
2441 1905 2520 1967 ita

170 2004 546 2085 amplexare,
592 2012 658 2066 ut
701 2006 1017 2083 naufragus
1060 2004 1303 2067 alieuius
1345 2004 1574 2068 tabulae
1616 2004 1846 2066 fidem⁶.
1934 2003 2093 2067 Haec
2132 2013 2193 2066 te
2236 2015 2513 2085 peccato-

174 2158 262 2209 17.
302 2158 433 2221 atqui
480 2158 529 2207 Λ.
564 2173 625 2206 m.
662 2174 751 2209 sec.
870 2157 948 2207 18.
986 2157 1130 2207 debet
1162 2158 1249 2208 AB.

167 2240 325 2292 quam
360 2227 412 2276 A.
483 2227 682 2290 Quaque
718 2226 890 2276 BCabc.

318 2294 435 2358 Cap.
474 2292 545 2342 lv.
621 2292 663 2342 l.
698 2294 939 2358 paeniteat
974 2302 1019 2343 te
1056 2301 1104 2342 et
1137 2293 1319 2343 salvum
1354 2294 1482 2344 Pulc.
1515 2293 1724 2343 Ursinus.

1368 2157 1445 2208 19.
1484 2164 1563 2207 aut
1599 2173 1688 2209 om.
1714 2157 1802 2207 AB.
1918 2156 2000 2207 20.
2034 2157 2234 2223 Quaqua
2270 2162 2316 2209 d.
2389 2160 2520 2219 Qua·

994 2225 1077 2275 21.
1113 2226 1404 2275 converteris
1440 2227 1666 2286 Latinius,
1701 2225 2155 2344 probb-Figeflusiizb·

1402 2427 1501 2477 vult
1533 2441 1678 2490 agere
1713 2436 1761 2478 et
1796 2428 1948 2492 fracto
1964 2429 2152 2492 navigio
2166 2428 2396 2491 tabulam,
2429 2445 2521 2496 per

1402 2509 1544 2560 quam
1598 2495 1770 2546 salvari
1827 2503 2044 2560 poterat,
2107 2511 2201 2547 non
2257 2500 2514 2550 retentat.“

1400 2564 1622 2613 Ambros.
1661 2563 1721 2612 ad
1756 2562 1882 2626 virg.
1919 2564 2059 2629 Lapa.
2097 2580 2201 2628 cap.
2223 2564 2254 2615 8
2304 2567 2515 2626 „inhae-

1400 2645 1509 2682 rere
1544 2638 1787 2696 tamquam
1823 2632 2082 2696 naufragus
2118 2632 2372 2695 tabulae,“
2420 2636 2450 2685 i.
2472 2649 2516 2686 e.

168 2429 601 2491 concupiscentiae
648 2430 970 2488 contaminat,
1023 2428 1301 2491 imaginaria

170 2497 438 2564 voluptatis
474 2497 745 2562 praesentia
783 2499 1082 2548 frustraneae
1128 2497 1299 2546 volun-

174 2566 293 2616 tatis
328 2580 445 2614 suae
482 2565 806 2615 infelicitatem
842 2564 1044 2624 solatur,
1081 2564 1208 2629 quod
1244 2578 1299 2613 ex

174 2633 338 2684 verbis
400 2632 611 2694 domini,
678 2635 766 2691 Qui
822 2634 989 2683 viderit
1045 2634 1296 2694 mulierem,

166 2717 268 2768 pro
306 2704 433 2751 facto
472 2702 612 2751 cedit.
684 2701 799 2751 Eius
846 2703 1006 2766 itaque
1042 2701 1299 2751 voluntatis

165 2785 286 2821 cnm
323 2771 393 2818 vis
429 2776 556 2818 tanta
594 2770 674 2828 sit,
724 2777 774 2818 ut
822 2769 932 2818 licet
980 2784 1075 2819 non
1114 2770 1177 2819 sit
1211 2784 1290 2818 so·

164 2840 349 2889 latium
383 2837 478 2886 tale
514 2836 642 2901 quod
678 2838 754 2886 sui
789 2844 987 2897 saturet,
1042 2852 1131 2900 pro
1169 2838 1294 2886 facto

162 2915 343 2956 tamen
379 2904 529 2965 cedat,
566 2918 656 2969 pro
693 2905 819 2954 facto
857 2919 971 2967 ergo
1008 2903 1296 2969 plectetur.“

166 2974 440 3023 Rhenanus
484 2970 765 3022 Tertulliani
819 2973 958 3021 rerba
1015 2987 1110 3021 non
1167 2980 1295 3021 recte

164 3039 468 3101 intellegens
513 3055 603 3104 pro
650 3047 700 3090 ut
748 3042 966 3103 reposuit
1011 3055 1108 3100 eur,
1167 3038 1296 3103 qnod

158 3109 292 3160 inde
331 3108 551 3157 omnibus
588 3107 725 3157 libris
762 3107 970 3157 inolevit.

239 3192 295 3226 n.
339 3171 663 3240 pronuntias]
699 3174 900 3224 Verbum
939 3176 1148 3224 forense.
1214 3173 1297 3224 Sic

156 3243 383 3311 apolog.
420 3258 523 3307 cap.
549 3242 581 3293 2
616 3244 845 3307 „quando
882 3266 948 3279 -
986 3266 1048 3276 —
1086 3242 1295 3292 contenti

156 3314 279 3363 sitis
330 3312 394 3361 'ad
440 3310 890 3375 pronumiandum.“
972 3310 1090 3360 ibid.
1150 3310 1294 3374 paulo

154 3388 289 3460 post
340 3379 440 3440 „ln
490 3378 632 3428 uobis
678 3378 801 3428 solis
848 3378 997 3442 pudet
1041 3386 1122 3429 aut
1167 3379 1298 3442 piget

150 3451 297 3515 ipsis
336 3446 615 3496 nominibus
662 3446 903 3496 scelernm
936 3445 1296 3510 pronuntiare.“

237 3549 289 3583 o.
335 3527 510 3597 porro]
548 3530 603 3580 fl.
621 3545 665 3579 e.
697 3530 891 3580 atenim.
950 3531 998 3579 V.
1035 3531 1197 3580 adnot.
1235 3529 1292 3578 ad

148 3602 235 3652 Do
276 3600 476 3650 Corona
512 3612 618 3662 cap.
638 3597 686 3647 Ἰ.

234 3685 367 3748 Cap.
403 3683 478 3732 lv.
538 3697 585 3731 a.
622 3678 892 3743 Paenitet-el
932 3681 1033 3731 Hoc
1066 3688 1141 3731 est
1178 3696 1293 3744 pae—

149 3752 429 3805 nitentiam
465 3764 568 3811 age.
633 3748 924 3813 Deponentis
954 3753 1193 3814 paeniteor
1224 3750 1297 3799 sic

146 3818 529 3940 affin?
542 3817 1295 3935 ρὲξξὲῗᾶἷῗηθὲῗῖῗίἓῑῖἒὶῗῖἐὲὶ

372 3922 386 3946 9
500 3925 536 3947 Ι)
837 3925 851 3946 )

144 3954 364 4022 geno-‘⁸
423 3956 523 4011 Act.
550 3956 714 4017 Apost.
756 3952 923 4013 11¹,19
958 3954 1297 4015 „Paenitemini

141 4035 203 4077 et
264 4022 633 4082 convertimini,
689 4029 743 4071 ut
796 4021 1044 4072 deleanter
1099 4030 1294 4086 peccata

142 4090 391 4147 uestrn.“
887 4131 901 4142 .

225 4178 290 4226 h.
334 4175 460 4237 Ergo
495 4172 783 4239 paenitentia
832 4174 921 4222 vita
957 4167 1054 4237 est]
1099 4172 1166 4222 Ait
1205 4172 1294 4221 do-

137 4247 359 4297 minus.
430 4240 769 4291 Paenitentiam
809 4241 935 4290 malo
972 4254 1113 4304 quam
1162 4255 1295 4288 mor-

134 4325 290 4373 tem,
333 4324 586 4374 opponens
606 4308 943 4373 paenitentiam
966 4308 1124 4357 morti.
1173 4307 1296 4367 Quid

131 4392 341 4435 autem
375 4378 532 4427 verius
557 4377 819 4441 opponitur
838 4377 978 4426 morti
1002 4390 1143 4438 quam
1163 4378 1250 4425 vita
1268 4371 1295 4424 ἲ

130 4453 301 4513 Ergo
338 4446 563 4510 opposita
599 4445 741 4494 morti
763 4444 1067 4508 paenitentia.
1088 4444 1298 4506 (Rigalt.)

221 4549 280 4584 e.
326 4539 377 4580 ut
396 4530 656 4591 naufragus
681 4527 1092 4591 alieuiuffitabulae
1111 4523 1298 4593 fidem]

124 4605 221 4655 lta
288 4604 491 4648 vocatur
536 4597 843 4663 paenitentia.
925 4596 1198 4658 hieronym.
1234 4597 1297 4647 ad

125 4665 455 4723 Sabiniau.:
513 4665 691 4727 „Quod
727 4665 771 4714 si
819 4678 905 4715 nec
952 4664 1293 4728 paenitentiam

1402 2700 1738 2765 paenitentiae.
1824 2701 1884 2749 Et
1935 2710 2073 2752 notes
2128 2702 2220 2751 dici
2268 2705 2517 2752 secundam

1397 2769 1616 2818 tabulam.
1690 2768 1756 2817 lta
1793 2768 1983 2818 locutus
2013 2768 2281 2832 Hieronym.
2321 2770 2379 2817 ad
2417 2769 2513 2818 De·-

1399 2836 1708 2886 metriadem:
1763 2836 2009 2895 „secunda
2056 2843 2167 2899 post
2214 2837 2515 2899 naufragium
2543 2830 2568 2853 ¹⁸

1398 2900 1589 2953 miseris
1625 2902 1842 2961 tabula,‘⁵
1879 2904 1987 2966 qnia
2005 2903 2193 2953 scilicet
2216 2904 2368 2964 prima
2396 2918 2513 2967 pse·-

1398 2970 1609 3028 nitentia,
1648 2985 1741 3033 qua
1776 2971 2068 3019 accedebant
2101 2971 2160 3020 ad
2179 2972 2514 3035 accipiendum

1394 3038 1652 3101 baptisma,
1687 3037 1935 3087 dicebatur
1970 3039 2114 3087 navis.
2166 3038 2279 3088 ideo
2310 3039 2514 3090 subiicet

1395 3105 1522 3154 idem
1560 3105 1908 3168 Hieronymus:
1968 3106 2051 3166 „in
2100 3106 2279 3167 virgine
2328 3107 2511 3170 integra

1397 3180 1623 3225 servetur=
1648 3173 1832 3222 navis.“
1901 3173 1959 3222 Et
1993 3173 2052 3223 ad
2089 3173 2357 3224 salvinam:
2406 3175 2513 3239 „Ne

1396 3242 1554 3291 statim
1592 3241 1733 3291 nobis
1769 3240 2085 3306 paenitentiae
2122 3242 2334 3292 subsidia
2373 3242 2511 3293 blan-

1397 3310 1604 3369 diantur,
1658 3323 1781 3373 quae
1827 3318 1938 3358 snut
1982 3309 2243 3359 infelicium
2281 3311 2512 3362 remedia.

1399 3377 1668 3427 Cavendum
1706 3384 1779 3427 est
1814 3377 2001 3436 vulnus,
2054 3377 2181 3441 quod
2218 3378 2387 3428 dolore
2424 3394 2510 3429 cu-

1372 3453 1540 3494 ·ratur.
1611 3444 1751 3494 Aliud
1788 3452 1861 3494 est
1896 3446 2080 3503 integra
2117 3446 2219 3496 navi
2267 3456 2311 3496 et
2364 3442 2510 3497 salvis

1394 3513 1634 3579 mercibus
1672 3520 1866 3577 portum
1911 3513 2082 3563 salutis
2129 3515 2324 3575 intrare,
2378 3514 2509 3566 aliud

1394 3580 1573 3629 undum
1607 3581 1808 3630 haerere
1853 3581 2045 3631 tabulae
2092 3590 2139 3632 et
2185 3581 2367 3631 crebris
2416 3584 2510 3632 ssu-

1394 3656 1553 3697 ctuum
1609 3663 1633 3698 r
1726 3649 1887 3698 rsibus
1944 3650 2002 3699 ad
2067 3650 2331 3713 asperrima
2396 3665 2509 3700 saxa

1394 3716 1611 3766 collidi.“
1700 3717 1895 3766 usebius
1932 3717 2204 3768 Gallicanus
2241 3718 2299 3766 ad
2339 3717 2509 3767 Paeni-

1395 3791 1575 3833 tentes:
1613 3783 1781 3844 „luter
1797 3785 2040 3857 naffragia
2065 3793 2372 3848 peccatorum
2396 3799 2509 3835 cor-

1397 3852 1612 3914 ripuistis
1647 3851 1826 3903 vos‘ad
1862 3850 2068 3900 tabulam
2090 3852 2218 3911 ndei,
2255 3866 2376 3915 quae
2396 3866 2508 3915 per-

1397 3919 1529 3968 duxit
1559 3933 1644 3967 vos
1680 3919 1738 3968 ad
1775 3920 2093 3982 paenitentiae
2129 3917 2347 3969 navem.“
2416 3920 2508 3968 Pe-

1397 3996 1498 4036 trus
1551 3986 1678 4036 Bles.
1727 3986 1787 4037 de
1836 3987 2126 4049 Peregrinat.
2189 3986 2508 4049 Hierosolym.

1395 4053 1787 4115 ‚,lnaestimabile
1823 4055 2137 4118 paenitentiae
2156 4054 2351 4123 donum,
2389 4055 2510 4105 haec

1395 4130 1471 4172 est
1515 4123 1726 4172 secunda
1775 4122 1933 4171 tabula
1993 4131 2104 4186 post
2151 4122 2506 4183 naun-agium.“

1397 4190 1578 4240 Dicitur
1611 4190 1673 4239 ad
1708 4190 2067 4249 similitudinem
2106 4190 2419 4252 navigantium
2459 4191 2507 4241 iu

1396 4260 1516 4308 mari
1565 4259 1645 4323 qui
1696 4265 1978 4322 tempestate
2030 4258 2199 4308 deiecti
2247 4258 2511 4309 adhaerent

1396 4326 1605 4375 tabulae.
1689 4325 1770 4376 Sic
1790 4326 1928 4377 ’dicit
1972 4327 2231 4377 Simocatta
2279 4326 2397 4387 vm,
2426 4325 2504 4376 12.

1395 4394 1667 4443 miserrima
1687 4395 2028 4458 imperatorum
2051 4408 2274 4458 corpora,
2298 4394 2507 4444 Mauricii

1395 4468 1445 4510 et
1476 4460 1706 4515 liliorum,
1761 4463 1893 4511 iussn
1933 4462 2118 4512 Phocae
2166 4462 2286 4510 mari
2321 4462 2506 4510 obiecta

1394 4529 1546 4577 fnisse
1612 4522 1842 4581 πίνακας·
1912 4524 2356 4594 δυστυχημάτων.
2452 4527 2509 4576 Et

1395 4596 1767 4659 chrysostomus
1795 4596 1943 4659 Epist.
1970 4597 2031 4647 ad
2045 4595 2392 4659 Olympiadem,
2431 4596 2506 4643 lo-

1393 4678 1546 4728 quens
1582 4663 1641 4713 de
1662 4663 1910 4726 naufragio
1934 4664 2195 4723 Ecclesiae,
2232 4663 2385 4712 forma
2413 4662 2508 4713 alia
