3263 5311
1109 440 1187 486 aa
1227 440 1595 488 mocim-
2397 425 2521 490 783

335 586 456 652 Sed
500 595 562 650 et
602 587 920 652 Timotheo
967 588 1236 654 scribens
1283 589 1403 653 vuit
1445 590 1782 656 invenustus
1826 590 2087 666 nubere,
2131 590 2289 654 filios
2318 593 2520 654 susci-
2559 596 2667 650 Cav-
2681 593 2793 640 xm.

165 706 342 770 pere,
397 696 620 754 matres
662 689 918 754 tamiliae
960 708 1157 769 agere.
1243 691 1334 753 Ad
1377 710 1480 754 eas
1523 692 1725 772 dirigit
1778 691 1985 772 quales
2027 710 2211 772 supra
2255 693 2517 770 denotat,
2548 656 2768 751 uffffiisv'

168 788 507 856 iuvenculas
551 789 786 866 viduas,
831 809 985 872 quae
1025 792 1089 854 in
1131 792 1416 858 viduitate
1458 792 1867 875 deprehensae
1904 801 1964 856 et
1991 793 2351 874 aliquamdiu
2379 795 2519 858 ¹ad-

167 899 480 966 sectatae·,
523 899 842 972 postquam
883 893 947 955 in
993 893 1219 958 deliciis
1261 894 1600 960 habuerunt
1627 893 1991 968 Chrisuunb,
2036 893 2265 958 nubere
2294 896 2521 972 volunt,

167 991 458 1056 habentes
499 992 786 1058 iudicium
827 994 991 1074 quod
1032 993 1288 1074 primam
1330 995 1509 1059 fidem
1559 995 1975 1070 resciderunt,
2040 995 2198 1060 illam
2253 996 2526 1060 videlieet

168 1111 200 1156 a
245 1112 360 1174 qua
403 1094 470 1156 in
509 1093 792 1160 viduitate
833 1094 1104 1158 inventae
1146 1104 1208 1166 et
1247 1085 1560 1176 professae
1587 1115 1719 1159 eam
1748 1115 1875 1159 non
1900 1105 2307 1178 perseverant.
2363 1097 2519 1159 Pro-

167 1202 303 1273 pter
346 1194 508 1273 quod
548 1195 668 1260 vult
708 1214 810 1258 eas
852 1195 1112 1271 nubere,
1178 1214 1255 1259 ne
1311 1198 1565 1276 primam
1618 1198 1797 1260 fidem
1852 1206 2169 1278 susceptae
2209 1198 2521 1264 'viduitatis

167 1302 381 1375 postea
433 1294 806 1370 rescindant,
880 1314 1003 1360 non
1071 1305 1138 1359 ut
1191 1297 1410 1362 totiens
1466 1298 1723 1372 nubant,
1791 1299 2068 1379 quotiens
2126 1299 2189 1361 in
2243 1299 2522 1368 viduitate

166 1394 517 1475 'temptata
561 1396 745 1458 immo
791 1405 852 1459 et
894 1398 957 1458 in
1000 1398 1229 1460 deliciis
1259 1398 1492 1474 habita,
1536 1400 1841 1462 noluerint
1869 1418 2275 1480 perseverare.
2342 1400 2520 1480 Legi-

167 1514 303 1558 mus
349 1515 488 1562 eum
531 1506 592 1560 et
645 1498 722 1559 ad
774 1499 1079 1564 Romanos
1136 1500 1528 1562 scribentem:
1551 1500 1763 1574 Quae
1817 1508 2017 1563 autem
2072 1501 2185 1564 sub
2241 1502 2369 1566 viro
2424 1510 2524 1564 est
2548 1481 2774 1577 ⁸2‘P0m'

166 1597 447 1670 ³'mulier,
489 1599 708 1664 viventi
753 1599 881 1662 viro
925 1600 1120 1663 vincta
1161 1610 1286 1676 est;
1350 1602 1404 1663 si
1448 1611 1645 1664 autem
1692 1601 1940 1675 obierit,
2000 1611 2308 1665 evacuata⁰
2352 1612 2447 1666 est
2486 1622 2521 1665 a

169 1699 303 1779 loge
345 1698 473 1761 viri.
548 1699 774 1780 Nempe
819 1719 963 1780 ergo
1007 1701 1239 1766 vivente
1281 1703 1411 1764 viro
1455 1703 1787 1765 adulterare
1831 1701 2160 1782 putabitur,
2207 1702 2263 1764 si
2291 1702 2524 1766 ‘iuncta

169 1801 349 1861 suerit
389 1800 557 1861 alteri
601 1801 749 1863 viro.
836 1800 902 1863 Si
944 1821 1085 1865 vero
1132 1803 1350 1866 obierit
1391 1804 1511 1877 vir,
1577 1804 1825 1866 liberata
1880 1811 1971 1866 est
2026 1802 2061 1864 a'
2118 1802 2283 1883 lege,
2356 1805 2519 1883 quod

166 1919 294 1962 non
337 1900 421 1964 sit
463 1900 725 1964 adultera
770 1903 920 1964 facta
964 1903 1097 1965 ‘alii
1140 1904 1292 1966 viro.
1361 1905 1480 1966 Sed
1525 1914 1586 1966 et
1614 1904 1925 1982 sequentia
1952 1921 2354 1983 recognosce,
2400 1924 2519 1985 quo

168 2002 422 2065 ‘sensus
465 2001 614 2077 iste,
671 2003 774 2082 qui
818 2003 926 2066 tibi
967 2003 1298 2079 blanditur,
1357 2004 1580 2068 evadat.
1690 2004 1926 2084 Itaque,
1984 2002 2207 2083 inquit,
2270 2005 2518 2070 'fratres

166 2103 322 2179 mei,
383 2104 822 2166 mortificamini
878 2116 939 2168 et
979 2125 1088 2170 vos
1145 2106 1261 2185 legi
1314 2125 1423 2178 per
1475 2125 1697 2187 corpus
1744 2104 1992 2180 Christi,
2067 2113 2136 2167 ut
2187 2105 2521 2170 efficiamini

167 2204 406 2278 'alteri‚
475 2205 532 2266 ei
573 2205 800 2268 scilicet
841 2206 941 2286 qui
986 2226 1018 2268 a
1075 2206 1324 2270 mortuis
1381 2206 1743 2280 resurrexit,
1809 2207 1895 2267 uti
1947 2207 2203 2268 trucium
2258 2208 2521 2270 seramus

167 2306 306 2368 deo.
395 2306 542 2368 Cum
586 2306 744 2370 enim
789 2325 1024 2370 eramus
1067 2308 1129 2370 in
1173 2325 1382 2382 carne,
1427 2308 1749 2388 passiones
1795 2306 2182 2380 delictorum,
2227 2325 2379 2386 quae
2411 2326 2522 2389 per

165 2407 362 2487 legem
406 2407 839 2482 efficiebantur,
883 2408 946 2469 in
988 2408 1274 2470 membris
1315 2408 1542 2470 nostris
1584 2408 1659 2468 ad
1688 2409 1943 2470 fructum
1972 2407 2283 2470 serendum
2312 2408 2521 2470 morti:

168 2528 331 2571 nunc
373 2518 569 2571 autem
613 2509 872 2571 evacuati
917 2527 1126 2571 sumus
1171 2511 1241 2572 ⁹a
1283 2510 1444 2590 lege,
1489 2509 1709 2572 mortui
1754 2509 1814 2571 in
1857 2527 1976 2589 quo
2024 2508 2400 2585 tenebamur,
2446 2510 2521 2572 ad

169 2610 551 2673 serviendum
596 2609 708 2672 deo
765 2610 826 2673 in
882 2612 1139 2675 novitate
1193 2611 1470 2692 spirituS‚
1538 2621 1598 2674 et
1650 2629 1774 2673 non
1831 2611 1894 2674 in
1938 2619 2227 2675 vetustate
2268 2612 2519 2675 litterae.

169 2712 358 2792 Igitur
400 2713 451 2773 si
507 2710 846 2776 mortificari
905 2732 1020 2775 nos
1076 2713 1239 2776 iubet
1293 2714 1407 2793 legi
1463 2733 1573 2794 per
1626 2732 1848 2792 corpus
1893 2712 2146 2786 Christi,
2213 2713 2372 2792 quod
2428 2722 2524 2775 est

170 2814 451 2886 eeclesia,
497 2833 647 2893 quae
691 2814 903 2894 spiritu
945 2816 1224 2877 novitatis
1269 2824 1534 2888 constat,
1597 2832 1719 2876 non
1766 2833 1875 2892 per
1914 2813 2147 2877 literam
2190 2813 2521 2888 vetustatis,

169 2914 234 2976 id
279 2922 374 2975 est
412 2915 596 2994 legis,
652 2908 928 2979 auferens
974 2925 1036 2978 te
1076 2935 1108 2978 a
1150 2917 1313 2995 lege,
1380 2934 1531 2995 quae
1579 2915 1754 2975 ¹⁰non
1812 2922 1975 2975 tenet
2018 2931 2265 2975 uxorem
2306 2915 2519 2975 marito

168 3015 482 3101 defuncto,
527 3018 847 3096 quominus
892 3017 990 3078 alii
1033 3019 1161 3079 viro
1205 3019 1338 3090 liat,
1382 3016 1457 3079 ad
1488 3015 1845 3077 contrariam
1883 3023 1940 3075 te
1968 3013 2183 3093 redigit
2211 3014 2521 3077 condicio-

166 3134 343 3190 nem,
389 3135 465 3179 ne
503 3117 730 3181 amisso
777 3119 904 3180 viro
949 3118 1169 3190 nubas,
1231 3126 1635 3197 quantumque
1675 3134 1799 3177 non
1841 3115 2214 3195 deputareris
2258 3115 2525 3179 adultera

164 3220 325 3280 saeta
367 3218 535 3281 alteri
581 3220 707 3281 viro
752 3227 895 3300 post
937 3229 1192 3281 mortem
1236 3210 1463 3291 mariti,
1535 3217 1586 3279 si
1645 3216 1836 3279 adhue
1888 3216 1951 3279 in
2009 3216 2137 3295 lege
2192 3234 2367 3296 agere
2410 3216 2521 3278 de-

159 3319 383 3394 bereS,
447 3329 610 3381 tanto
656 3340 727 3382 ex
772 3319 1106 3382 diversitate
1150 3319 1520 3383 condicionis
1563 3318 1837 3381 adulterii
1879 3327 1939 3381 te
1981 3317 2345 3399 praeiudicat
2386 3324 2526 3397 post

163 3428 427 3483 mortem
471 3421 669 3484 mariti
713 3421 810 3483 alii
853 3423 1211 3497 nubentem;
1277 3422 1412 3503 quia
1455 3419 1570 3482 iam
1617 3419 2019 3483 ¹¹mortificata
2063 3438 2131 3482 es
2185 3419 2333 3499 legi,
2398 3438 2523 3483 non

161 3531 376 3605 potest
418 3522 523 3584 tibi
565 3522 776 3597 licere,
823 3541 956 3587 cum
999 3522 1307 3585 recessisti
1350 3521 1424 3584 ab
1469 3541 1538 3584 ea
1579 3521 1735 3603 apud
1778 3540 1955 3601 quam
1998 3520 2103 3582 tibi
2147 3521 2379 3584 licebat.

340 3623 512 3687 Nunc
555 3624 638 3686 ¹si
682 3633 741 3687 et
783 3623 1054 3687 absolute
1099 3623 1407 3704 apostolus
1449 3623 1827 3704 permisisset
1868 3623 1931 3685 in
1973 3622 2089 3685 fide
2132 3623 2358 3684 amisso
2389 3641 2520 3685 ma·
2558 3634 2791 3691 Cap.xlv.

308 3776 425 3840 Cap.
461 3776 586 3827 xm.
671 3778 714 3826 1.
752 3776 1023 3827 adsectatae
1060 3778 1150 3837 cd„
1191 3792 1251 3827 ea:
1284 3778 1600 3827 emendatione
1635 3776 1853 3826 narn-5255.
1933 3777 2180 3826 affectatae
2212 3776 2401 3840 reliqui.
2472 3774 2522 3826 2.

159 3845 450 3908 temptanda
485 3845 638 3897 Attea.
719 3842 767 3895 3.
806 3846 1063 3896 mulierum
1097 3816 1204 3894 A’B·
1277 3844 1324 3894 4.
1362 3846 1515 3894 vineta
1551 3848 1601 3894 A.
1696 3844 1747 3894 5.
1784 3844 1922 3893 alteri
1956 3843 2043 3893 AB
2126 3843 2173 3893 6.
2212 3857 2360 3891 sensu
2397 3841 2520 3891 ABG.

161 3912 219 3963 7.
257 3912 431 3961 fratres
470 3913 563 3961 mei
596 3912 744 3965 Asea.
779 3914 897 3962 liber
935 3913 1192 3963 Clementia.
1263 3913 1438 3961 tratres
1471 3913 1658 3975 reliqui.
1761 3909 1809 3961 8.
1847 3911 1986 3960 aliter
2019 3908 2377 3968 A(13)c.9.·
2416 3909 2521 3969 lege

161 3980 345 4030 mortis
381 3978 427 4029 in
466 3994 561 4044 quo
598 3997 656 4041 a,
696 3996 755 4030 ex
787 3982 907 4031 libro
947 3980 1203 4030 Clementis.
1256 3980 1499 4029 Remmia
1542 3980 1595 4027 in
1625 3992 1772 4041 mov-9.
1813 3977 1859 4027 G.
2002 3976 2078 4026 10.
2127 3991 2226 4026 non
2271 3992 2360 4027 om.
2397 3975 2520 4027 Asc,

165 4047 258 4098 11.
296 4048 577 4097 mortificata
616 4063 670 4099 ea
704 4050 839 4099 abed.
909 4050 1224 4099 mortificatae
1256 4048 1441 4111 reliqui.

309 4116 426 4179 Cap.
462 4115 574 4164 xlv,
651 4116 694 4164 1.
731 4116 772 4166 si
810 4131 898 4167 om.
930 4116 1055 4167 ABG.

242 4250 361 4326 Cap.
394 4249 518 4299 ΧΙΙΙ.
606 4266 648 4300 a.
684 4201 982 4315 adsectatae]
1034 4248 1229 4300 Scilicet
1265 4263 1291 4298 a
1394 4247 1610 4298 liliorum
1645 4247 1781 4298 Sacr.
1817 4247 1920 4296 Lat.
1958 4246 2088 4296 Vers.
2124 4246 2227 4297 Αιιι.
2282 4252 2399 4297 tom.
2436 4246 2518 4297 ΙΙΙ.

155 4317 340 4386 procia
375 4324 422 4367 et
456 4319 771 4368 amatoribus.
1396 4330 1446 4380 p.
1480 4315 1598 4366 875.

237 4386 289 4435 b.
357 4393 609 4449 postquam
683 4387 732 4437 in
785 4385 973 4435 deliciis
1023 4384 1296 4434 habuerunt
1466 4399 1509 4433 e.
1545 4377 1795 4448 evacuata]
1834 4382 1935 4431 Hoc
1971 4388 2045 4430 est
2079 4380 2256 4441 soluta,
2299 4382 2517 4430 liberata.

160 4450 444 4517 Christum]
485 4455 810 4517 interpretor:
850 4453 1108 4514 Postquam
1134 4451 1295 4501 desie-
1398 4450 1472 4501 Cf.
1511 4450 1672 4499 adnot.
1710 4451 1767 4499 ad
1806 4449 1872 4498 De
1902 4449 2134 4499 Patientia
2173 4464 2275 4512 cap.
2297 4448 2373 4497 12.
2422 4447 2519 4495 lte-

155 4529 286 4574 rnnt
317 4521 479 4570 solum
511 4520 754 4571 Christum
791 4521 838 4569 in
876 4519 1062 4570 deliciis
1099 4520 1292 4569 habere.
1398 4530 1506 4567 rum
1559 4518 1706 4582 panio
1771 4516 1894 4565 inira
1942 4517 1999 4564 in
2053 4518 2210 4566 verbis
2278 4513 2518 4578 apostoli:

151 4589 286 4639 Vide
334 4589 533 4638 omnino
587 4589 647 4638 de
680 4588 808 4638 varia
857 4587 1028 4636 borum
1087 4586 1298 4649 apostoli
1397 4599 1564 4647 „nune
1598 4595 1757 4635 antem
1794 4586 2001 4635 evacuati
2034 4598 2193 4633 sumus
2229 4598 2255 4631 a
2291 4581 2449 4643 lege?

151 4658 426 4711 verborum
464 4656 862 4721 interpretatione
886 4652 1188 4705 Sabaterium
1214 4652 1296 4702 Bi·
