3263 5311
112 1801 123 1810 '
224 1800 392 1850 BCDE.

2461 433 2589 498 447

233 596 481 663 Veneris
514 594 673 658 enim
701 593 962 676 ‘myrtus
972 603 1015 667 ⁶,
1059 593 1268 657 man-is
1298 594 1342 628 ¹⁰
1354 593 1826 671 Aeneadarum⁸‚
1858 595 2035 659 etlam
2064 596 2348 661 amiculae
2379 597 2587 661 ²¹Mar-

230 701 345 774 tis,
413 715 526 780 per
579 697 747 760 Iliam
801 694 1290 758 ¹²‹it-Romulos·
1331 687 1606 762 Romani.
1719 696 1898 760 ”Sed
1951 716 2061 778 ego
2120 698 2412 765 Venerem
2466 719 2592 764 non

229 801 414 865 aedo
460 818 535 863 ex
574 798 688 862 hac
728 807 898 881 parte
927 798 1122 860 ¹“cum
1148 797 1332 860 Marte
1360 796 1722 872 Romanam,
1769 798 1938 880 “qua
1965 798 2196 880 pellicis
2242 800 2418 863 dolor
2446 799 2588 864 est‘.

232 901 439 964 “Cum
483 909 544 964 et
586 900 717 963 olea
768 898 1026 964 ¹'militia
1076 907 1398 962 coronatur
1412 911 1458 974 ⁸,
1526 899 1568 933 ¹⁸
1581 899 1655 962 ad
1708 899 2029 963 Minervam
2087 910 2182 963 est
2234 901 2587 977 idololatria,

228 1020 543 1067 armorum
584 1019 772 1083 aeque
812 1001 1017 1075 deam,
1086 1000 1254 1063 ¹⁹sed
1296 1008 1357 1062 et
1395 1001 1527 1084 paci
1570 1019 1707 1064 cum
1746 1000 2026 1082 Neptuno
2055 1000 2335 1065 '‘'initae'¹
2378 1022 2451 1065 ex
2477 1003 2591 1065 hac

226 1105 452 1167 arbore
491 1103 909 1166 ”coronatam
947 1162 953 1167 .
995 1100 1066 1162 In
1107 1099 1202 1163 his
1245 1101 1358 1164 erit
1398 1104 1549 1165 serti
1587 1102 1860 1166 militaris
1917 1104 2268 1184 superstitio
2311 1103 2590 1183 ²²'uhique

226 1203 495 1287 polluta*
530 1213 592 1266 et
630 1201 1286 1284 ”polluens-”omnim
1398 1203 1564 1277 Quae
1624 1204 1744 1267 iam
1796 1203 2096 1285 polluatur
2147 1204 2271 1267 ²²¹⁵et
2324 1204 2521 1267 causis
2537 1204 2587 1267 k.

226 1306 387 1370 Ecce
430 1305 682 1370 ”annua
722 1314 999 1368 votorum
1040 1303 1435 1386 nintcupatio¹
1476 1304 1618 1386 quid
1660 1303 1942 1369 videtur?
2011 1304 2211 1367 Prima
2253 1305 2314 1367 in
2358 1305 2585 1386 princi-

1222 443 1302 490 »ss
1343 444 1597 490 conum.

226 1460 277 1511 9.
312 1460 535 1525 myrthus
569 1455 669 1522 Αβ.
738 1464 920 1523 myrtus
953 1454 1221 1525 AqoBCDE.
1291 1467 1495 1523 myrtum
1530 1460 1699 1511 ΕΗΒ.
1804 1459 1884 1510 10.
1919 1459 2249 1514 Aeneadarum
2285 1460 2429 1510 etiam
2464 1461 2590 1512 ami-

228 1529 365 1579 culae
402 1529 494 1578 AR.
575 1529 765 1578 Aeneae
799 1526 860 1576 ad
897 1541 1068 1577 aurum
1104 1528 1248 1578 etiam
1285 1526 1520 1578 amiculae
1554 1527 1650 1580 DE.
1732 1541 1882 1602 aenae
1932 1527 1995 1578 ad
2040 1541 2208 1578 aurum
2256 1529 2401 1578 etiam
2437 1541 2589 1578 avun-

228 1596 338 1674 cul}
371 1595 466 1645 BC.
533 1595 741 1655 Aeneae,
776 1608 875 1643 non
910 1594 1121 1656 laurum,
1155 1595 1300 1646 etiam
1335 1595 1571 1645 amiculae
1605 1597 1792 1661 reliqui.
1827 1579 2067 1656 ‘'Aeneae,
2107 1611 2166 1646 ac
2199 1596 2388 1647 laurum
2423 1596 2588 1656 etiam,

226 1661 469 1714 amiculae
505 1663 682 1714 hunius.
772 1661 851 1711 11.
886 1661 1051 1712 Martis
1086 1675 1176 1726 per
1210 1662 1347 1713 Iliam
1368 1663 1610 1714 AEFGHR.
1682 1663 1850 1713 matris
1885 1663 2098 1724 (marcus
2111 1660 2188 1723 D.)
2221 1663 2270 1713 in
2308 1661 2440 1713 illam
2458 1662 2588 1714 BCD.

226 1731 310 1781 12.
347 1738 401 1781 et
434 1730 672 1780 Romulos
706 1729 908 1780 Romani
943 1729 1115 1780 FGHR.
1200 1737 1248 1779 et
1291 1729 1527 1780 Romulus
1572 1737 1623 1780 et
1657 1730 1860 1781 Romani
1894 1733 1946 1781 A.
2035 1737 2083 1781 et
2129 1728 2351 1780 romulus
2398 1741 2589 1780 romam

507 1796 588 1847 13.
624 1796 725 1856 Sed
817 1811 845 1847 o
881 1797 1085 1847 AFGHR.
1156 1796 1255 1847 Sed
1290 1804 1339 1847 et
1373 1812 1461 1860 ego
1495 1799 1685 1864 reliqui.

198 1865 308 1916 ‘15.
348 1878 453 1942 ques
495 1864 670 1929 pelicb
690 1899 768 1918 ......
820 1864 934 1914 olor
967 1861 1067 1926 Αβ.
1136 1864 1307 1929 pelicis
1341 1868 1561 1930 scriptum
1595 1874 1665 1915 est
1698 1868 1837 1917 eciam
1869 1867 1921 1916 iu
1959 1865 2004 1916 0.

224 1934 386 1986 ABER.
460 1931 584 1983 Cum
619 1941 669 1982 et
702 1932 800 1983 olei
837 1932 925 1980 GD.
995 1931 1122 1991 Quin
1159 1939 1208 1983 et
1241 1932 1350 1982 olea
1365 1933 1500 1983 PGH.
1605 1932 1686 1983 17.
1723 1932 1891 1983 militia
1928 1931 2438 1986 coronaturABCDER.
2492 1937 2590 1986 mi-

931 1998 1010 2050 18.
1048 1999 1109 2049 ad
1143 1998 1400 2049 Minervam
1436 2008 1523 2062 est,
1544 1999 1821 2051 idololatria
1855 2014 2103 2051 armorum
2137 2013 2292 2064 aeque
2327 2000 2467 2053 deam
2500 2004 2591 2055 AR.

1806 1798 1886 1848 14.
1922 1811 2033 1850 cum
2068 1804 2221 1847 marte
2254 1810 2456 1848 romana
2491 1800 2588 1850 DE.

2123 1863 2201 1915 16.
2238 1865 2359 1916 Cum
2395 1873 2446 1915 et
2479 1867 2589 1919 olea

228 2002 379 2052 litiam
419 2002 645 2051 coronari
681 2000 816 2050 ΓΒΗ.

228 2085 258 2119 a
288 2068 501 2119 Minerva
536 2075 613 2118 est
646 2067 922 2118 idololatria
956 2067 1181 2128 (idolaria
1219 2067 1265 2116 C.
1315 2066 1537 2117 idolatria
1572 2066 1651 2128 D.)
1686 2081 2054 2132 marmoreaque
2089 2068 2179 2118 dea
2212 2068 2381 2119 BCDE.
2453 2083 2481 2119 a
2501 2067 2593 2122 m-

228 2150 390 2198 nerva,
426 2149 529 2186 nou
564 2134 728 2185 solum
765 2134 957 2196 artium,
994 2134 1082 2184 sed
1118 2147 1366 2185 armorum
1402 2145 1597 2199 quoque
1633 2135 1723 2186 dea
1756 2136 1893 2187 FGH.
1984 2135 2064 2186 19.
2104 2135 2202 2186 Sed
2237 2144 2286 2186 et
2319 2137 2426 2201 paci
2460 2138 2587 2188 AER.

228 2204 325 2254 Sed
359 2211 409 2254 et
442 2203 589 2268 pauci
623 2204 681 2253 D.
748 2201 846 2252 Sed
882 2210 930 2253 et
963 2202 1063 2265 pati
1099 2202 1185 2252 BG.
1270 2202 1371 2252 Sed
1406 2209 1453 2252 et
1484 2210 1658 2266 patruo
1704 2203 1758 2252 B.
1791 2217 1852 2253 m.
1890 2219 1980 2255 sec.
2014 2204 2068 2252 iu
2099 2218 2244 2267 mora.
2331 2212 2382 2253 et
2417 2217 2590 2267 pacem

229 2272 363 2322 ΕΒΗ.
433 2280 483 2321 et
516 2285 637 2335 pace
671 2271 849 2322 Iunius.
953 2268 1037 2319 20.
1075 2269 1220 2320 initae
1254 2269 1340 2319 AR.
1409 2268 1559 2320 incita
1589 2269 1715 2320 BGD.
1787 2270 2014 2321 incitante
2046 2271 2279 2321 B.m.sec.
2349 2270 2497 2321 ineita
2529 2272 2587 2322 Ε.

228 2338 382 2389 inisse
415 2338 549 2389 FGH.
616 2338 734 2388 inita
770 2339 949 2388 lunius.
1042 2337 1126 2388 21.
1163 2339 1495 2388 incoronatam
1529 2338 1587 2387 Β.
1673 2335 1755 2386 22.
1791 2337 1970 2402 ubique
2003 2353 2093 2388 om.
2108 2339 2160 2388 R.

231 2412 282 2456 et
314 2407 367 2455 A.
432 2404 667 2469 pollutata
698 2406 1063 2456 addemnatis.
1163 2403 1247 2455 24.
1283 2404 1460 2455 omnia.
1511 2405 1646 2464 Quae
1683 2405 1778 2455 iam
1813 2404 2063 2468 polluatur
2096 2406 2163 2456 Lo
2189 2405 2352 2456 eada.
2421 2406 2589 2457 omnia

233 2487 361 2539 quae
395 2473 492 2521 iam
525 2472 805 2536 poiluantur
839 2469 1261 2536 (AwBCDEFGH.
1329 2472 1490 2522 omnia
1526 2485 1652 2536 quaa
1686 2473 1783 2523 iam
1818 2472 2101 2535 polluentur
2121 2470 2259 2537 (Αβ.)
2330 2474 2594 2539 omniaque

232 2542 332 2590 iam
366 2539 646 2659 pungentur
676 2541 727 2591 R.
849 2539 934 2590 25.
968 2547 1017 2590 et
1052 2540 1211 2590 causis
1245 2555 1334 2591 om.
1369 2540 1421 2589 Δ.
1506 2553 1565 2589 ex
1600 2538 1760 2591 causis
1794 2539 1848 2590 B.
1881 2555 1942 2593 ai.
1979 2554 2069 2591 sec.
2186 2539 2271 2590 26.
2306 2541 2467 2593 anima
2501 2556 2589 2593 vo-

232 2615 395 2659 torum
429 2608 469 2658 B
502 2608 556 2659 D.

302 2726 342 2761 c.
380 2709 577 2761 Veneris
615 2711 744 2760 enim
782 2703 990 2774 myrtus]
1044 2710 1248 2760 Pausan.
1282 2709 1357 2770 Vl,

230 2776 319 2838 24,
354 2778 405 2827 7.
440 2778 614 2839 vergil.
649 2777 754 2829 uel.
782 2777 877 2837 vu,
919 2775 998 2827 12.
1045 2776 1164 2828 run.
1202 2777 1261 2828 Η.
1296 2776 1354 2827 Ν.

236 2845 331 2906 XV,
366 2843 450 2905 29,
481 2843 561 2894 36.

307 2911 355 2962 d.
401 2906 755 2977 Aeneadarum]
802 2910 874 2962 Cf.
913 2911 1115 2976 Apolog.
1164 2926 1271 2976 cap.
1307 2911 1357 2960 9.

234 2978 308 3030 Ad
342 2978 471 3029 Natt.
507 2977 569 3039 11,
603 2978 680 3029 1⁵1.

1461 2707 1789 2760 decucurrit.“
1826 2708 1895 2760 De
1931 2725 1986 2760 re
2021 2710 2081 2762 ct.
2104 2711 2310 2763 Pausan.
2346 2712 2407 2771 n,
2432 2710 2515 2774 30,
2535 2712 2586 2763 6.

1461 2776 1660 2826 Diodor.
1709 2777 1806 2827 Sic.
1840 2777 1891 2837 V,
1941 2776 2023 2827 73.
2092 2777 2317 2843 Apollod.
2354 2779 2454 2839 ΙΙΙ,
2507 2779 2587 2830 13.

1460 2844 1595 2893 Serv.
1633 2843 1693 2893 ad
1714 2842 1889 2906 Vergil.
1913 2845 2087 2907 θεοῖς.
2123 2844 2161 2904 1,
2193 2844 2268 2894 12.
2308 2853 2356 2895 et
2393 2845 2452 2895 ad
2468 2846 2589 2899 Aen.

1430 2909 1581 2971 vm,
1621 2909 1734 2961 128.
1795 2910 1920 2961 Plin.
1955 2911 2016 2962 Η.
2049 2911 2105 2961 N.
2143 2910 2270 2973 XVI,
2306 2911 2391 2962 44.
2424 2912 2588 2965 ‘Pacis

2247 2336 2332 2388 23.
2367 2338 2588 2403 polluata
2689 2383 2694 2390 1

1461 2984 1629 3028 notam
1674 2977 1828 3028 fuisse
1875 2978 2034 3028 oleam
2085 2977 2225 3040 vulgo
2275 2987 2478 3043 constat.
2535 2981 2590 3032 V.
2664 2992 2670 2997 ·

306 3062 349 3096 e.
388 3040 645 3111 Romulos]
678 3047 758 3097 Sic
792 3046 1006 3112 appellat
1024 3046 1280 3097 Romulum
1313 3052 1361 3095 et

234 3114 437 3165 Remum
485 3113 691 3175 tratres,
744 3115 873 3164 haud
908 3114 1050 3166 aliter
1083 3128 1227 3178 quam
1266 3114 1360 3164 Ca-

231 3191 337 3233 stor
370 3191 418 3233 et
446 3181 615 3232 Pollux
642 3182 871 3240 Castores
905 3184 1045 3244 vulgo
1080 3190 1195 3233 suut
1229 3180 1361 3232 dieti.

296 3251 332 3300 s.
366 3264 467 3315 qua
500 3250 695 3315 pellicis
730 3249 875 3301 dolor
890 3245 1007 3316 est.]
1042 3250 1261 3310 Martem,
1282 3249 1367 3299 in··

230 3319 348 3383 quit,
382 3318 657 3368 Romanum
695 3317 984 3368 crediderim
1020 3332 1077 3368 ex
1113 3331 1168 3367 ea
1202 3324 1359 3383 parte,

230 3399 323 3450 qua
357 3382 598 3436 Romulos
646 3398 703 3435 ex
738 3384 826 3436 Ilia
874 3386 1106 3449 suscepit.
1173 3384 1231 3435 At
1266 3384 1359 3435 Ve-

228 3466 391 3503 nerem
429 3467 487 3504 εκ
522 3467 585 3503 ea
619 3450 776 3517 parte,
818 3466 912 3517 qua
948 3453 1088 3503 iliam
1120 3452 1214 3501 sihi
1247 3451 1359 3516 pel-

228 3518 369 3571 licem
403 3520 566 3572 sensit
602 3528 649 3570 ct
685 3519 907 3582 indoluit,
946 3520 1212 3571 Romanam
1248 3532 1359 3569 essa

230 3600 325 3638 nou
362 3588 593 3640 arbitror.
630 3586 845 3649 (Rigalt.)

293 3669 340 3718 g.
387 3663 435 3706 et
469 3656 591 3721 olea
625 3655 795 3705 militia
830 3648 1116 3719 coronatur]
1164 3653 1359 3716 oleagi-

230 3735 320 3772 nea
352 3732 483 3774 serta
517 3721 778 3788 gestabant
813 3720 1020 3773 ministri
1054 3721 1363 3786 triumphan-

232 3789 362 3839 tium.
395 3791 447 3841 V.
484 3790 617 3843 Gell.
652 3789 711 3840 N.
747 3790 798 3841 Α.
834 3790 887 3851 V,
923 3788 974 3841 6.
1006 3788 1138 3839 Fest-
1170 3786 1360 3854 p.192.

233 3857 535 3922 „oleagineis
590 3859 777 3909 coronis
836 3858 1094 3908 utebantur
1151 3855 1361 3907 ministri

232 3922 663 3989 triumphantium,
710 3925 841 3989 quod
875 3924 1084 3975 Minerva
1119 3923 1209 3975 dea
1243 3922 1364 3974 belli

237 4002 349 4041 essa
374 3990 694 4058 putabatur.“
732 3992 807 4043 Cl'.
826 3992 961 4055 Verg.
982 3994 1155 4055 Georg.
1173 3990 1258 4054 111,
1278 3990 1361 4041 21.

303 4057 355 4107 b.
395 4060 483 4113 aad
525 4068 582 4112 et
624 4060 737 4126 paci
784 4074 895 4110 cum
930 4060 1153 4126 Neptuno
1190 4056 1395 4122 initae]-

237 4124 287 4174 b.
316 4139 359 4176 e.
391 4126 440 4178 iu
472 4128 564 4191 (vei
602 4126 831 4193 propter)
862 4141 1036 4192 pacem
1069 4140 1215 4193 quam
1252 4140 1363 4178 cum

235 4190 453 4259 Neptuno
499 4198 698 4247 inierat.
761 4195 843 4246 Sic
877 4208 969 4246 nos
1005 4194 1211 4247 dicimus
1248 4200 1363 4259 „sar

234 4256 310 4311 ein
354 4262 452 4314 fest
497 4260 848 4317 scbmdcken“
899 4263 1049 4325 „sich
1104 4278 1193 4313 zur
1239 4258 1363 4313 l'eier

216 4326 524 4449 &meust
563 4339 614 4382 et
648 4344 772 4396 quae
806 4338 920 4381 sunt
955 4330 1148 4383 similia.
1209 4330 1364 4381 Tacit.

377 4434 391 4448 .
438 4413 551 4465 cap.
598 4394 671 4448 33
724 4398 1080 4461 „oblectationi
1125 4399 1366 4464 oculisque

226 4460 317 4523 (su.
349 4463 712 4526 Romanorum)
747 4464 1077 4526 ceciderunt.“
1138 4465 1208 4517 ld.
1242 4466 1365 4518 Anu.

227 4528 435 4594 xum«)
469 4535 621 4597 „viae
653 4533 836 4598 pariter
864 4541 912 4584 et
940 4548 1122 4599 puy-itae
1157 4547 1364 4599 compo-

230 4608 392 4652 suerat
426 4600 753 4652 exercitum.“
776 4656 787 4665 ἡ
809 4600 881 4651 Id.
916 4603 1036 4652 Anu.
1074 4600 1134 4663 n,
1170 4602 1200 4652 ‘1
1238 4604 1383 4663 „on
1490 4648 1495 4654 .

228 4668 331 4718 nori
358 4668 524 4735 patris
560 4664 799 4737 princip}
824 4670 935 4737 ipse
958 4684 1069 4725 cum
1089 4668 1363 4735 legionibus

1462 3045 1658 3095 Patron.
1694 3045 1794 3095 Sat.
1833 3059 1937 3110 cap.
1978 3044 2091 3096 108.
2141 3045 2258 3096 Stat.
2297 3046 2448 3098 Theb.
2483 3047 2589 3108 XII,

1461 3110 1599 3174 492„
1649 3113 1938 3231 interffietes
1983 3113 2046 3163 ad
2079 3112 2252 3176 Vergil.
2301 3112 2339 3165 1.
2372 3115 2405 3164 Ι.
2442 3123 2491 3167 et
2525 3115 2590 3167 ad

1460 3181 1576 3230 Aen.
1615 3178 1695 3242 XI,
1731 3179 1763 3230 3
1835 3215 1849 3230 .

1528 3248 1562 3298 i.
1622 3249 1742 3298 serti
1796 3247 2018 3299 militaris
2074 3248 2355 3315 superstitio
2405 3250 2588 3316 ubique

1459 3310 1676 3380 polluta]
1728 3315 1983 3375 Quomodo
2015 3317 2149 3368 enim
2186 3326 2459 3380 congruunt
2490 3320 2588 3370 sibi

1458 3382 1720 3433 militarem
1757 3396 1986 3435 coronam
2023 3385 2147 3434 necti
2184 3398 2241 3434 ex
2271 3385 2426 3447 lauro,
2463 3400 2590 3451 qnae

1446 3451 1611 3521 arbor
1640 3450 1854 3515 Apollini
1889 3450 1959 3502 vel
1988 3452 2162 3502 Libero
2196 3466 2354 3515 sacra,
2389 3459 2439 3503 et
2461 3454 2591 3506 necti

1460 3519 1606 3568 etiam
1642 3531 1699 3567 ex
1733 3525 1889 3583 myrto
1916 3533 2041 3584 quae
2057 3520 2247 3582 Veneri,
2283 3519 2447 3571 Martis
2464 3523 2590 3572 ami·
2695 3560 2699 3571 .

1462 3585 1629 3647 culae,
1683 3599 1850 3647 sacra,
1905 3595 1955 3636 et
1999 3588 2155 3649 necti,
2209 3587 2340 3653 quod
2375 3590 2588 3649 tertium,

1461 3653 1608 3703 etiam
1662 3667 1719 3703 ex
1766 3652 1875 3703 olea
1908 3653 2146 3705 Minervae
2192 3663 2410 3716 sacrata,

1461 3734 1573 3772 cum
1626 3734 1781 3785 aeque
1816 3734 2065 3772 armorum
2100 3721 2190 3773 dea
2225 3722 2414 3772 dicatur
2448 3723 2588 3773 inde-

1463 3787 1868 3905 33223‘02213222
1904 3788 2166 3919 ζὲῗρῗὲῗ.
2181 3789 2588 3907 Ἢῗὶὲῗζζὲῑ

1646 3890 1661 3915 ²

1462 3921 1688 3986 Neptuno
1723 3918 1913 3972 initae?

1530 3990 1578 4040 k.
1616 3990 1752 4049 Quae
1785 3989 1880 4040 iam
1913 3989 2163 4055 polluatur
2196 3997 2244 4042 et
2279 3986 2482 4059 causis]
2517 3991 2590 4043 Ita

1464 4058 1675 4109 correxit
1705 4056 1869 4108 locum
1887 4058 1954 4108 La
1980 4058 2151 4137 cerda,
2187 4059 2324 4109 cuius
2355 4059 2588 4111 iudicium

1463 4140 1594 4245 :332
1610 4126 2592 4260 Pffiffiffffilsssssssf‘fflggffissosssg}

1464 4262 1618 4317 disset
1652 4276 1862 4314 coronae
1898 4262 2119 4313 militaris
2155 4277 2298 4314 usum
2333 4271 2476 4330 atque
2500 4279 2589 4315 su·

1462 4330 1800 4395 perstitionem
1835 4329 2072 4395 pollutam
2105 4339 2248 4395 atque
2271 4340 2590 4397 expugnatam

1465 4412 1575 4448 esse
1611 4397 1810 4449 dissona
1846 4405 1895 4448 et
1927 4397 1988 4448 de
2022 4398 2222 4449 materia
2258 4407 2306 4450 et
2340 4401 2402 4450 de
2421 4401 2587 4450 iuren-

1463 4464 1654 4517 toribus
1688 4463 1840 4526 illius,
1873 4479 1929 4515 se
1963 4465 2057 4515 iam
2095 4480 2205 4517 esse
2230 4480 2335 4516 eam
2360 4467 2436 4518 aui
2463 4479 2590 4530 quo-

1465 4546 1560 4599 que
1595 4532 1750 4596 ipsius
1786 4533 1944 4583 causis
1987 4538 2382 4597 expugnaturum.

1535 4600 1569 4649 Ι.
1607 4614 1764 4651 annua
1800 4607 2021 4653 votorum
2056 4596 2374 4668 nuncupatio]
2419 4599 2590 4651 Fiebat

1463 4669 1586 4721 baec
1618 4667 1704 4723 111.
1736 4666 1862 4720 Non.
1896 4668 2143 4721 Ianuarias
2187 4681 2280 4732 pro
2327 4666 2588 4720 incolumi·
2619 4666 2628 4676 “

2463 3669 2590 3720 quas
2651 3712 2655 3716 ,
