3263 5311
619 442 748 529 26³2
1071 482 1313 532 ,ouran
1357 480 1626 523 saprum
1672 446 1997 525 raonem-rs
2043 481 2433 525 Taurunum

615 612 795 694 imam
837 631 1030 693 lucem
1073 631 1469 711 ”expaverint
1511 630 1835 693 veritatis&
1886 614 2028 691 ‘Sed
2075 650 2146 691 eo
2194 631 2453 691 sortasse
2499 630 2698 692 minus
2728 630 2973 710 legitimi

617 735 657 766 ⁴¹
675 733 1115 805 existimamur,
1162 733 1299 812 quia
1343 732 1502 793 nulla
1544 731 1619 792 de
1649 740 1857 793 nostra
1884 730 1927 764 ⁴²
1940 731 2307 793 fraternitate
2338 730 2638 810 tragoedia
2667 731 2967 814 exclamat,

619 835 712 896 vel
754 834 889 914 quia
943 851 1011 894 ex
1071 832 1402 894 substantia
1459 832 1728 895 familiari
1784 834 1996 895 fratres
2056 851 2266 894 sumus
2282 846 2324 906 ⁸,
2401 851 2551 912 quae
2612 851 2801 913 penes
2862 850 2970 895 vos

619 936 664 977 ⁴³
676 938 801 997 sere
843 934 1067 995 dirimit
1093 935 1573 997 fraternitatem&
1641 935 1845 1013 ltaque
1874 933 2031 1013 “qui
2060 934 2257 995 animo
2289 932 2601 1013 animaque
2627 933 2969 1008 miscemur,

615 1036 767 1099 nihil
810 1037 884 1101 de
929 1035 1016 1097 rei
1060 1035 1595 1097 communicatione
1654 1035 2012 1097 dubitamus.
2118 1035 2385 1098 “Omnia
2451 1033 2775 1096 indiscreta
2830 1042 2973 1096 sunt

619 1137 776 1217 apud
832 1155 946 1197 nos
1003 1145 1241 1217 praeter
1303 1155 1545 1198 uxores,
1634 1136 1757 1197 “⁶In
1813 1137 1932 1198 isto
1987 1136 2122 1198 loco
2167 1136 2533 1198 consortium
2580 1135 2867 1197 solvimus
2909 1135 2974 1196 in

624 1256 740 1319 quo
785 1237 970 1299 “⁷solo
1016 1237 1198 1298 ceteri
1243 1236 1520 1300 homines
1567 1239 1940 1300 consortium
1978 1246 2286 1311 exercent,
2333 1238 2432 1317 qui
2477 1255 2598 1298 non
2644 1232 2971 1297 amicorum

625 1338 1002 1426 solummodo
1046 1338 1423 1399 matrimonia
1466 1347 1788 1418 usurpans,
1859 1339 1967 1400 sed
2025 1348 2085 1401 et
2139 1358 2246 1400 sua
2290 1337 2493 1400 amicis
2538 1336 2979 1418 patientissime
3038 1412 3051 1420 ι

529 1440 592 1495 ⁴·
626 1440 1080 1502 subministrant
1096 1441 1156 1511 ὓς
1201 1459 1273 1500 ex
1317 1439 1443 1512 illa,
1488 1440 1701 1514 credo,
1749 1441 2042 1503 maiorum
2086 1450 2145 1501 et
2172 1439 2811 1520 “sapientissimorum
2842 1438 2976 1499 dis-

515 1754 524 1763 ·
626 1730 799 1793 Erfurt.
839 1729 987 1778 Oxou.

623 1595 707 1644 40.
746 1592 1020 1657 expaverint
1054 1591 1355 1642 ABDEFGde.
1398 1592 1587 1643 Vindob.
1628 1594 1776 1644 Oxou.
1816 1595 1985 1657 Ersurt.
2021 1595 2209 1644 Pumelii
2244 1595 2369 1643 libri.
2453 1598 2744 1656 expaverunt
2775 1586 2841 1656 λῙ.
2878 1592 2981 1641 Hu-

624 1677 742 1711 verc.
815 1661 1148 1724 expiraverunt
1193 1661 1291 1708 abc.

624 1796 711 1845 44.
749 1796 858 1859 quia
897 1796 981 1845 Ga.
1015 1794 1203 1843 Pometia·
1220 1795 1398 1857 aliquot
1416 1796 1541 1845 libri.

624 1930 708 1979 47.
746 1928 906 1978 solum
942 1929 994 1978 F.

627 2069 724 2115 dut.
794 2063 995 2127 apolog.
1045 2078 1150 2126 cap.
1188 2061 1253 2112 35
1304 2064 1440 2123 „lam
1488 2066 1529 2115 si
1580 2070 1749 2129 pecto·

624 2133 762 2183 'ribus
799 2132 858 2181 ad
905 2129 1301 2180 translucendum
1356 2133 1596 2195 quandam
1635 2149 1750 2196 spe-

627 2201 839 2252 cularem
903 2198 1152 2247 materiam
1221 2204 1388 2249 natura
1460 2201 1752 2260 obduxisset,

527 2298 536 2307 ·
627 2270 763 2319 cuius
800 2281 897 2317 non
936 2266 1216 2330 praecordia
1255 2267 1496 2331 insculpta
1532 2276 1753 2332 appareat

626 2336 733 2386 novi
771 2350 828 2384 ac
862 2335 968 2384 novi
999 2333 1220 2399 Caesaris
1256 2348 1452 2384 scenam
1503 2336 1749 2398 congiario

628 2401 883 2454 dividundo
932 2397 1330 2465 pt·aesidenlls?“
1404 2402 1470 2451 De
1532 2404 1751 2466 Spectac.

591 2472 734 2534 'cap.
772 2469 833 2518 21
891 2466 1012 2529 „Sic
1055 2484 1180 2530 ,ergo
1237 2471 1417 2528 evenit,
1472 2478 1522 2520 ut
1571 2472 1652 2534 qui
1704 2472 1751 2520 in

628 2538 826 2602 publico
876 2537 946 2585 vix
984 2538 1270 2586 necessitate
1320 2539 1505 2587 vesicae
1543 2539 1751 2588 tunicam

628 2608 759 2667 levet,
797 2603 926 2653 idem
977 2604 1024 2653 in
1062 2605 1190 2654 circo
1238 2619 1334 2654 non
1384 2605 1524 2654 aliter
1558 2607 1752 2666 exultet,

631 2674 723 2723 nisi
762 2680 912 2723 totum
951 2673 1187 2737 pudorem
1240 2674 1285 2722 iu
1325 2673 1496 2722 taciem
1535 2676 1750 2742 omnium

561 2743 582 2768 ⁹
630 2744 858 2800 intentet,
908 2748 956 2790 et
1000 2741 1079 2804 qui
1130 2741 1256 2789 tiliae
1291 2741 1485 2802 virginis
1522 2742 1581 2791 ab
1619 2742 1752 2791 omni

632 2825 812 2874 spurco
859 2809 1003 2859 verbo
1053 2821 1196 2857 aures
1246 2815 1425 2869 tuetur,
1485 2810 1590 2873 ipse
1647 2824 1752 2859 eam

633 2879 681 2927 in
718 2873 954 2927 theatrum
992 2875 1050 2925 ad
1089 2875 1198 2925 illas
1245 2890 1384 2926 voces
1427 2878 1757 2939 gesticulatio·

634 2959 818 3009 aesque
867 2943 1126 2994 deducat.“
1197 2943 1316 2993 lbid.
1375 2960 1479 3008 cap.
1519 2944 1550 2994 2
1610 2960 1756 3008 „cum

527 3069 536 3080 ο
634 3014 795 3076 ipsum
839 3012 1086 3062 bominem
1136 3038 1201 3047 —
1248 3038 1314 3047 —
1365 3013 1424 3062 de
1488 3013 1759 3076 integritate

635 3082 866 3140 deiecerit,
907 3081 1086 3143 paritet·
1119 3094 1248 3129 'cum
1287 3080 1395 3144 ipso
1433 3079 1758 3146 in‘perversi·

635 3155 781 3197 mem
820 3149 1066 3197 dernutavit
1102 3148 1330 3197 adversus
1381 3148 1758 3199 institutorem.“

704 3231 744 3277 y.
784 3215 841 3262 ad
882 3229 1023 3263 uuam
1064 3213 1218 3264 lucem
1269 3216 1543 3278 expaverint
1587 3218 1760 3266 verita-—

632 3279 742 3348 tis-J
789 3282 863 3331 Cr.
911 3283 980 3330 Ad
1017 3280 1153 3329 Mart.
1204 3296 1310 3345 cap.
1349 3281 1395 3331 3.
1444 3292 1499 3333 ’et
1533 3299 1657 3348 quae
1693 3284 1759 3332 ibi

636 3349 870 3396 adnotavi.
946 3348 995 3396 ld
1045 3355 1235 3405 autem,
1293 3349 1449 3413 inquit
1499 3352 1759 3409 Heraldus,

638 3415 874 3475 siguificat
910 3414 984 3462 bis
1021 3414 1177 3464 verbis
1215 3416 1569 3477 Tertullianus,
1618 3419 1760 3468 Chri-

637 3483 820 3532 stianos
871 3483 1042 3530 merito
1095 3482 1268 3533 fratres
1304 3483 1430 3544 dici,
1463 3486 1643 3550 quippe
1679 3486 1760 3549 qui

637 3549 780 3600 simul
819 3551 972 3598 renati
1005 3550 1190 3599 *luerint
1225 3558 1367 3614 atque
1389 3567 1441 3600 ex
1463 3553 1759 3614 ignorantiae

637 3624 774 3666 utero
811 3617 869 3665 ad
906 3616 1108 3665 eandem
1146 3619 1355 3667 veritatis
1405 3619 1560 3669 lucem
1599 3635 1759 3670 emer-

636 3686 804 3735 serint.
876 3685 1078 3748 Optatus
1111 3685 1300 3736 Milerit.
1339 3686 1418 3736 lib.
1460 3688 1524 3736 l.:
1563 3690 1760 3748 „Quare

637 3767 778 3804 nemo
818 3755 1018 3803 miretur
1053 3768 1140 3803 eos
1177 3768 1253 3803 me
1283 3755 1532 3817 appellare
1568 3756 1760 3816 fratres,

637 3823 715 3885 qui
744 3836 840 3871 non
867 3830 1072 3885 possunt
1094 3836 1203 3871 esse
1233 3823 1421 3872 tratres.
1463 3824 1545 3874 Est
1563 3825 1759 3888 quidem

638 3890 780 3938 nobis
833 3898 881 3942 et
917 3890 1013 3939 illis
1065 3905 1158 3939 una
1207 3890 1472 3954 spiritualis
1525 3893 1760 3953 nativitas,

531 4013 550 4024 ι
637 3956 722 4005 sed
759 3957 934 4006 diversi
970 3965 1085 4007 sunt
1119 3959 1305 4009 actus.“
1354 3953 1477 4017 Quin
1501 3967 1659 4009 autem
1688 3961 1763 4009 bis

638 4022 920 4072 Tertulliani
959 4026 1116 4074 verbis
1134 4040 1324 4075 sacrum
1354 4027 1590 4090 baptisma
1611 4029 1762 4089 sigui-

603 4090 808 4150 ,ficetur
864 4090 1061 4165 deubium
1117 4092 1302 4142 nullum
1353 4102 1452 4152 est,
1522 4096 1761 4157 siquidem

639 4167 937 4221 φωτισμον
972 4160 1114 4207 etiam
1164 4168 1365 4222 propter
1409 4175 1578 4210 noram
1628 4161 1763 4211 illam

640 4226 825 4282 iucem,
875 4237 998 4287 quae
1035 4225 1093 4273 iis
1130 4226 1415 4288 effulgebat,
1467 4228 1765 4291 appellatum

639 4293 790 4341 fuisse
825 4292 938 4356 plus
975 4307 1117 4355 quam
1167 4301 1331 4342 notum
1380 4302 1467 4342 est.
1551 4295 1764 4345 lustinus

593 4385 601 4398 ·
641 4359 696 4410 Μ.
734 4359 934 4423 apolog.
971 4360 1032 4408 ll.
1077 4355 1364 4414 ..καλεῖται
1400 4355 1462 4409 δὲ
1495 4360 1658 4410 τοῦτο
1697 4355 1758 4411 τὸ

635 4422 869 4494 λοῦτρον
905 4420 1214 4492 φωτισμὸς,
1255 4419 1328 4480 ὥς
1364 4426 1762 4494 φωτιζομένων

637 4489 738 4553 τὴν
774 4488 1027 4542 διάνοιαν
1074 4493 1187 4542 τῶν
1234 4493 1409 4543 ταῦτα
1441 4491 1761 4562 μανθανόν-

636 4569 818 4610 των.“
910 4565 1044 4613 Unde
1079 4572 1126 4613 et
1162 4557 1426 4629 φωτίζειν
1473 4580 1562 4629 pro
1601 4568 1758 4631 bapti-

635 4644 745 4678 zare
769 4632 1122 4681 locisintinitis.
1173 4632 1372 4694 Egregie
1398 4633 1664 4697 Cyprianus
1700 4635 1761 4684 ad

591 4759 598 4766 Ι
636 4695 903 4748 Donatum:
961 4693 1093 4759 „Sed
1133 4708 1397 4768 postquam
1431 4702 1587 4762 undae
1624 4703 1759 4765 geul-

1418 1659 1499 1708 41.
1556 1662 1887 1711 existimantur
1922 1662 1974 1711 F.
2018 1662 2205 1712 Vindob.

1111 1724 1195 1774 43.
1231 1726 1374 1775 facile
1409 1729 1592 1777 dirimit
1625 1730 1675 1778 F.
1760 1730 1923 1778 lacere
1966 1729 2159 1778 derimit
2200 1729 2388 1778 Vindob.
2473 1728 2614 1777 facile
2649 1727 2890 1776 dirimitur
2931 1727 2982 1776 G.

1646 1795 1728 1845 45.
1768 1794 1938 1846 Omnia
1977 1797 2129 1846 om.F.

632 1863 1008 1924 Vindob.Er[urt.
1034 1862 1529 1913 oxonfflamctiitiari.
1601 1864 1649 1912 in
1688 1864 1774 1917 itto
1810 1865 1921 1913 loco
1958 1866 2058 1914 abc.
2133 1865 2178 1913 in
2216 1864 2309 1913 isto
2346 1863 2455 1914 solo
2489 1858 2553 1926 ²!-

2330 1659 2412 1709 42.
2450 1660 2747 1710 fraternitate
2795 1662 2883 1708 ὁπι.
2924 1659 2978 1709 Β.

2238 1795 2318 1845 46.
2359 1795 2411 1844 ln
2450 1798 2541 1844 isto
2579 1796 2687 1844 loco
2713 1793 2980 1844 Aaossffle.

2624 1862 2752 1912 iusto
2789 1861 2900 1911 loco
2929 1863 2981 1911 G.

1100 1927 1181 1976 48.
1220 1929 1566 1992 sapientiorum
1604 1946 1805 1981 suorum
1840 1927 1886 1979 λ.

1852 2066 1963 2117 talia
1999 2065 2193 2125 auxilio,
2230 2065 2497 2128 superioris
2518 2065 2614 2113 aevi
2640 2063 2750 2114 labe
2769 2064 2984 2126 detersa,

1855 2135 1902 2184 in
1939 2134 2177 2196 expiatum
2228 2140 2398 2195 pectus
2444 2147 2501 2181 ac
2548 2146 2720 2196 purum
2770 2132 2992 2195 desuper

1853 2216 1907 2251 se
1945 2202 2105 2250 lumen
2144 2199 2331 2259 inludit,
2368 2209 2625 2263 postquam
2655 2199 2855 2249 caelitus
2875 2201 2989 2263 spi·

1856 2271 1946 2318 ritu
1986 2268 2156 2318 hausto
2202 2269 2248 2325 in
2288 2282 2458 2317 novum
2499 2281 2574 2316 me
2612 2267 2854 2316 bominem
2892 2282 2987 2317 na-

1824 2320 2007 2386 ''tivitas
2043 2336 2255 2385 secunda
2293 2336 2545 2398 reparavit,
2582 2336 2755 2384 mirum
2793 2349 2842 2383 tu
2872 2349 2986 2384 mo·

1854 2405 1968 2454 dum
2006 2404 2227 2467 protinus
2264 2404 2551 2452 confirmare
2587 2416 2640 2451 se
2677 2403 2839 2464 dubia,
2890 2417 2989 2466 pa·

1855 2480 1958 2522 tere
2013 2471 2210 2531 clausa,
2284 2471 2445 2520 lucere
2501 2469 2804 2519 tenebrosa“
2870 2478 2987 2520 cett.

1856 2540 2111 2600 Eleganter
2148 2553 2340 2602 quoque
2367 2537 2693 2588 Tertullianus
2729 2538 2789 2586 de
2814 2537 2987 2588 Anima

1858 2622 1961 2672 cap.
1987 2606 2083 2657 41:
2128 2606 2371 2672 „Proinde
2407 2618 2554 2670 quum
2591 2605 2649 2654 ad
2688 2604 2831 2654 fldem
2866 2618 2984 2670 per-

1854 2675 1981 2725 venit
2004 2674 2183 2726 lanima
2210 2674 2356 2734 scih),
2394 2675 2653 2724 reformata
2692 2688 2780 2736 per
2804 2688 2986 2724 secun·

1856 2744 1965 2793 dam
2004 2743 2292 2792 nativitatem
2331 2756 2384 2790 ex
2422 2757 2543 2805 aqua
2581 2749 2628 2791 et
2652 2755 2863 2805 superna
2884 2744 2991 2790 vir·

1856 2819 1973 2870 tute,
1993 2810 2208 2860 detracto
2233 2810 2559 2873 corruptionis
2580 2809 2785 2872 pristino
2813 2808 2993 2858 aulaeo

1859 2888 2007 2928 totam
2046 2878 2200 2927 lucem
2238 2892 2394 2938 suam,
2431 2876 2719 2940 conspicit.“

1926 2961 1967 2995 z.
2004 2961 2060 2994 ex
2094 2945 2359 2994 substantia
2399 2944 2620 2993 familiari
2675 2943 2851 2993 iratres
2899 2946 2988 2994 su-

1861 3009 1992 3078 mus]
2042 3014 2170 3063 llaec
2204 3016 2331 3062 euim
2370 3013 2625 3062 indiscreta
2663 3018 2766 3060 erat
2798 3013 2991 3075 primo·

1860 3095 1967 3131 rum
2006 3082 2311 3131 saeculorum
2333 3080 2635 3142 Christianis,
2671 3093 2766 3129 non
2790 3079 2989 3143 quidem

1862 3149 2193 3213 possessione,
2229 3149 2313 3198 sed
2354 3164 2463 3197 usu.
2556 3197 2563 3204 ,

1930 3233 1973 3265 a.
2011 3217 2191 3265 dirimit
2241 3211 2627 3280 fraternitatem]
2676 3215 2862 3264 Etenim
2916 3216 2991 3265 ta·

1864 3284 2025 3334 miliae
2072 3284 2383 3334 erciscundae
2434 3284 2532 3332 sive
2593 3283 2877 3332 dividundae
2933 3287 3007 3331 ac'

1863 3352 2159 3401 dirimendae
2196 3353 2423 3402 iudicium
2459 3350 2677 3400 redditur
2724 3351 2826 3400 sere
2862 3350 2991 3400 inter

1864 3421 2176 3479 cohaeredes,
2214 3419 2293 3483 qui
2332 3420 2617 3483 plerumque
2654 3419 2845 3469 fratres.
2883 3417 2989 3480 (Ri-

1864 3487 2000 3548 galt.)
2529 3515 2538 3525 ·

1932 3555 1976 3603 b.
2027 3554 2376 3618 patientissime
2421 3549 2810 3616 subministrant]
2864 3552 2989 3602 Nota

1854 3623 2204 3687 patientissime.
2261 3623 2342 3671 Sic
2376 3622 2502 3671 enim
2541 3622 2816 3684 patientiam
2843 3634 2993 3670 usur·—

1862 3689 2054 3753 pabant.
2128 3690 2328 3739 Tertull.
2379 3689 2440 3738 de
2492 3689 2689 3738 Patient.
2726 3701 2830 3751 cap.
2867 3687 2988 3738 ult.:

1862 3757 2017 3816 „Nam
2058 3765 2109 3806 ut
2143 3757 2189 3804 in
2227 3756 2321 3805 isto
2357 3771 2549 3820 quoque
2585 3756 2783 3805 domino
2814 3755 2991 3805 diabo-

1864 3824 1940 3873 lus
1989 3824 2331 3884 aemularetur,
2385 3824 2519 3888 quasi
2570 3824 2712 3887 plane
2761 3837 2816 3872 ex
2864 3823 2991 3886 pari,

1864 3892 2027 3942 docuit
2062 3900 2109 3940 et
2129 3906 2234 3941 mos
2256 3891 2531 3954 patientiam
2554 3892 2820 3954 propriam,
2852 3891 2989 3940 illam

1864 3957 1990 4020 dico,
2028 3974 2150 4022 quae
2188 3960 2387 4008 maritos
2424 3960 2535 4008 dote
2572 3959 2764 4007 venales
2800 3964 2882 4006 aut
2913 3959 2989 4006 le·

1863 4027 2069 4077 not-iniis
2105 4028 2404 4088 negotiantes
2440 4039 2639 4075 uxorum
2670 4024 2995 4089 potestatibus

1865 4094 2110 4144 subiicit.“
2184 4094 2302 4143 Ptin.
2334 4094 2483 4157 Epist.
2502 4093 2574 4152 vl,
2593 4091 2691 4143 32:
2730 4093 2862 4152 „Seu
2886 4097 2990 4140 m‘a-

1865 4163 2009 4211 ritum
2072 4177 2168 4211 non
2223 4164 2328 4210 sine
2387 4162 2543 4225 aliqua
2608 4161 2996 4224 reprehensione

1866 4231 2124 4293 patientiae
2162 4243 2300 4278 amor
2318 4230 2480 4278 uxoris
2501 4228 2806 4289 retardaba13
2843 4240 2991 4290 quam

1864 4298 2056 4360 quidem
2096 4297 2237 4346 etiam
2268 4307 2385 4361 post
2437 4296 2646 4345 delatum
2700 4294 2988 4344 adulterium

1862 4366 1992 4414 domi
2032 4366 2289 4424 habuerat,
2345 4366 2480 4429 quasi
2530 4370 2989 4413 contentusmemu-

1861 4432 1961 4481 lum
2000 4433 2316 4482 removisse.“
2405 4431 2597 4481 Cornel.
2636 4431 2781 4479 Tacit.
2818 4427 2986 4478 Annal.

1863 4499 2058 4550 lib-XV.
2112 4495 2240 4564 [cap.
2276 4495 2413 4565 59.]:
2474 4498 2704 4558 „Nomen
2766 4495 2985 4546 mulieris

1860 4569 1994 4618 Arria
2032 4568 2199 4620 Galla:
2236 4568 2387 4630 priori
2426 4568 2597 4616 marito
2634 4563 2868 4614 Domitius
2904 4562 2987 4610 Si·

1834 4632 1973 4684 -lius.
2024 4635 2111 4683 llic
2146 4636 2391 4697 patientia,
2428 4634 2511 4683 illa
2531 4632 2824 4696 impudicitia
2846 4630 2989 4678 viso-

1863 4703 1941 4753 nis
1974 4702 2223 4753 insmiam
2258 4700 2637 4769 propagantem-‘⁸
2686 4695 2997 4770 Capitolinus
