3263 5311
1094 487 1171 531 ns
1213 485 1529 532 romanu.
2357 439 2480 536 82s

159 637 403 720 placeant
443 637 793 717 ''coniugio.
863 625 971 699 Sic
1011 638 1223 700 melius
1269 639 1463 700 facere
1503 637 1850 718 pronuntiat
1876 636 2178 717 ”virginis
2223 657 2472 702 conser-
2493 653 2713 749 'w'
2756 673 2765 683 ·

159 747 400 801 vaterem
443 757 619 818 quam
664 745 1033 818 erogatorem
1050 751 1110 800 ·.
1166 739 1266 801 Sic
1309 747 1371 801 et
1411 739 1566 802 illam
1593 738 1926 801 beatiorem
1954 737 2298 801 ³3discernit
2325 759 2477 820 quae
2682 737 2693 748 '

158 839 359 901 amisso
401 837 532 900 viro
575 835 751 899 fidem
806 838 1078 917 ingressa
1134 839 1412 902 amaverit
1470 840 1845 904 occasionem
1899 838 2215 901 viduitatiS.
2315 840 2477 904 “sic
2516 877 2523 882 ·

154 941 289 1003 haec
326 940 520 1002 omnia
561 939 960 1002 continentiae
989 939 1233 1002 consilia
1262 949 1330 1003 ut
1358 941 1552 1003 divina
1582 940 1988 1015 commendat3
2031 939 2216 1016 Puto,
2262 942 2475 1021 inquit,

155 1049 215 1104 et
258 1059 358 1119 ego
413 1040 686 1121 spiritum
742 1039 838 1102 dei
892 1039 1105 1104 habeo.
1216 1041 1365 1114 Quis
1421 1042 1538 1104 iste
1594 1052 1689 1105 est
1730 1042 2005 1103 adsertor
2045 1041 2475 1105 audacissimus

154 1143 335 1204 omnis
373 1141 803 1222 impudicitiae,
850 1143 1238 1204 moechorum
1268 1151 1329 1204 et
1356 1143 1779 1204 fornicatorum
1821 1150 1881 1203 et
1907 1142 2273 1205 incestorum
2302 1143 2476 1223 plane

151 1242 515 1306 fidelissimus
560 1242 912 1316 advocatus,
981 1243 1195 1322 quibus
1239 1241 1664 1305 ”honorandis
1722 1245 1987 1323 suscepit
2040 1244 2193 1305 banc
2235 1261 2474 1306 causam

149 1342 416 1406 adversus
461 1343 735 1423 spiritum
782 1352 1080 1419 sanctum,
1137 1351 1203 1405 ut
1244 1343 1457 1406 falsum
1500 1344 1910 1406 testimonium
1953 1343 2165 1406 recitet
2205 1344 2279 1406 de
2322 1364 2473 1425 apo-

150 1444 298 1506 stolo
338 1442 515 1506 eius?
585 1443 743 1507 Nihil
788 1444 901 1506 tale
944 1444 1161 1506 Paulus
1207 1445 1482 1519 indulsit,
1529 1444 1631 1525 qui
1676 1453 1860 1506 totam
1904 1445 2097 1506 carnis
2142 1445 2473 1507 necessita—

147 1554 260 1607 tem
299 1546 369 1606 de
408 1545 619 1625 probis
665 1544 843 1606 etiam
885 1544 1068 1607 titulis
1112 1544 1425 1608 obliterare
1466 1555 1736 1608 conatur.
1808 1543 2083 1624 Indulget
2125 1561 2269 1608 sane
2287 1592 2302 1620 ‚
2348 1563 2472 1607 non

146 1643 446 1718 adulteria,
513 1647 621 1707 sed
685 1645 943 1725 nuptiae.
1056 1645 1255 1708 Parcit
1304 1665 1479 1721 sane,
1553 1645 1982 1720 matrimoniis,
2044 1665 2169 1708 non
2228 1647 2472 1727 stupris.

147 1747 348 1808 Tentat
387 1763 464 1808 ue
506 1756 750 1809 naturae
794 1746 1031 1827 quidem
1061 1747 1406 1828 ignoscere,
1452 1746 1586 1808 ”ne
1617 1746 1823 1827 culpae
1849 1746 2203 1809 blandiatur.
2262 1747 2473 1809 Studet

145 1865 514 1928 compescere
555 1847 986 1910 benedictionis
1040 1847 1450 1922 concubitum,
1515 1866 1594 1909 ne
1650 1847 2078 1910 maledictionis
2135 1857 2471 1910 excusetur.

140 1948 266 2009 Hoc
305 1949 358 2010 ei
404 1954 741 2028 supererat,
787 1965 1021 2010 carnem
1064 1948 1158 2010 vel
1202 1967 1234 2008 a
1280 1948 1559 2010 sordibus
1602 1966 1888 2027 purgare3
1944 1964 1975 2008 a
2019 1948 2266 2008 maculis
2312 1949 2469 2010 enim

139 2067 258 2111 non
297 2056 514 2129 potest.
614 2048 732 2111 Sed
777 2057 873 2110 est
914 2049 1031 2110 hoc
1071 2048 1357 2109 sollemne
1401 2049 1699 2128 perversis
1744 2056 1804 2110 et
1845 2047 2091 2110 idiotis⁸
2132 2048 2469 2124 haereticis,

136 2149 182 2182 '⁷
192 2150 304 2212 iam
346 2157 406 2211 et
445 2148 740 2230 psychicis
783 2149 1111 2222 universiS,
1179 2148 1425 2211 alicuius
1489 2148 1727 2228 capituli
1784 2149 2058 2229 ancipitis
2100 2147 2472 2226 ³”occasione

136 2250 411 2313 adversus
455 2249 773 2312 exercitum
819 2249 1249 2310 sententiarum
1292 2248 1709 2311 instrumenti⁰
1755 2249 1935 2311 totius
1980 2249 2215 2311 armari.

304 2350 596 2412 ¹Provoca
640 2351 714 2412 ad
756 2349 1144 2430 apostolicam
1187 2348 1403 2423 aciem,
1450 2350 1651 2430 aspice
1694 2348 1981 2429 epistolas
2026 2349 2187 2422 eim,
2256 2367 2466 2411 omnes
2503 2375 2755 2433 αμχνῃ,

129 2469 244 2532 pro
286 2450 598 2530 pudicitia,
641 2470 754 2531 pro
800 2451 1099 2520 castitate,
1143 2469 1255 2530 pro
1301 2449 2105 2530 sanctitate’praetendunt·,
2151 2467 2361 2512 omnes
2406 2450 2468 2512 in

129 2551 393 2613 luxuriae
438 2559 498 2614 et
538 2551 811 2614 lasciviae
854 2559 915 2613 et
953 2550 1215 2613 lihidinis
1257 2549 1496 2629 negotia
1555 2549 1899 2613 iaculantur.
2000 2550 2158 2623 Quid
2214 2551 2469 2630 denique

128 2663 190 2716 et
232 2651 861 2716 Thessalonicensibus
905 2650 1154 2715 scribit?
1224 2651 1584 2715 Advocatiob
1629 2651 1788 2713 enim
1829 2658 2035 2713 nostra
2078 2670 2200 2713 non
2246 2671 2315 2713 ex
2360 2670 2461 2714 se-

125 2755 436 2828 ductione,
501 2773 615 2816 nec
661 2744 742 2815 ‘ex
782 2752 1184 2815 immunditia:
1251 2760 1342 2827 et,
1397 2752 1558 2814 Haec
1600 2760 1698 2814 est
1737 2752 2009 2815 voluntas
2053 2752 2178 2825 dei,
2246 2753 2468 2814 sancti-

121 2855 324 2916 monia
367 2863 564 2916 vestra
583 2901 597 2928 ‚
645 2853 942 2916 abstinere
973 2872 1079 2916 vos
1110 2873 1142 2916 a
1171 2853 1597 2945 fornicatione,
1646 2852 1801 2914 scire
1841 2870 2322 2932 unumquemque
2365 2872 2466 2915 vas

122 2972 209 3024 31.
249 2974 437 3036 coniugi
475 2975 698 3024 Latinius.
815 2971 897 3022 32.
933 2973 1164 3036 virginem
1199 2974 1250 3023 A.
1368 2968 1450 3022 33.
1492 2970 1723 3021 discernit
1757 2964 1879 3021 ΆΒΟ.
1974 2971 2189 3021 decernit
2223 2972 2296 3033 11„
2336 2973 2467 3023 Futv.

124 3042 340 3091 Ursinus.
445 3041 527 3091 34.
564 3042 646 3091 Sic
677 3041 751 3103 D„
779 3041 909 3093 Fulv-
931 3041 1141 3092 Ursinus.
1207 3040 1261 3090 Si
1293 3040 1420 3091 ABG.
1511 3038 1595 3089 35.
1629 3038 1862 3089 honorari
1896 3041 1948 3090 A.
2029 3037 2111 3089 36.
2147 3041 2326 3103 quique
2361 3040 2467 3093 cul-

115 3124 220 3175 pae
254 3113 308 3159 A.
412 3108 492 3159 37.
532 3110 675 3159 etiam
713 3117 760 3158 et
793 3109 844 3158 A.
950 3106 1031 3158 38.
1072 3108 1378 3158 occasionem
1413 3113 1463 3157 A.

264 3176 382 3240 Cap.
419 3175 555 3226 lel.
639 3176 685 3225 1.
722 3175 951 3226 Provocat
984 3176 1036 3226 A.

187 3271 629 3394 m.6erogatorem.]
650 3276 724 3327 Cf.
741 3276 901 3326 adnot.
923 3276 982 3325 ad
999 3276 1244 3339 Sem-piac.

109 3359 230 3409 cap.

182 3443 235 3477 n.
275 3436 325 3478 et
361 3422 549 3493 idiotis]
583 3427 636 3478 ld
658 3435 731 3492 est
762 3428 914 3486 duris,
948 3426 1127 3479 stultis.
1168 3426 1242 3476 Cf.

103 3494 282 3545 adnot.
323 3494 385 3544 ad
421 3495 505 3544 lib.
542 3494 611 3544 Ad
647 3495 783 3545 Mart.
819 3509 925 3558 cap.
950 3493 995 3543 1.

179 3601 230 3635 o.
271 3583 606 3648 instrumenti]
641 3587 920 3644 Paraturae,
966 3592 1243 3649 apparatus,

101 3654 364 3718 corporis.
430 3653 503 3704 ct.
540 3653 702 3704 adnot.
750 3653 810 3704 ad
859 3652 997 3717 Apol.
1036 3666 1139 3716 cap.
1165 3651 1243 3702 18.

2490 2637 2653 2684 lTbea.
2662 2638 2718 2694 11,
2729 2641 2772 2687 3.

2489 2689 2556 2741 tv,
2568 2691 2595 2734 8
2604 2702 2700 2747 sqq.

1348 3273 1546 3323 militem
1577 3274 1846 3323 Romanum
1884 3287 2112 3336 occupas,
2149 3274 2261 3323 dum
2301 3275 2341 3322 is
2378 3274 2465 3323 ad-

1344 3356 1534 3391 versum
1570 3356 1624 3390 se
1662 3341 1885 3405 utrinque
1914 3342 2175 3405 praetendit
2222 3342 2270 3390 in
2307 3342 2464 3392 medio

1347 3409 1547 3458 Romani
1565 3409 1757 3472 imperii
1785 3410 1891 3459 sinu
1907 3408 2138 3471 luebungi
2159 3408 2466 3473 populaban-

1345 3482 1423 3525 tur
1442 3475 1719 3525 Rhaetias.“
1775 3476 1851 3526 ld.
1875 3476 2024 3539 Epist.
2044 3474 2109 3525 82
2147 3475 2287 3535 „Stat
2308 3483 2467 3525 autem

1345 3543 1625 3607 speculator
1658 3544 1905 3608 providus,
1938 3542 2139 3607 pervigil
2167 3550 2348 3603 custos,
2387 3545 2469 3607 qui

1338 3612 1617 3675 praetendit,
1678 3612 1724 3660 in
1775 3610 1999 3661 castris.“
2071 3612 2243 3660 Fusius
2280 3611 2339 3660 de
2374 3611 2470 3660 boc

1343 3678 1488 3727 verbo
1540 3678 1803 3741 disputant,
1868 3685 2061 3743 praeter
2118 3677 2465 3729 Gothosredum

181 3744 469 3809 napum.
516 3760 560 3796 a.
596 3759 688 3809 pro
727 3746 980 3797 sanctitate
1014 3752 1244 3812 praeten-

95 3810 259 3876 dunt]
294 3813 596 3862 haelendes-e
632 3820 877 3863 castrense
919 3813 1113 3862 verbum
1153 3818 1242 3871 est,

94 3878 1243 4009 {⁵3:¹³23³32⁹3⁸⁶332¹z.5323·....wisilat

203 3982 216 3994 ·
332 3983 345 4006 a
436 3984 450 4006 ν
508 3981 522 3996 ·
972 3982 1006 4007 ’ν

94 4015 162 4063 de
205 4013 453 4063 militibus
489 4029 515 4063 a
553 4016 743 4074 castriS,
795 4016 866 4065 vel
904 4015 980 4063 his
1016 4014 1157 4063 etiam
1197 4015 1244 4062 in

94 4080 262 4141 locis,
331 4080 509 4145 quibus
565 4083 896 4147 praetendant,
965 4080 1244 4131 discedendi

94 4155 445 4198 commeatum
482 4147 651 4197 dare.“
702 4149 775 4200 Cf.
799 4148 913 4197 lust.
937 4148 1054 4198 Cod.
1074 4162 1178 4211 cap.
1198 4147 1241 4197 1.

94 4215 214 4266 eod.
261 4214 349 4275 12,
374 4214 454 4265 13.
501 4216 721 4266 ambros.
741 4216 892 4279 Epist.
915 4215 974 4266 16
1010 4215 1241 4277 „Postre-

94 4297 180 4331 mo
224 4283 377 4345 quasi
415 4282 594 4332 bonum
632 4282 915 4332 bellatorem
939 4296 1138 4331 sumere
1163 4296 1243 4331 ar-

94 4364 173 4398 ma
220 4350 308 4398 dei
347 4363 408 4397 ac
438 4350 737 4413 praetendere
782 4363 980 4413 semper
1027 4363 1124 4399 non
1161 4362 1246 4398 so-

95 4422 200 4465 }um
245 4416 488 4465 adversus
524 4415 755 4466 carnem“
806 4424 918 4466 cett.
985 4416 1055 4467 ld.
1090 4416 1245 4480 Epist.

94 4483 172 4534 26.
221 4483 293 4533 ad
335 4483 616 4534 Gratianum
651 4484 768 4545 Aug.
830 4483 1016 4545 „Nocte
1065 4498 1122 4532 ac
1170 4483 1246 4533 die

97 4568 132 4603 n
163 4551 276 4602 tuis
320 4550 498 4600 castris
535 4565 650 4600 cura
686 4558 735 4600 et
751 4564 896 4600 sensu
928 4549 1114 4599 locatus
1133 4565 1246 4599 ora-

97 4622 299 4670 ionnm
324 4618 554 4668 excubias
565 4614 980 4694 praetendebam.“
1005 4617 1075 4666 ld.
1090 4618 1245 4680 Epist.

94 4688 172 4740 27.
239 4686 358 4737 adr.
398 4685 779 4735 Valentinianum
816 4684 921 4733 lun.
988 4683 1145 4744 „Dum
1194 4690 1245 4732 tu

1344 3744 1406 3794 ad
1441 3745 1558 3797 Cod.
1597 3746 1780 3796 Tbeod.
1820 3746 1851 3795 Ι.
1871 3747 1922 3808 1.,
1965 3746 2180 3797 Valesius
2217 3745 2276 3795 ad
2312 3744 2465 3795 Amm.

1345 3811 1557 3861 Marcell.
1609 3811 1693 3861 lib.
1713 3812 1826 3874 XIV,
1873 3828 1922 3874 p.
1951 3811 1997 3860 7.
2052 3813 2164 3861 Adr.
2214 3811 2465 3861 Turnebus

1345 3878 1591 3929 adversar.
1631 3878 1706 3938 IV,
1729 3879 1778 3928 7.
1838 3879 1981 3943 Casp.
2028 3877 2250 3928 Bartbius
2286 3878 2466 3927 Adver-

1347 3960 1442 3995 sar.
1479 3945 1658 4005 XLVII,
1685 3945 1729 3994 1.

1413 4013 1462 4062 b.
1499 4009 1770 4075 advocatio]
1805 4001 2158 4075 παράκλησις,
2179 4011 2466 4063 consolatio.

1346 4079 1428 4128 Sic
1463 4093 1609 4144 supra
1648 4095 1753 4141 cap.
1779 4077 1858 4129 13.
1896 4080 2058 4142 posuit
2095 4080 2336 4129 advocare.
2393 4080 2468 4132 Cl'.

1347 4146 1506 4197 adnot.
1541 4147 1616 4201 ad
1669 4145 1739 4196 De
1787 4146 1987 4197 Patieut.
2035 4161 2140 4210 cap.
2174 4146 2252 4195 11.
2335 4146 2467 4197 Adde

1343 4213 1596 4264 irenaeum
1633 4214 1743 4265 Δάν.
1782 4214 1980 4263 Haeres.
2012 4212 2096 4273 ΙΙΙ,
2123 4212 2186 4263 10
2219 4213 2468 4274 „Advoca-

1344 4283 1422 4333 bat
1458 4288 1619 4331 autem
1656 4295 1826 4333 omnes
1873 4280 2094 4330 homines
2128 4279 2467 4344 plangentes.“

1346 4348 1417 4397 ld.
1456 4347 1508 4409 V,
1532 4348 1592 4398 19
1629 4349 1734 4408 „uti
1771 4348 1962 4410 virginis
1998 4347 2120 4396 Evae
2156 4348 2285 4410 virgo
2323 4348 2467 4396 Maria

1346 4416 1485 4465 fieret
1519 4414 1806 4477 advocata,“
1842 4417 1902 4465 ad
1939 4428 2063 4479 quae
2086 4415 2230 4465 verba
2250 4413 2469 4464 r.Grabii

1349 4483 1530 4532 adnott.
1586 4481 1655 4532 Id.
1694 4481 1862 4541 111‚20
1895 4483 2285 4544 „advocationem
2319 4494 2464 4543 prae-

1345 4550 1518 4599 bentes
1570 4550 1828 4612 paccato.“
1910 4549 1980 4598 ld.
2018 4547 2090 4608 w,
2128 4546 2190 4597 67
2254 4546 2467 4610 „aliquis

1346 4616 1537 4666 ludaeis
1574 4617 1919 4667 advocationem
1952 4622 2205 4681 praestans
2240 4628 2329 4678 per
2360 4628 2467 4664 ere-

1350 4684 1557 4733 ctionem
1593 4682 1818 4747 templi.“
