3263 5311
1137 449 1212 495 nn
1258 451 1592 497 rursum.
2411 443 2528 506 611

186 615 335 661 caro
372 597 437 661 in
479 597 682 674 seloh,
741 607 802 661 et
865 599 926 661 in
987 599 1084 663 illa
1146 609 1493 682 paupertate
1551 601 1736 676 lucis,
1804 611 1864 665 et
1917 604 1978 666 in
2033 605 2131 667 illa
2186 606 2231 639 ¹⁸
2245 607 2530 688 patientia

187 689 443 762 mundi‘.
530 699 677 763 Cum
719 720 863 763 vero
904 702 1254 784 producitur
1295 704 1367 766 ad
1412 703 1878 783 experimentum
1919 706 2246 782 felicitatis,
2303 710 2377 772 ad
2421 728 2528 771 oc·

184 799 495 863 cesionem
538 801 832 864 secundae
874 801 1305 879 intinctionisk,
1356 804 1428 866 ad
1472 803 1669 885 ipsum
1711 803 1941 868 divinae
1985 807 2147 870 sedis
2194 789 2525 884 ascensum,

186 902 349 965 nulla
391 902 524 982 plus
566 903 686 965 illic
726 921 901 983 quam
944 904 1225 986 patientia
1269 905 1563 985 corporis.
1629 905 1698 969 Si
1739 906 1986 988 spiritus
2029 918 2375 990 promptus,
2421 912 2525 973 sed

186 1022 330 1067 caro
375 1003 505 1066 sine
547 1005 826 1084 patientia
870 1006 1132 1080 infirma,
1177 1006 1283 1070 ubi
1324 1007 1485 1069 salus
1531 1006 1778 1087 spiritus
1823 1017 1885 1071 et
1926 1011 2121 1073 carnis
2148 1010 2393 1092 ipsius?
2458 1013 2548 1074 At-

186 1124 328 1196 cum
372 1106 487 1169 boc
529 1105 807 1169 dominus
849 1107 924 1169 de
967 1125 1142 1170 carne
1197 1109 1369 1181 dicit,
1435 1108 1726 1172 infirmam
1779 1111 2208 1190 pronuntians,
2274 1113 2414 1192 quid
2476 1113 2529 1175 ei

192 1207 515 1270 firmandae
557 1225 712 1288 opus
743 1208 854 1283 sit,
901 1210 1191 1283 ostendit,
1236 1209 1519 1291 patientia
1545 1210 1769 1273 scilicet
1796 1212 2082 1273 adversus
2114 1230 2353 1274 omnem
2382 1213 2492 1274 sub

193 1310 511 1371 vertendae
552 1309 689 1371 fidei
731 1310 823 1372 vel
863 1310 1198 1390 puniendae
1243 1311 1682 1391 ¹⁷paraturam¹,
1739 1319 1807 1374 ut
1857 1312 2134 1387 verbera,
2193 1323 2259 1376 ut
2313 1314 2531 1394 ignem,

194 1421 267 1472 ut
303 1429 569 1485 crucem,
614 1411 870 1486 bestias,
914 1412 1169 1493 gladium
1200 1413 1685 1476 constantissime
1712 1413 1957 1488 toleret,
2002 1433 2151 1495 quae
2180 1416 2529 1495 prophetae,

190 1529 346 1592 quae
392 1511 699 1592 ¹’apostoli
743 1514 1092 1577 sustinendo
1135 1514 1418 1577 vicerunt.

362 1612 472 1676 nis
514 1614 833 1695 patientiae
876 1615 1097 1678 viribus
1128 1616 1392 1678 ¹secatur
1420 1614 1666 1678 Esaias·
1707 1625 1767 1679 et
1808 1616 1883 1678 de
1925 1616 2167 1679 domino
2207 1637 2330 1680 non
2358 1626 2530 1690 tacet,
2568 1642 2805 1700 cmxiv.

190 1714 484 1795 lapidatur
528 1716 866 1795 Stephanus
910 1725 970 1779 et
1009 1716 1238 1778 veniam
1282 1716 1557 1779 hostibus
1610 1717 1737 1779 suis
1782 1719 2063 1799 posttdat.
2153 1720 2203 1782 Ο
2249 1717 2529 1782 felicissi-

193 1835 359 1878 mum
398 1816 564 1879 illum
604 1817 909 1899 'quoque,
976 1819 1077 1898 qui
1122 1837 1359 1880 omnem
1400 1817 1715 1899 patientiae
1760 1821 2019 1900 speciem
2062 1821 2348 1883 adversus
2395 1840 2529 1883 om-

193 1936 334 1981 nem
377 1918 594 1980 diaboli
635 1919 752 1981 vim
798 1917 1143 1999 expunxitb!
1190 1938 1366 2000 quem
1409 1939 1532 1981 non
1574 1919 1764 1982 abacti
1806 1939 2049 2001 greges,
2092 1940 2216 1984 non
2256 1921 2425 1985 ³illae
2469 1922 2532 1984 in

196 2038 411 2100 pecore
454 2020 722 2092 divitiae,
790 2040 912 2082 non
969 2021 1070 2082 filii
1126 2040 1247 2082 uno
1291 2021 1498 2100 ruinae
1541 2021 1764 2102 impetu
1807 2022 2095 2103 adempti,
2161 2042 2284 2085 non
2341 2023 2532 2105 ipsius

193 2121 452 2202 denique
496 2123 766 2201 corporis
810 2122 870 2184 in
915 2122 1219 2185 ‘vulnere‘
1261 2121 1552 2184 cruciatus
1595 2141 1629 2184 a
1671 2123 1982 2203 ‘patientia
2028 2132 2088 2186 et
2129 2123 2245 2186 fide
2289 2123 2530 2187 domino

191 2223 435 2285 ‘dedita
480 2223 759 2298 exclusit,
806 2242 982 2304 quem
1026 2222 1294 2283 diabolus
1337 2224 1478 2285 totis
1521 2223 1747 2286 viribus
1790 2225 2007 2286 frustra
2037 2225 2265 2287 cecidit.
2331 2205 2535 2306 Neque

2555 894 2711 998 1⁸2¹(va
2713 925 2784 989 ii.

94 2365 99 2374 -
191 2325 391 2388 'enim
433 2344 469 2386 a
509 2333 785 2405 respectu
829 2325 927 2387 dei
969 2332 1059 2386 tot
1100 2323 1407 2385 doloribus
1451 2333 1729 2387 avocatus
1773 2323 1870 2387 ille
1913 2325 2069 2399 ⁸est,
2120 2327 2226 2389 sed
2270 2325 2536 2390 constitit

198 2427 376 2489 nobis
418 2427 483 2488 in
526 2426 856 2506 exemplum
902 2434 961 2488 et
1012 2426 1418 2488 testimonium
1477 2434 1596 2487 tam
1653 2425 1864 2506 spiritu
1918 2444 2094 2507 quam
2149 2447 2353 2502 carne,
2414 2437 2534 2490 tam

199 2527 392 2591 animo
438 2545 614 2610 quam
659 2546 941 2608 corpore,
998 2526 1313 2608 patientiae
1356 2526 1816 2608 ‘perpetrandae
1830 2527 1878 2603 ¹,
1935 2535 2002 2590 ut
2050 2548 2244 2610 neque
2301 2528 2532 2592 damnis

204 2716 281 2766 16.
316 2714 548 2782 patientia
585 2717 685 2767 nbc.
769 2715 968 2779 penuria
1019 2718 1095 2778 d„
1145 2717 1275 2766 Feta.
1313 2716 1521 2766 Ursinus.
1651 2714 1730 2764 17.
1770 2724 2044 2779 paraturam
2093 2724 2146 2765 nt
2181 2718 2254 2768 cd.
2334 2723 2534 2781 paratur

195 2792 281 2834 aet
314 2801 360 2834 a.
432 2791 650 2848 paratum
689 2791 741 2832 nt
775 2785 818 2833 b.
910 2782 1007 2841 As:
1041 2784 1251 2849 apostoli
1296 2782 1582 2834 sustinendo
1629 2783 1844 2833 vicerunt
1888 2785 2020 2835 abcd-
2101 2784 2338 2848 apostolis
2382 2785 2534 2834 susti-

198 2851 363 2902 nendo
397 2851 734 2912 (substinendc
772 2849 843 2910 A.)
878 2851 1042 2901 vicerit
1074 2852 1197 2902 ABG.
1244 2852 1447 2902 Vaticani
1480 2858 1589 2901 tres.

339 2919 456 2982 Cap.
491 2918 601 2968 xiv.
676 2919 721 2967 1.
757 2927 941 2969 setatur
973 2921 1023 2969 A.
1094 2919 1261 2968 aetatis
1296 2918 1346 2967 B.
1429 2918 1476 2967 2.
1514 2918 1599 2966 lob
1616 2918 1847 2967 Ain-sec.
1928 2916 1975 2966 3.
2014 2916 2097 2966 ille
2132 2917 2178 2967 in
2216 2925 2413 2981 pectore
2446 2918 2534 2968 Aa.

203 2987 259 3037 4.
294 2986 458 3036 ulcere
493 2987 556 3047 d„
592 2988 722 3037 Fulv.
761 2986 969 3036 Ursinus.
1074 2987 1121 3036 5.
1160 2985 1387 3050 patientia
1423 2986 1517 3034 ilde
1549 2987 1602 3035 A.
1637 3000 1696 3034 m.
1714 3001 1785 3047 pr.
1855 2984 2113 3049 patientiae
2148 2985 2241 3035 fide
2276 2988 2325 3036 Α.
2354 3002 2415 3036 m.
2441 3002 2532 3036 sec.

198 3055 253 3105 6.
292 3053 453 3103 debita
486 3055 549 3115 d„
584 3055 714 3105 fule.
755 3055 962 3103 Ursinus.
1080 3054 1126 3103 7.
1162 3054 1324 3103 omnia
1359 3053 1576 3115 (omnino
1611 3053 1663 3101 Δ.
1688 3056 1880 3113 παις.)
1926 3060 2149 3116 respectu
2183 3053 2270 3103 ΑΒ.
2375 3053 2425 3103 8.

196 3122 364 3174 ent-B.
466 3120 513 3171 9.
550 3122 909 3186 perpetuandae
946 3121 1022 3171 Fr.
1039 3122 1215 3172 Iunius.

2461 3061 2536 3103 eal

266 3258 319 3307 h.
353 3270 467 3307 caro
503 3254 553 3305 in
587 3251 720 3322 solo]
756 3256 810 3306 In
841 3255 1120 3317 solitudine,
1158 3256 1204 3307 in
1229 3257 1317 3306 tri-

197 3326 330 3377 stitia
366 3323 701 3383 desolationis,
763 3325 831 3374 vel
882 3326 929 3374 in
977 3325 1104 3375 nuda
1152 3325 1317 3387 humo,

1416 3255 1740 3305 damnationis
1789 3253 1997 3318 elogium
2036 3255 2299 3305 israelitico
2349 3254 2531 3321 populo

1418 3324 1703 3384 nuntiasset,
1754 3323 1906 3373 atroci
1954 3324 2141 3374 feritate
2189 3323 2534 3389 blaspbeman-

192 3393 338 3447 sities
374 3394 422 3443 in
461 3391 603 3442 nuda.
639 3393 852 3454 (Rigalt.)

268 3463 301 3511 i.
339 3460 565 3524 patientia
617 3456 823 3525 mnndi]
870 3459 956 3509 Est
1004 3459 1050 3508 in
1086 3459 1315 3522 patientia

198 3528 368 3581 mundi
403 3529 485 3593 qni
534 3530 713 3592 patitur
758 3528 819 3577 ab
865 3541 941 3576 eo.
1011 3527 1161 3589 Igitur
1217 3541 1314 3576 non

194 3604 305 3647 erat
338 3604 391 3646 ut
426 3608 535 3646 cnm
571 3595 733 3645 Fulvio
760 3595 931 3645 Ursino
967 3595 1317 3645 rescriberetur

268 3733 315 3781 k.
350 3670 944 3796 seez‘nfflassaffi’iiissiionis]
980 3728 1189 3807 §scandi
1226 3729 1312 3779 ba-

196 3800 384 3865 ptismi,
421 3799 513 3848 boc
549 3806 624 3848 est
661 3799 886 3862 martyrii.
923 3797 1135 3860 (Rigalt.)

270 3868 303 3916 Ι.
339 3867 411 3917 vel
449 3867 719 3931 puniendae
757 3861 1054 3931 paraturam]
1106 3864 1315 3915 Punien-

197 3935 313 3994 dae,
354 3935 448 3985 boc
483 3943 557 3984 est
592 3936 764 3997 poenis
799 3949 857 3984 ac
890 3934 1142 3983 tormentis
1177 3947 1316 3984 exer·

200 4002 384 4053 cendae
419 4003 808 4067 probandaeque.
839 4002 1048 4064 (Rigalt.)
1102 4000 1168 4051 De
1203 4015 1319 4051 voee

192 4077 426 4137 peretur-a
456 4084 499 4120 v.
536 4070 698 4120 adnot.
735 4070 793 4119 ad
821 4069 887 4118 De
906 4072 1123 4134 spectac.
1147 4083 1253 4133 cap.
1266 4068 1316 4119 4.

200 4139 271 4189 De
307 4138 417 4188 loco
454 4139 516 4187 cl.
552 4137 696 4187 etiam
721 4138 985 4201 Cyprianus
1021 4138 1053 4186 l.
1085 4138 1115 4186 l.
1153 4138 1342 4198 „Sub··

193 4205 392 4256 enudus
427 4219 611 4265 carcer,
656 4206 923 4270 portandae
962 4213 1174 4265 catenae,
1210 4205 1317 4254 ani-

198 4287 312 4325 mae
334 4274 702 4338 impendendae,
722 4274 928 4336 gladius,
941 4273 1140 4332 bestiae,
1164 4273 1317 4335 ignes,

196 4356 393 4401 eruces,
439 4343 599 4392 omnia
636 4342 842 4406 denique
877 4348 1226 4391 tormentorum
1263 4355 1321 4390 ac

196 4422 471 4476 poenarum
506 4424 682 4472 genera
717 4409 810 4459 fide
846 4416 894 4458 et
927 4411 1095 4459 virtute
1129 4408 1319 4473 patien-

190 4479 297 4528 tiae
332 4477 675 4543 perferenda.“

270 4546 389 4611 Cap.
426 4544 539 4596 xlv.
608 4560 653 4595 a.
702 4550 896 4595 secatur
942 4536 1131 4607 Esaias]
1188 4543 1317 4593 Zeno

193 4614 375 4664 Veron.
427 4612 488 4663 de
522 4613 662 4663 Esaia
700 4612 908 4679 Propb.:
955 4610 1159 4672 „Esaias
1208 4625 1316 4661 cnm

194 4682 450 4734 Christum
484 4681 803 4745 praediceret,
853 4678 927 4730 vel
975 4693 1084 4729 cum
1130 4679 1318 4731 futurae

1415 3390 1534 3441 tiam
1583 3398 1822 3441 commota
1872 3391 2120 3441 barbaries
2165 3401 2350 3441 sectum
2388 3408 2412 3441 a
2450 3408 2533 3440 ca-

1419 3459 1518 3524 pite
1553 3457 1738 3508 duabus
1775 3472 1882 3509 cnm
1902 3459 2113 3509 violento
2132 3460 2372 3524 supplicio
2395 3461 2531 3524 quasi

1416 3526 1595 3576 assulis
1630 3526 1856 3585 bifidavit,
1910 3527 2144 3592 iussitque
2192 3543 2220 3576 a
2256 3528 2410 3592 capite
2446 3543 2536 3592 per

1416 3609 1559 3644 aures
1592 3606 1747 3659 usqne
1783 3595 1840 3645 ad
1877 3595 2124 3658 scapulam
2170 3597 2324 3645 secari
2380 3597 2533 3646 cervi-

1418 3662 1578 3712 cem.“
1641 3662 1708 3711 De
1743 3662 1836 3712 hoc
1868 3663 2109 3727 supplicio
2144 3662 2314 3713 Esaiae
2350 3671 2533 3713 testan-

1415 3738 1494 3779 tur
1508 3729 1823 3793 sspipbanius,
1843 3730 2134 3791 Dorotheus,
2157 3731 2388 3791 isidorus,
2412 3732 2532 3782 Gre-

1416 3799 1581 3860 gorius
1616 3796 1878 3860 Nyssenus,
1917 3796 2140 3861 cyrillus,
2178 3798 2277 3848 alii.

1486 3865 1534 3913 b.
1555 3866 1779 3928 expunxit
1793 3861 1833 3931 l]
1854 3865 1954 3922 Dixi
1977 3866 2036 3915 de
2064 3864 2204 3914 buius
2224 3865 2358 3915 verbi
2381 3864 2535 3927 signi·

1417 3932 1640 3983 ficatione
1676 3932 1736 3981 ad
1771 3932 1971 3996 apolog.
2009 3947 2111 3996 cap.
2134 3931 2218 3981 35.

1488 4016 1529 4050 c.
1566 3995 1788 4065 vnlnere]
1835 4000 1915 4050 Sic
1962 4000 2140 4050 babent
2186 3998 2294 4050 libri
2329 4006 2533 4059 veteres,

1418 4082 1515 4118 non
1549 4068 1720 4119 ulcere.
1782 4068 1975 4118 Vulnera
2008 4067 2123 4117 dicit
2155 4067 2299 4117 etiam
2334 4067 2533 4133 Cypria-

1420 4151 1528 4194 nus,
1566 4150 1662 4186 non
1697 4136 1882 4186 ulcera.-
1919 4135 2139 4196 „lactura
2175 4137 2245 4188 rei
2285 4135 2534 4186 familiaris

1419 4203 1666 4267 infligitur,
1702 4218 1992 4253 numerosae
2025 4203 2212 4253 subolis
2248 4203 2429 4254 orbitas
2464 4205 2534 4253 ir·

1419 4281 1635 4335 rogatur,
1672 4273 1856 4323 accedit
1886 4272 2123 4322 vulnerum
2155 4271 2382 4322 vastitas“
2424 4279 2533 4320 cett.

1418 4339 1478 4390 Et
1513 4340 1666 4390 altero
1704 4341 1811 4391 loen
1838 4339 2081 4402 coniungit
2115 4342 2357 4400 „iacturas
2379 4338 2534 4388 lacul-

1418 4415 1587 4467 tatum,
1636 4411 1874 4458 cruciatus
1919 4408 2172 4469 vulnerum,
2222 4407 2534 4459 amissionem

1420 4474 1698 4525 carorum.·‘

1486 4542 1534 4592 d.
1592 4541 1850 4611 patientiae
1900 4534 2287 4607 perpetrandae]
2375 4539 2532 4601 Supra

1419 4608 1574 4673 cap.3
1608 4611 1919 4673 „patientiam
1953 4609 2226 4660 huiusmodi
2262 4621 2402 4658 nemo
2441 4607 2542 4656 bo·

1419 4678 1599 4728 minum
1629 4676 1970 4742 perpetraret.“
2203 4756 2236 4795 ᾳ

2120 4758 2186 4811 39
