3263 5311
1145 431 1622 478 iromus-rtema-
2437 423 2556 486 173

213 584 523 646 Minervam
554 599 587 642 a
616 591 859 662 pastore
888 582 1155 644 iudicari.-
1215 584 1470 664 ¹⁰Ipsum
1512 584 1678 664 quod
1720 585 1915 665 imago
1960 583 2062 646 dei
2097 585 2283 646 vestri
2327 585 2558 665 ¹¹igno-

214 685 533 747 miniosum
579 692 754 763 caput
796 693 854 746 et
909 684 1204 746 famosum
1260 684 1484 759 vestitff,
1550 685 1712 766 quod
1766 705 1984 766 eorpus
2039 687 2319 766 inpurum
2373 695 2432 749 et
2484 687 2559 749 ad

215 787 380 847 istam
430 785 673 846 ''artem
717 785 1157 848 effeminatione
1199 786 1554 864 productum
1582 786 1900 848 Minervam
1946 787 2252 867 ¹³aliquam
2280 787 2372 849 vel
2399 787 2558 848 Her-

217 887 394 948 culem
442 893 882 966 repraesentat,
926 905 1127 948 nonne
1170 886 1425 948 violatur
1466 886 1748 948 maiestas
1792 896 1852 949 et
1898 888 2168 949 divinitas
2197 895 2556 968 constupra-

217 996 303 1049 tur
342 986 779 1048 “laudantibus
822 985 1084 1049 vobisk?
1177 987 1357 1050 Plane
1412 987 1816 1067 religiosiores
1871 989 2018 1050 estis
2073 988 2136 1049 in
2191 1007 2394 1062 cavea,
2453 989 2555 1051 ubi

218 1106 389 1167 super
418 1087 769 1166 sanguinem
812 1088 1152 1160 humanum,
1194 1106 1379 1168 super
1416 1088 1857 1168 inquinamenta
1895 1107 2222 1168 poenarum
2252 1089 2557 1168 ¹5proinde

221 1188 423 1250 saltant
465 1189 559 1250 dei
605 1188 788 1250 vestri
832 1193 1177 1267 argumenta
1220 1197 1281 1249 et
1333 1188 1618 1250 historias
1678 1190 1870 1250 noxiis
1927 1189 2365 1263 ministrantes,
2438 1189 2556 1252 nisi

176 1291 364 1369 ,quod
420 1299 480 1352 et
532 1289 702 1369 ipsos
759 1289 906 1350 deos
964 1297 1201 1349 vestros
1270 1307 1449 1369 saepe
1502 1290 1666 1352 noxii
1723 1290 2023 1352 induunt¹.
2123 1290 2388 1351 Vidimus
2442 1290 2553 1352 ali-

222 1391 443 1469 quando
502 1398 826 1452 castratum
878 1387 1119 1464 ¹⁶Auin,
1190 1390 1405 1451 ”illum
1461 1390 1639 1452 deum
1693 1411 1764 1453 ex
1820 1390 2272 1465 ¹⁸Pessinunte,
2341 1399 2402 1453 et
2453 1392 2553 1470 qui

220 1491 368 1551 vivus
415 1490 688 1562 ardebat,
734 1490 1061 1551 Herculeus-
1090 1490 1381 1552 induerat.
1455 1490 1720 1552 Risimus
1767 1500 1826 1552 et
1868 1492 2023 1552 inter
2065 1491 2322 1552 ludicras
2366 1492 2552 1553 meri-

224 1590 565 1652 dianommw
610 1591 986 1653 crudelitates
1031 1593 1385 1654 Mercurium
1429 1602 1702 1654 mortuos
1739 1591 2053 1654 ¹‘’cauterio
2100 1587 2552 1665 examinantem,

222 1691 460 1753 vidimus
506 1700 563 1753 et
604 1691 763 1752 Iovis
808 1693 1049 1754 fratrem
1092 1693 1479 1772 gladiatorum
1525 1693 1806 1754 cadavera
1872 1713 2005 1755 cum
2048 1694 2258 1755 malleo
2302 1694 2552 1755 ²⁰dedu-

224 1802 437 1854 centem
452 1807 498 1854 ¹·.
597 1792 841 1872 Singula
895 1793 1010 1854 ista
1068 1813 1335 1874 quaeque
1390 1794 1582 1855 adbuc
1635 1794 1992 1874 investigare
2046 1794 2086 1827 ²¹
2105 1795 2238 1875 quis
2282 1793 2556 1874 posset?

230 1944 487 2009 10:1psum
540 1945 668 2009 quod
708 1947 821 2010 (que
860 1947 930 2002 G.)
975 1945 1215 1997 ABDEFG.
1263 1949 1451 1998 Vindob.
1493 1948 1644 1998 Oxou.
1682 1949 1853 2011 Erfurt.
1961 1948 2084 2007 Ouid
2122 1948 2250 2013 quod
2304 1942 2553 2011 obedesti).

228 2012 296 2062 1¹.
340 2014 710 2074 ignominiosum
756 2014 957 2063 ABEFG.
1005 2015 1192 2065 Vindob.
1233 2016 1380 2065 Oxou.
1417 2016 1590 2078 Erfurt.
1699 2016 2209 2075 ignominiosissimum
2260 2009 2551 2078 (iwabcdes.

228 2079 293 2127 12.
329 2096 478 2130 arcem
515 2076 601 2131 m„
733 2080 811 2129 13.
849 2081 1056 2143 aliquem
1094 2083 1147 2132 Ε.
1184 2083 1357 2145 Erfurt.
1475 2082 1553 2131 14.
1592 2082 1897 2132 laudantibus
1932 2083 2316 2134 ABDEFGubcde.
2362 2083 2552 2133 Vindob.

222 2148 375 2209 Ersart.
412 2150 560 2198 Oxou.
596 2149 803 2198 Amaras.
873 2148 1214 2211 plaudentibus
1249 2145 1313 2213 λῙ.
1351 2150 1540 2200 flavere.
1649 2149 1727 2198 15.
1765 2151 1906 2213 proni
1942 2151 1994 2199 F.
2111 2150 2187 2200 16.
2225 2150 2349 2199 Attin
2383 2150 2550 2199 ABEF.

222 2217 403 2265 Δπιὸνοε.
441 2217 614 2279 Errare.
658 2216 848 2270 Wadob.
919 2219 1072 2265 Auem
1111 2218 1159 2266 G.
1231 2219 1367 2266 Atten
1405 2233 1444 2266 c.
1512 2218 1627 2280 Atyn
1666 2218 1858 2281 Dubdes.
1979 2218 2058 2266 17.
2107 2218 2242 2267 illum
2292 2218 2436 2266 deum
2471 2231 2552 2265 ve·

227 2289 359 2331 strum
394 2298 417 2330 e
450 2279 493 2328 λ.
626 2281 706 2332 18.
758 2283 1043 2332 Pessinunta
1077 2284 1239 2334 ABEF.
1278 2284 1454 2348 Erfurt.
1509 2285 1657 2334 Oxou.
1702 2285 1891 2335 Vindob-
1982 2284 2263 2347 pessiminta
2304 2285 2355 2333 G.
2471 2282 2550 2333 19.

229 2351 445 2399 cantherio
480 2368 525 2400 a.
599 2351 813 2399 canterio
848 2351 903 2399 D.
1041 2349 1121 2400 20.
1171 2352 1475 2401 diducentem
1513 2352 1601 2401 Ios.
1641 2353 1863 2415 Sculiqer.
2002 2351 2082 2401 21.
2121 2353 2406 2414 investigare
2443 2353 2554 2413 quis

226 2425 378 2477 posset
408 2418 578 2481 (possit
612 2416 825 2482 ΑφΒφ.
872 2417 1039 2474 oxon.)
1074 2415 1340 2482 AflBEFcs.
1382 2420 1572 2469 Vindob.
1614 2420 1760 2469 Oxou.
1799 2420 1974 2483 Errare.
2079 2421 2187 2483 quis
2218 2426 2385 2482 posset
2421 2419 2552 2468 iure·

228 2481 389 2544 nugare
421 2486 587 2536 Dabcd.
661 2485 946 2546 investigare
984 2486 1064 2548 qui
1099 2495 1268 2549 posset
1303 2503 1343 2535 e.

223 2617 403 2667 affectus
436 2633 605 2670 omnes
644 2620 944 2669 meretriciae
999 2620 1188 2671 vilitatis
1237 2623 1327 2671 im·

222 2685 379 2746 pudica
430 2688 707 2750 exprimitur
763 2688 1027 2738 imitatione
1085 2689 1324 2739 bacchari.

222 2752 417 2801 saltatur
465 2761 509 2803 et
562 2770 728 2817 magna
777 2756 930 2804 sacris
978 2764 1165 2819 compta
1217 2772 1326 2805 cum

224 2817 381 2865 intutis
400 2820 537 2869 stater
571 2830 615 2870 et
650 2830 814 2871 eontra
852 2823 1000 2872 decus
1037 2825 1205 2872 aetatis
1244 2824 1324 2872 illu

226 2883 510 2935 pessinuntia
541 2888 826 2951 Dindymene
865 2891 913 2939 in
952 2890 1145 2940 bubulci
1182 2892 1323 2940 unius

222 2952 437 3014 amplexu
497 2955 719 3016 flagitiosa
780 2958 972 3019 fingitur
1030 2959 1322 3021 appetitione

221 3019 409 3079 gestire,
444 3035 625 3071 necnon
678 3032 722 3071 et
752 3023 830 3073 illa
868 3025 1035 3087 proles
1069 3024 1192 3074 Io'vis
1227 3026 1323 3073 So·

214 3086 400 3148 phoclis
452 3088 496 3137 in
528 3089 772 3140 Trachinis
820 3092 1054 3141 Hercules
1101 3092 1320 3156 pestiferi

215 3156 427 3214 tegminis
463 3158 816 3220 circumpetitus
858 3159 1080 3220 indagine
1117 3160 1321 3208 misera-

210 3220 327 3270 biles
363 3222 503 3273 edere
535 3226 777 3275 inducitur
805 3226 1060 3286 heiulatus,
1096 3227 1320 3277 violentia

210 3287 381 3339 doloris
417 3293 567 3353 frangi
618 3301 761 3356 atque
811 3295 856 3343 in
896 3293 1109 3343 ultimam
1158 3296 1319 3343 tabem

209 3356 503 3408 diffluentium
553 3360 794 3410 viscerum
845 3362 1168 3410 maceratione
1205 3377 1324 3411 con-

209 3425 335 3473 sumi.
415 3428 537 3485 Quin
576 3436 627 3477 et
664 3427 747 3476 ille
787 3428 833 3476 in
871 3428 1046 3477 rabulis
1086 3430 1322 3479 maximus

208 3489 302 3552 ipse
332 3504 551 3555 regnator
589 3495 695 3559 poli
723 3495 829 3544 siue
864 3495 963 3545 ulla
988 3496 1198 3545 nominis
1219 3511 1323 3545 ma-

208 3556 469 3625 iesmisque
498 3563 767 3613 formidine
802 3562 1131 3612 adulterorum
1162 3572 1324 3625 partes

206 3639 332 3687 agere
364 3629 708 3689 introducitur,
757 3638 899 3693 atque
947 3637 998 3679 ut
1035 3631 1204 3680 fallere
1240 3646 1321 3680 ca-

205 3694 390 3745 stitatem
427 3698 703 3748 alienarum
750 3698 907 3761 possit
962 3698 1169 3746 familias
1218 3713 1321 3747 ma-

202 3766 331 3837 lrum,
364 3778 445 3813 ora
482 3766 751 3816 immutare
774 3764 1110 3828 postestatum
1128 3767 1321 3828 species

200 3840 729 3950 zpza‘gumpassgffiolrg
778 3833 1327 3961 ἔῐιυῗιῗιιέιῗῗῖἰςιῗιῗιέῗιῖ

200 3963 445 4027 catalogum
482 3968 642 4018 hahes
683 3967 811 4030 apud
832 3968 998 4019 Liban.
1037 3982 1127 4030 pro
1146 3967 1315 4017 Saltat.

194 4043 240 4089 p.
260 4028 350 4080 273
382 4050 452 4098 sq.
539 4035 616 4085 Cf.
673 4034 843 4084 Sidon.
890 4034 1099 4098 Apollin.
1154 4034 1314 4084 Carm.

194 4095 344 4155 xxm,
378 4100 470 4151 267
508 4118 626 4167 sqq.
686 4101 891 4150 Mueller
925 4102 985 4150 de
1007 4103 1157 4152 Genio
1194 4104 1313 4151 Sae-

193 4163 281 4213 cali
315 4165 547 4220 Theodos.
574 4170 656 4229 Ἡ,
698 4183 744 4231 p.
774 4169 871 4217 105
906 4183 1015 4232 sqq.

250 4232 276 4280 i.
330 4236 719 4296 ignominiosum
778 4243 922 4298 caput
975 4244 1022 4285 et
1075 4236 1316 4285 famosum

184 4296 332 4365 restit]
392 4304 531 4355 ¹llaec.
566 4303 725 4353 verba
759 4303 1199 4355 totum,histrionis
1234 4320 1318 4353 ca-

183 4375 260 4428 put
292 4369 443 4433 ipsius
480 4372 561 4422 dei
602 4384 759 4435 quem
781 4372 1175 4433 repraesentabat
1200 4385 1319 4435 per·

184 4446 288 4485 sona
314 4441 642 4489 convestitam
669 4439 824 4488 fuisse
850 4438 1149 4501 significant3
1186 4438 1317 4502 quod

184 4505 491 4562 apertissimo-
520 4506 759 4571 declarat
792 4504 983 4557 ssahins
1025 4505 1202 4556 Bassus
1238 4520 1316 4568 ap.

186 4567 291 4621 Gen.
322 4574 385 4631 N.
414 4576 475 4629 Δ,
511 4575 567 4634 V,
604 4573 661 4622 ,7.
700 4568 921 4635 (Rigalt.)

240 4637 281 4687 k.
325 4640 652 4693 laudantibus
676 4634 875 4705 νὼίεἲ]
892 4639 998 4690 Non
1017 4641 1317 4705 solum'spe-

1428 2620 1693 2680 etantibus,
1749 2622 1835 2671 sed
1882 2621 2201 2686 probantibus
2248 2638 2304 2673 ac
2350 2624 2553 2675 laudan-

1426 2689 1570 2738 tibus.

1496 2755 1529 2803 Ι.
1586 2757 1676 2804 nisi
1736 2756 1861 2819 quod
1913 2764 1960 2804 et
2006 2757 2142 2819 ipsos
2191 2756 2310 2805 deos
2365 2764 2552 2805 vestros

1426 2836 1574 2886 saepe
1610 2824 1736 2871 noxii
1786 2819 2027 2886 induunt]
2081 2823 2377 2885 Quandoque
2424 2823 2550 2871 enim

1426 2890 1554 2938 noxii
1602 2890 1802 2938 deorum
1854 2890 2124 2951 aliquorum
2177 2896 2258 2936 aut
2295 2891 2436 2938 etiam
2475 2891 2552 2938 iu-

1423 2955 1630 3017 signium
1669 2956 1876 3004 virorum
1914 2948 2066 3012 πάθη
2101 2956 2227 3003 veris
2262 2956 2434 3017 poenis
2469 2971 2551 3005 re-

1421 3023 1807 3086 praesentabant.
1860 3023 1939 3072 Sic
1976 3022 2311 3071 Prometheum
2339 3022 2552 3071 Laureo-
2613 3041 2617 3045 ⁴

1424 3088 1501 3140 lus
1538 3078 1864 3156 ἀρχιλῃστὴς
1911 3090 2298 3151 repraesentavit,
2335 3090 2550 3139 Laureo-

1422 3156 1521 3205 lum
1558 3166 1727 3220 postea
1762 3158 1943 3219 plures,
1981 3155 2228 3219 Orpheum
2250 3157 2391 3215 alius,
2428 3157 2552 3207 alius

1419 3224 1625 3273 Mucium
1649 3224 1944 3279 Scaevolam,
1982 3223 2052 3271 de
2077 3223 2252 3286 quibus
2288 3226 2335 3273 in
2353 3225 2552 3287 Amphi-

1425 3292 1894 3344 theou-0.Martialis.
1944 3291 2177 3349 (Herald.)
2257 3291 2549 3342 Vchlartial.

1424 3360 1645 3421 Spectas.
1683 3359 1842 3422 Epigr.
1884 3358 1930 3407 7.
1968 3357 2015 3409 8.
2052 3358 2134 3407 21.
2195 3360 2374 3409 Aeson.
2413 3358 2549 3422 ldyll.

1426 3425 1508 3475 33.
1580 3429 1775 3475 Sueten.
1815 3427 1925 3485 Ner.
1965 3438 2068 3489 cap.
2113 3424 2190 3474 12.

1492 3508 1557 3543 m.
1594 3489 1994 3554 meridianorum]
2027 3493 2126 3541 Sub
2145 3492 2416 3553 meridiam,
2435 3494 2548 3544 dum

1422 3569 1554 3610 vacat
1600 3576 1764 3621 arena,
1799 3561 2190 3624 producebantur
2242 3561 2349 3610 vilia
2398 3576 2549 3624 quae-

1423 3628 1532 3677 dam
1570 3628 1886 3689 gladiatorum
1924 3629 2075 3691 paria,
2114 3628 2289 3691 quihus
2320 3643 2416 3677 non
2463 3644 2549 3689 ga-

1423 3694 1517 3754 lea,
1555 3711 1651 3745 non
1688 3703 1894 3755 scutum,
1944 3712 2034 3745 nec
2068 3695 2198 3743 ullae
2235 3697 2402 3744 mortis
2440 3709 2548 3743 mo-

1422 3776 1523 3821 rae,
1560 3764 1816 3813 homicidia
1843 3778 1992 3813 mera.
2040 3762 2105 3811 Ad
2127 3762 2245 3811 haec
2271 3761 2546 3823 spectacula

1422 3830 1642 3879 nonnulli
1692 3832 1891 3880 dimisso
1941 3830 2000 3878 ad
2060 3828 2313 3891 prandium
2365 3827 2550 3890 populo

1418 3897 1760 3960 persedebant.
1796 3897 2007 3959 (Rigalt.)
2079 3896 2150 3944 Cl'.
2188 3896 2317 3957 Lips.
2355 3895 2544 3944 Saturn.

1418 3964 1481 4023 ll,
1522 3964 1600 4014 15.
1643 3973 1690 4013 et
1724 3956 2011 4027 interpffltes
2047 3964 2105 4012 ad
2141 3964 2340 4012 Sueton.
2379 3962 2546 4012 Claud.

1421 4046 1524 4096 cap.
1564 4030 1648 4081 34.
1721 4033 1891 4081 Senee.
1927 4032 2078 4094 Epist.
2114 4031 2153 4088 1,
2181 4029 2227 4078 7.

1484 4114 1531 4148 n.
1571 4113 1679 4149 cum
1716 4099 1893 4148 malleo
1930 4091 2286 4160 deducentem]
2328 4096 2386 4145 Et
2421 4096 2548 4145 Mer-

1419 4168 1552 4217 curio
1590 4174 1638 4215 et
1659 4167 1747 4215 Diti
1779 4181 1866 4215 sen
1890 4165 2078 4215 Plutoni
2116 4165 2293 4226 virgam
2331 4162 2548 4213 tribuunt

1417 4240 1604 4298 poetae.
1676 4234 1870 4282 Animas
1923 4240 2081 4282 autem
2133 4231 2214 4281 ille
2262 4229 2547 4288 deducebat,

1419 4303 1510 4352 iste
1546 4301 1791 4351 cadavera.
1852 4295 1950 4364 [Cf.
1987 4302 2182 4349 Sueten.
2208 4299 2320 4347 Ner.
2358 4312 2461 4359 cap.
2479 4297 2546 4347 39

1419 4369 1613 4429 „Orcus
1646 4369 1784 4418 vobis
1820 4368 1950 4418 ducit
1984 4361 2213 4431 pedes.‘⁴]
2267 4365 2433 4427 ltaque
2453 4378 2547 4427 per

1417 4438 1575 4487 iocum
1614 4443 1664 4486 et
1697 4437 1848 4485 risum
1885 4436 1966 4499 qui
2001 4434 2287 4483 Mercurium
2325 4431 2549 4487 induerat

1417 4513 1638 4553 mortuos
1663 4504 1967 4567 ‘explorabat
2021 4502 2150 4563 virga
2211 4501 2366 4549 ferrea
2427 4510 2543 4571 ean-

1418 4573 1580 4633 dutiz
1614 4572 1712 4621 hoe
1743 4571 1816 4620 illi
1852 4569 2115 4623 cauterium
2153 4564 2412 4617 excitandis
2438 4577 2546 4611 ant-

1416 4653 1609 4691 marum
1637 4637 1878 4702 reliquiis,
1921 4634 2259 4701 inuentibus
2295 4632 2438 4690 torte,
2484 4642 2548 4679 an
