3263 5311
973 438 1051 482 ns
1094 438 1246 482 rues
1287 438 1350 481 ιιι
1394 438 1865 483 psaesens-roan.
2475 426 2603 488 477

235 588 608 651 constituere
650 594 771 649 tam
813 587 1178 650 contrarium
1222 587 1506 673 exemplis
1543 588 1706 661 suis,
1752 595 1819 649 ut
1849 589 2047 668 sugam
2076 590 2453 663 mandarent,
2499 591 2602 671 qni

235 689 635 752 cummaxime
679 689 753 750 de
795 688 1046 751 vinculis
1089 689 1179 752 vel
1224 689 1472 763 insulis,
1521 688 1744 768 quibus
1803 687 1882 750 ob
1939 690 2413 764 confessionem,
2478 710 2603 755 non

237 790 325 853 ob
368 792 564 869 sugam
605 790 872 852 nominis
914 790 1400 865 continebantur,
1445 789 1519 851 ad
1565 789 1849 851 eeclesias
1892 789 2247 853 scribebant.
2320 792 2603 854 Infirmos

233 892 582 955 ‘sustinere
637 891 802 953 iubet
853 889 1130 964 Paulus·‚
1199 891 1400 970 ntique
1455 890 1613 953 enim
1678 907 1799 951 non
1855 890 2171 969 fugientes.
2280 892 2602 965 Quomodo

241 994 410 1055 enim
451 992 892 1054 “sustineantur
933 990 1260 1053 absentes?
1332 990 1454 1053 ‘An
1497 989 1868 1070 patientiad‘r
1932 990 2117 1053 'Dicit
2158 992 2602 1069 ‘sustinendos‚

236 1093 465 1157 'sicubi
507 1111 619 1172 per
674 1092 1074 1155 infirmitatem
1130 1092 1266 1153 fidei
1323 1110 1469 1154 snae
1525 1092 1917 1165 offenderint,
1984 1093 2138 1154 sicut
2189 1093 2596 1172 pusillanimes

240 1193 574 1265 consolari,
620 1212 748 1255 non
790 1201 985 1255 tamen
1027 1193 1090 1254 in
1133 1195 1330 1272 sugam
1360 1193 1533 1256 mitti.
1607 1193 1725 1254 Sed
1755 1210 1888 1255 cum
1919 1192 2251 1266 admonet·‚
2297 1213 2372 1255 ne
2402 1194 2598 1256 locum

239 1295 400 1369 malo
456 1294 699 1365 demus,
766 1312 890 1355 non
946 1294 1116 1372 fugae
1162 1293 1426 1373 suggerit
1481 1294 1827 1367 consilium,
1898 1293 2005 1355 sed
2046 1295 2384 1357 iracundiae
2426 1296 2604 1357 docet

243 1403 807 1475 temperamentum,
854 1403 913 1456 et
961 1393 1013 1455 si
1055 1394 1464 1456 redimendum
1513 1402 1746 1474 tempus
1783 1392 1969 1467 dicits,
2015 1394 2149 1474 quia
2183 1395 2311 1457 dies
2343 1415 2597 1475 nequam

241 1505 421 1569 sunt,
476 1514 598 1557 non
655 1515 765 1575 per
821 1498 1047 1575 sugam,
1107 1496 1269 1574 ¹⁰per
1313 1495 1665 1575 sapientiam
1709 1495 2178 1557 conversationis
2225 1496 2439 1557 lucrari
2482 1516 2598 1559 nos

238 1597 370 1658 vult
397 1605 847 1658 commeatumt.
912 1596 1188 1657 Ceterum
1217 1597 1318 1676 qui
1363 1595 1618 1658 ¹¹lucere
1662 1613 1774 1657 nos
1817 1594 1981 1657 iubet
2010 1594 2223 1657 ¹²velut
2262 1596 2416 1659 filios
2447 1598 2597 1661 lucis

240 1716 371 1760 non
433 1697 599 1761 iubet
650 1698 788 1776 fuga
842 1696 1130 1758 abscondi
1185 1705 1252 1759 ut
1301 1696 1458 1759 filios
1517 1695 1917 1758 tenebrarum.
2024 1696 2194 1759 Stare
2257 1696 2595 1761 immobiles

239 1799 561 1879 praecipit,
605 1798 810 1877 utique
852 1816 963 1859 nec
1006 1799 1142 1877 suga
1184 1796 1474 1868 mobile8‚
1533 1805 1592 1859 et
1636 1798 1966 1871 accinctos,
2024 1797 2087 1859 in
2130 1800 2355 1878 sugam,
2413 1817 2491 1860 an
2534 1799 2597 1862 in

240 1899 596 1963 occursum*
641 1897 970 1977 evangelii?
1041 1898 1218 1959 Arma
1263 1916 1501 1977 quoque
1544 1898 1945 1966 demonstrat.
1991 1917 2142 1978 quae
2170 1900 2444 1978 fugituris
2472 1918 2601 1963 non

241 2008 453 2061 essent
493 1999 847 2061 necessaria.
913 1999 1074 2060 Inter
1116 2017 1266 2077 quae
1310 2007 1371 2060 et
1412 1998 1712 2078 clypeum,
1757 2018 1875 2078 quo
1919 1999 2168 2079 possitis
2214 2001 2328 2062 tela
2375 2001 2594 2063 diaboli

244 2100 636 2180 extingue-ei,
681 2100 1037 2161 resistentes
1083 2100 1213 2162 sine
1257 2098 1438 2161 dubio
1484 2109 1544 2161 et
1586 2100 1951 2179 excipientes
1998 2118 2236 2162 omnem
2269 2102 2385 2162 vim
2416 2102 2598 2164 illius.

239 2288 292 2338 4.
327 2288 557 2337 sustineri
593 2293 686 2337 tres
709 2287 928 2336 Vaticani.
1010 2287 1059 2337 5.
1095 2287 1423 2337 sustineantur
1458 2301 1559 2349 eqo.
1627 2286 2139 2337 sustinebantur-’libri
2157 2303 2329 2338 omnes.
2412 2286 2458 2338 6.
2497 2303 2595 2338 non

242 2355 470 2420 patientia
508 2361 601 2405 tres
647 2355 866 2414 Vaticani,
906 2360 1018 2404 teste
1053 2355 1265 2405 Pometia.
1383 2353 1432 2402 Ἰ.
1470 2353 1584 2403 dicit
1620 2355 1749 2405 bede.
1832 2354 1943 2404 dicti
1980 2355 2097 2404 ABa.
2218 2354 2264 2404 8.
2314 2354 2595 2407 substinen-

241 2424 335 2471 dos
368 2424 418 2472 A.
508 2422 557 2471 9.
595 2420 750 2471 sicubi
788 2422 915 2471 bede.
952 2430 995 2472 et
1028 2424 1261 2473 Ami-sec.
1331 2421 1374 2470 si
1411 2435 1518 2471 cum
1553 2422 1741 2486 reliqui.
1835 2422 1913 2473 10.
1950 2422 2037 2471 sed
2073 2437 2163 2486 per
2197 2426 2481 2486 sapientiam
2519 2426 2592 2474 de.

247 2490 328 2541 lt.
362 2489 524 2539 lucere
560 2491 634 2539 de.
723 2488 887 2550 lugere
934 2490 1051 2540 ABa.
1099 2493 1161 2549 (et
1198 2497 1290 2539 tres
1328 2489 1552 2551 Vaticani,
1605 2497 1657 2539 ut
1686 2490 1838 2554 puto.)
1906 2489 2093 2552 fulgere
2130 2493 2192 2552 b„
2233 2498 2275 2540 et
2313 2493 2593 2541 Gorziensis.

243 2559 413 2619 sugere
449 2574 486 2609 c.
593 2556 670 2606 12.
712 2555 812 2605 vult
847 2562 897 2605 ut
933 2556 1060 2607 tilios
1094 2572 1188 2607 nos
1224 2556 1346 2607 lucis
1379 2557 1467 2608 AB.

242 2695 337 2743 boc
371 2695 496 2758 quia,
536 2692 666 2757 quod
704 2692 796 2741 nisi
833 2691 1063 2742 malueris
1100 2700 1286 2743 mutare
1320 2694 1369 2743 iu
1470 2690 1596 2743 sit.“
1664 2693 1868 2756 Apolog.
1904 2707 2010 2757 cap.
2047 2692 2114 2743 32
2149 2693 2279 2756 „qui
2315 2693 2406 2742 vim
2444 2692 2596 2741 maxi-

242 2764 325 2824 qui
371 2761 441 2810 vel
491 2763 633 2825 quin,
691 2761 739 2809 in
793 2774 1079 2822 praegressa
1129 2762 1366 2811 sententia
1473 2774 1600 2810 mam
1638 2763 1860 2809 universo
1896 2760 2003 2810 orbi
2040 2761 2369 2810 imminentem
2408 2759 2594 2822 ipsam·

243 2828 432 2877 sublata
479 2827 856 2890 interrogatione
890 2828 1223 2893 reponendum
1258 2827 1367 2878 sne·
1470 2841 1563 2891 que
1610 2827 1875 2876 clausulam
1922 2827 2104 2876 saeculi
2151 2827 2438 2876 acerbitates
2475 2825 2592 2875 hor-

247 2896 312 2943 rit
347 2895 525 2945 Nulliln'
558 2909 649 2958 pro
687 2896 787 2945 Ubi.
1468 2894 1646 2943 rendas
1713 2893 2085 2944 comminantem
2140 2894 2340 2942 Romani
2403 2893 2593 2956 imperii

173 2999 184 3005 -
316 2977 358 3011 c.
397 2962 529 3011 iubet
561 2956 757 3026 Paulus]
794 2962 880 3025 Ep.
920 2964 979 3013 ad
1015 2963 1217 3011 Roman.
1251 2961 1365 3021 mv,
1468 2967 1721 3011 comeatu
1753 2961 1935 3010 scimus
1970 2961 2259 3011 retardari.“
2327 2960 2447 3009 thid.
2486 2973 2595 3024 cap.

247 3028 670 3107 1.xv‚1.t·ep.
709 3031 768 3078 ad
804 3030 1093 3080 Thessalon.
1129 3029 1180 3088 V,
1201 3028 1277 3078 u.
1467 3028 1535 3078 46
1597 3029 1773 3087 „Quid
1820 3029 1949 3077 enim
1998 3027 2173 3078 Thalea
2224 3027 2310 3077 ille
2364 3029 2594 3092 princeps

313 3097 358 3146 d.
382 3098 450 3146 An
474 3097 701 3159 patieutis
717 3095 764 3160 ?]
788 3096 935 3160 Vulgo
956 3097 1367 3158 distinguebatur.
1468 3097 1778 3159 physicorum
1816 3096 2080 3145 sciscitanti
2118 3095 2304 3146 Croeso
2325 3095 2385 3145 de
2412 3095 2594 3145 divini·-

238 3165 356 3224 „An
406 3164 633 3229 patientia
670 3165 787 3216 dicit
819 3164 1158 3223 sustinendos,
1210 3163 1364 3214 sicubi
1467 3171 1565 3212 tate
1611 3172 1795 3212 certum
1847 3163 2131 3213 renuntiavit
2165 3170 2440 3216 commeatus
2477 3163 2596 3213 deli·

237 3246 329 3296 per
376 3232 699 3281 infirmitatem
738 3232 848 3281 fidei
884 3247 1001 3282 suae
1037 3227 1367 3281 offenderint?
1469 3232 1663 3281 beromi
1698 3244 1845 3294 saepe
1880 3227 2225 3279 frustratus?“
2276 3231 2348 3280 Ad
2382 3230 2506 3280 Natt.
2532 3229 2593 3289 tl,

239 3299 357 3349 Sic“
393 3314 522 3363 sqq.
561 3308 612 3349 ut
648 3300 862 3349 infinitivi
900 3301 1134 3354 consolari
1168 3307 1215 3348 et
1243 3300 1366 3349 mitti
1468 3298 1500 3347 2
1553 3298 1782 3357 „Thales
1839 3296 2051 3346 Milesius
2100 3297 2284 3348 Croeso
2327 3298 2591 3347 sciscitanti

239 3367 371 3417 unde
390 3367 659 3431 penderent
685 3367 754 3416 vix
777 3366 1028 3418 baberent.
1065 3366 1211 3416 Valde
1229 3367 1359 3416 enim
1468 3365 1582 3430 quid
1637 3366 1697 3415 de
1749 3366 1843 3415 diis
1889 3365 2205 3415 arbitraretur
2249 3373 2363 3429 post
2409 3364 2595 3429 aliquot

119 3465 129 3474 ·
239 3435 604 3484 incommodum
642 3441 773 3484 esset
807 3436 865 3484 ad
904 3433 985 3484 illa
1018 3448 1072 3483 ex
1095 3434 1364 3499 superiori·
1468 3434 1760 3483 deliberandi
1793 3439 2071 3484 commeatu
2098 3433 2224 3483 Nihil
2252 3433 2592 3483 renuntiavit.“

237 3504 332 3552 bus
379 3509 602 3567 repetere
637 3501 778 3551 verba
813 3504 939 3553 iubet
973 3503 1157 3553 Paulus.
1228 3502 1366 3551 Verte
1466 3499 1580 3550 Δάν.
1618 3501 1753 3549 Prax.
1791 3515 1897 3564 cap.
1940 3501 1964 3549 1
2031 3501 2164 3558 „Sed
2202 3509 2249 3550 et
2285 3501 2444 3551 denuo
2481 3514 2593 3550 era-

242 3570 415 3632 igitur:
462 3584 566 3630 „er
615 3569 825 3632 gebietet
858 3570 934 3619 die
970 3583 1028 3619 zu
1063 3570 1364 3628 stauenden,
1468 3566 1733 3628 dicabunt,
1782 3568 1823 3618 si
1872 3568 2076 3617 voluerit
2111 3567 2364 3628 dominus,
2414 3568 2461 3617 in
2499 3569 2595 3618 isto

237 3651 315 3686 wo
362 3637 436 3686 sie
482 3637 548 3687 im
597 3637 916 3687 waukelmutb
966 3637 1096 3687 ibres
1131 3637 1365 3700 glaubens
1469 3635 1780 3687 commotu.“
1852 3637 1920 3685 De
1963 3635 2127 3685 Anima
2165 3651 2269 3699 cap.
2308 3635 2376 3686 30
2429 3636 2589 3699 „quia

241 3704 527 3766 genounia,
599 3706 690 3754 wie
756 3704 1097 3767 kleinmethige
1148 3720 1204 3753 zu
1261 3712 1365 3753 tro·
1469 3717 1558 3752 nec
1605 3704 1844 3767 pariasset
1891 3710 2166 3754 commeatus
2214 3705 2289 3753 hic
2321 3706 2444 3754 vitoe
2480 3703 2592 3752 mil-

239 3780 381 3832 sten,
429 3772 563 3822 nicht
611 3772 731 3821 aber
775 3787 859 3821 zur
905 3773 1055 3822 ssucbt
1100 3786 1158 3821 zu
1193 3786 1366 3822 veran—
1468 3770 1609 3819 liario
1647 3772 1910 3834 tempori.“
1981 3770 2089 3819 Adv.
2130 3769 2272 3820 Marc.
2311 3769 2458 3831 11,10
2509 3776 2596 3829 „et

240 3839 462 3889 lassen.“
1469 3845 1767 3889 commeatum
1811 3836 2175 3900 operationibus
2231 3837 2333 3885 eins
2389 3837 2594 3885 admeti-

311 3922 357 3956 e.
394 3922 503 3958 cnm
539 3897 798 3973 admonet]
846 3907 935 3971 Ep.
984 3905 1043 3956 ad
1079 3906 1257 3971 Ephes.
1292 3906 1368 3966 lv,
1470 3905 1595 3954 endo
1631 3905 1865 3954 rationem
1904 3903 2133 3953 bonitatis
2168 3917 2287 3952 suae
2322 3902 2474 3964 egit.“
2523 3902 2595 3952 De

239 3973 329 4023 27.
363 3975 437 4024 Cr.
476 3975 543 4024 De
580 3975 774 4025 Resurr.
812 3974 983 4024 Carnis
1019 3988 1123 4038 cap.
1161 3974 1247 4036 45,
1283 3973 1367 4023 ubi
1469 3971 1649 4023 Paenit.
1689 3986 1793 4034 cap.
1830 3970 1862 4021 6
1933 3971 2098 4030 „Certi
2135 3971 2261 4020 enim
2298 3967 2594 4022 indubitatae

239 4055 333 4106 pro
367 4044 491 4093 sisio
526 4041 772 4092 transtulit
807 4044 1013 4094 diabolo.
1467 4040 1635 4090 veniae
1669 4039 1957 4089 delictorum
1994 4038 2203 4087 medium
2240 4046 2432 4101 tempus
2468 4037 2595 4087 inte-

309 4110 346 4158 t.
384 4111 426 4159 si
473 4108 808 4160 redimendum
856 4117 1051 4174 tempus
1085 4104 1223 4174 dicit]
1277 4108 1364 4172 Ep.
1443 4108 1559 4157 -rim
1611 4109 1833 4157 furantur
1868 4116 1916 4156 et
1951 4113 2248 4157 comeatum
2282 4105 2376 4155 sibi
2415 4105 2596 4156 faciunt

239 4176 302 4226 {d
340 4177 515 4242 pres.
555 4178 605 4237 V,
625 4176 703 4227 16
1468 4174 1783 4239 delinquendi
1828 4188 1971 4239 quam
2018 4173 2335 4223 eruditionem
2372 4188 2469 4223 nou
2506 4174 2592 4224 de-

310 4260 358 4306 g.
395 4245 773 4296 conversationis
809 4244 986 4295 lucrari
1005 4258 1096 4294 nos
1113 4243 1211 4293 vult
1229 4255 1365 4293 com-
1469 4241 1773 4307 linquendist‘
1807 4241 1859 4291 V.
1896 4241 2138 4291 Muucker.
2176 4241 2235 4290 ad
2272 4241 2440 4305 Hygin.
2478 4241 2592 4290 Feb.

237 4310 497 4380 meatum]
532 4313 864 4364 Commeatum
885 4311 1265 4362 conversationis
1289 4310 1367 4360 di-
1470 4310 1686 4371 ccmn,
1704 4326 1753 4374 p.
1775 4309 1893 4360 366.

236 4380 307 4430 cit
341 4389 665 4432 commeatum
702 4380 822 4430 vitae
858 4388 907 4429 et
940 4380 1218 4444 ampliatam
1256 4392 1364 4428 mo·
1538 4379 1588 4428 Ιι.
1625 4392 1687 4427 an
1725 4379 1771 4427 in
1810 4371 2088 4440 occursum]
2126 4376 2285 4425 Malim
2319 4375 2397 4425 bic
2415 4375 2594 4425 rescri-

235 4462 344 4499 ram
392 4450 444 4499 in
478 4446 695 4499 saeculo.
767 4448 939 4498 Festus
975 4444 1774 4511 p.2·1·1.nuetl.1›ere„n0n
1821 4445 1869 4493 iu
1906 4458 2180 4504 occursum,
2184 4443 2218 4467 “
2255 4443 2594 4504 interrogatio·

235 4516 553 4574 „“Remeare
557 4515 790 4580 ,inquit,‚
794 4515 989 4576 ,redirez
1013 4523 1369 4571 utcommeare‚
1470 4513 1547 4562 nis
1581 4513 1722 4573 siguo
1756 4510 1966 4561 sublato.

232 4584 370 4635 ultro
407 4586 504 4635 cito
540 4586 638 4644 ire,
684 4584 810 4633 unde
843 4588 1120 4633 comestus
1154 4583 1262 4631 dari
1293 4582 1371 4630 Δι’-
1541 4580 1573 4628 ὶ.
1624 4578 1721 4628 tela
1774 4578 1953 4629 diaboli
2015 4572 2314 4642 extinguere]
2384 4575 2473 4639 Ep.
2533 4573 2593 4624 ad

236 4654 380 4717 citur,
418 4655 471 4705 id
494 4660 563 4703 est
597 4659 774 4716 tenipus
812 4666 901 4715 quo
928 4653 992 4700 iri
1006 4650 1243 4713 redirique
1257 4663 1368 4712 pos·
1470 4646 1648 4711 Ephes.
1684 4645 1759 4708 vl,
1784 4645 1863 4696 16.
