3263 5311
2354 465 2483 531 845

190 626 310 689 siam
343 625 769 708 perdiderunt⁸.
836 627 1145 692 Violantur
1182 629 1299 692 viri
1338 647 1408 693 ae
1447 629 1738 692 feminae·
1778 627 1842 692 in
1884 628 2150 692 tenebris
2190 631 2369 715 plane
2411 652 2482 695 ex

185 743 278 790 usu
311 726 592 790 libidinum
633 729 829 804 notis,
875 737 938 792 et
977 745 1184 810 paoem
1229 729 1306 792 ab
1344 729 1444 794 his
1488 738 1783 812 quaerunt
1823 729 1924 811 qui
1968 729 2045 794 de
2087 749 2195 794 sua
2234 731 2482 812 pericli-

1079 479 1159 524 ss
1200 459 1534 526 tunicum

182 824 396 892 tanati-¹¹.
470 828 583 891 Alii
626 829 702 891 ad
743 830 976 892 metalla
1020 830 1404 911 conmgiunt·
1456 838 1518 894 et
1570 830 1711 894 inde
1767 831 2341 894 communicatores¹
2377 851 2481 897 re·
2564 853 2573 862 ·

176 937 468 1004 vertuntur,
529 929 633 992 uhi
688 929 808 993 iam
863 931 1021 993 aliud
1075 928 1420 1011 martyrium
1463 932 1870 995 necessarium
1928 942 2024 995 est
2064 933 2296 996 delictis
2338 942 2485 1016 post

119 1029 130 1034 “
177 1032 470 1112 martyriam
524 1031 717 1095 novis.
826 1032 976 1106 Quis
1015 1023 1194 1096 'enim
1247 1033 1311 1096 in
1365 1032 1547 1096 terris
1603 1042 1667 1096 et
1722 1033 1785 1096 in
1841 1051 2021 1096 carne
2073 1033 2205 1096 sine
2260 1033 2485 1116 culpa?

175 1131 301 1206 Quis
339 1139 541 1212 martyr
594 1132 853 1195 ⁴saeeuli
905 1133 1131 1207 incola,
1188 1133 1483 1196 ‘denariis
1530 1134 1813 1216 supplex,
1869 1135 2136 1198 ‘’medico
2181 1136 2481 1199 obnoxius

172 1242 226 1296 et
260 1230 669 1296 'feneratori⁸?
741 1233 890 1295 Puta
933 1251 1094 1297 nunc
1134 1233 1250 1297 sub
1289 1235 1528 1316 gladio*
1568 1235 1687 1298 iam
1729 1235 2012 1316 n’capite
2037 1235 2284 1311 librato,
2334 1246 2483 1318 puta

167 1335 222 1397 in
258 1334 491 1414 patibulo
535 1334 654 1398 iam
696 1352 952 1415 corpore
993 1350 1289 1419 expanso,
1355 1345 1494 1417 puta
1550 1336 1614 1401 in
1668 1336 1874 1417 stipite
1915 1336 2033 1399 iam
2076 1337 2283 1401 ⁸leone
2326 1355 2481 1401 con-

166 1432 362 1512 ce’sso‘,
401 1444 539 1516 puta
581 1434 679 1497 ’in
722 1434 870 1498 axe*¹
913 1436 1031 1498 iam
1075 1437 1362 1500 incendio
1399 1437 1790 1512 ”aden-ueto,
1849 1437 1910 1499 in
1953 1439 2115 1519 ipsa,
2160 1438 2324 1514 dieo,
2370 1457 2476 1501 se·

162 1537 379 1599 cur-itate
418 1545 476 1599 et
515 1537 913 1617 possessione
951 1538 1248 1619 martyrii,
1292 1539 1430 1619 quis
1470 1538 1760 1620 permittit
1792 1527 2028 1601 bomini
2058 1540 2284 1602 donare
2325 1558 2482 1620 quae

141 1638 263 1700 *deo
298 1638 639 1701 reservanda
693 1645 866 1712 sunt,
933 1638 1021 1701 ”a
1074 1658 1212 1719 quo„
1250 1657 1321 1702 ea
1374 1639 1508 1703 sine
1564 1640 1947 1702 excusatione
2000 1641 2267 1703 damnata
2313 1649 2477 1716 sunt,

155 1757 291 1819 quae
329 1755 432 1801 nec
470 1737 763 1819 apostoli,
807 1738 968 1820 quod
1011 1739 1227 1816 sciam,
1269 1749 1556 1822 martyres
1602 1750 1666 1803 et
1704 1742 1821 1822 ipsi
1864 1740 2160 1804 donabilia
2188 1741 2477 1805 ¹²iudica·

147 1926 196 1976 4.
225 1924 396 1977 asculi
426 1926 477 1978 A,

594 1924 642 1976 5.
678 1925 900 1978 donariis
943 1927 1175 1979 Latinius.
1255 1927 1495 1980 damnatis
1542 1927 1701 1980 Nisei,
1712 1927 1961 1992 Ripaltha.

2078 1927 2124 1979 6.
2176 1929 2335 1981 medio
2380 1931 2480 1982 Ies-

147 1994 354 2057 Soaliyer.
419 1993 623 2046 moecho
661 1993 1074 2059 Nicol.Ri9‹sltiua.
1161 1995 1211 2046 ⁶1.
1248 1995 1531 2048 fornicatori
1563 1996 1984 2060 Nicol.Bi90uius.
2072 1995 2164 2046 71).
2203 1999 2344 2061 capiti
2384 1998 2476 2048 Le-

143 2063 294 2111 tim‘us.
389 2058 438 2111 8.
472 2060 602 2110 leoni
637 2062 865 2113 Latinius.

142 2132 284 2179 sistis.
360 2129 586 2180 adstricta
617 2128 745 2182 ABG.

139 2197 447 2247 indicaverant
471 2198 526 2247 Δ.

201 2331 250 2381 b.
284 2341 422 2395 quam
456 2330 538 2396 qui
583 2329 840 2382 eeclesiam
889 2325 1250 2398 perdiderunt]

133 2398 294 2448 Maluit
327 2396 535 2449 Latinius
571 2399 807 2460 ecclesiae,
847 2407 898 2449 ut
922 2399 981 2448 de
1007 2399 1246 2450 ecciesiae

130 2466 259 2516 aditu
297 2464 594 2526 intelligatur.
665 2465 942 2516 perdidisse
988 2467 1242 2517 ecelesiam

127 2534 228 2584 sive
261 2532 490 2592 ecclesiae
525 2533 705 2583 aditum
738 2532 962 2585 dicuntur
982 2536 1063 2599 qui
1084 2535 1245 2585 eccle-

127 2603 197 2651 sia
234 2609 344 2650 sunt
378 2601 533 2650 eiecti.
583 2601 641 2651 Ut
675 2609 842 2650 contra
879 2602 1014 2652 reddi
1035 2603 1242 2653 ecclesia

125 2670 297 2719 dicitur
330 2669 504 2734 quibua
540 2668 808 2719 redduntur
843 2669 947 2719 iura
983 2672 1118 2735 pacis
1145 2671 1244 2722 sive

123 2737 477 2788 communionis
499 2736 873 2789 ecclesiasticae.
909 2738 1124 2801 (Rigalt.)
1170 2739 1247 2791 Cf.

119 2819 268 2869 supra
307 2804 503 2869 eap.15
553 2804 668 2865 „cui
718 2805 990 2855 humaniori
1039 2821 1125 2858 reo
1162 2822 1244 2857 ec-

120 2873 320 2922 clesiam
356 2872 630 2922 reddidisse
652 2872 1019 2936 praesumant.“
1067 2874 1246 2924 lterum

117 2940 245 2990 intra
283 2940 343 2989 ad
380 2941 466 2993 flu.
502 2940 652 3001 huius
682 2940 873 3004 capitis.

186 3046 232 3082 c.
261 3031 513 3083 Violantur
546 3031 633 3082 viri
664 3047 724 3082 ac
744 3027 979 3101 feminee]
1013 3034 1150 3092 Quae
1183 3034 1247 3084 ab

109 3098 321 3149 ethnicis
358 3098 477 3148 olim
513 3099 744 3149 adversus
760 3096 1061 3155 Christianos
1096 3101 1245 3151 iacta-

106 3168 309 3225 bantur,
366 3168 610 3217 atrociora
661 3181 757 3216 non
807 3175 944 3219 erant
978 3169 1085 3218 istis
1120 3182 1246 3231 quae

102 3234 386 3299 Septimius
419 3235 664 3300 psychicis
697 3236 800 3285 suis
837 3236 1249 3299 infligitffligalt.)

161 3325 223 3375 d.
266 3334 316 3376 et
350 3341 526 3390 pacem
575 3327 635 3377 ab
675 3326 754 3377 bis
790 3335 1030 3392 quaerunt
1064 3328 1145 3393 qui
1184 3328 1245 3379 de

96 3408 189 3443 sua
229 3390 617 3461 periclitantur]
652 3394 727 3445 Cf.
755 3394 940 3446 adnott.
974 3396 1034 3446 ad
1072 3395 1245 3446 titum

97 3461 347 3526 Mai-tyras
385 3476 493 3526 cap.
520 3463 565 3512 1.

165 3560 214 3598 e.
266 3545 364 3595 Alii
422 3546 484 3596 ad
533 3545 730 3597 metalla
777 3540 1082 3612 confugiunt]
1134 3546 1244 3609 Alii,

96 3614 279 3678 inquit,
331 3612 402 3662 ob
441 3615 710 3665 moechiam
758 3622 840 3664 aut
875 3614 1246 3665 fornicationem

96 3681 240 3731 eiecti
294 3680 514 3731 ethnicis
571 3682 971 3746 procuratoribus
1020 3681 1247 3732 metallo-

96 3763 199 3799 ·um
256 3750 520 3813 corruptis
577 3750 638 3800 ad
690 3750 886 3801 metalla
944 3750 1245 3811 confugiunt,

96 3832 143 3866 ic
181 3830 284 3880 pro
330 3817 518 3867 Christi
557 3818 753 3867 nomine
787 3825 956 3881 raptos
1001 3816 1061 3866 ad
1099 3832 1155 3866 ea
1188 3826 1261 3867 se'

97 3885 250 3933 'uisse
283 3884 548 3946 simulant,
583 3886 709 3936 uude
729 3899 857 3944 mox,
895 3891 1121 3949 tanquam
1158 3884 1244 3934 de-

96 3958 291 4003 tustato
335 3953 593 4016 martyrio,
630 3954 690 4004 ad
718 3953 1075 4005 ecclesiasticae
1107 3967 1244 4002 com-

96 4018 366 4091 munionis·
393 4034 569 4084 pacem
605 4028 925 4070 revertuntur.
999 4019 1119 4070 Inde
1155 4035 1244 4069 au-

96 4100 182 4135 em
223 4094 558 4138 revertuntur
604 4087 684 4138 ubi
734 4089 828 4138 iam
879 4086 1010 4138 aliud
1062 4094 1242 4150 marty-

96 4155 210 4203 ium
261 4156 616 4206 necessarium
665 4163 756 4216 est,
809 4156 874 4206 ob
921 4170 977 4205 ea
1014 4155 1243 4205 nimirum

97 4222 289 4282 elicta,
352 4236 507 4287 quae,
569 4223 684 4273 dum
730 4225 858 4287 apud
912 4222 1106 4273 metalla
1154 4236 1244 4286 per

96 4289 320 4339 ·audem
363 4290 573 4340 illicitae
594 4292 833 4354 pactionis
853 4299 1066 4353 agerent,
1087 4292 1243 4341 forma

96 4357 379 4418 egationis
402 4370 506 4409 non
524 4357 764 4408 levissima
788 4368 1085 4409 contraxere.
1124 4358 1245 4417 Quis

96 4420 304 4487 tar-tyr!
346 4423 405 4475 in
445 4424 646 4475 noculo
681 4441 831 4489 agens
847 4427 977 4478 inter
1006 4425 1246 4486 ethnicos,

96 4491 341 4542 innatis
395 4493 629 4558 supplex,
688 4507 864 4558 nempe
909 4495 1132 4545 hostibus
1166 4494 1245 4545 dei

97 4598 98 4605 ,
145 4559 390 4621 Christi,
435 4562 643 4610 moecho
678 4560 917 4611 obnoxius
952 4568 1000 4610 et
1030 4561 1244 4611 tornica-

99 4629 178 4688 ri‚
250 4628 368 4679 hoc
427 4635 506 4678 est
556 4628 802 4680 idolorum
838 4628 1123 4688 cultoribus,
1170 4628 1243 4677 vel

96 4696 256 4749 iden
301 4709 526 4763 quoque
560 4709 616 4767 re
649 4696 758 4762 ipss
793 4694 1011 4748 moechis
1057 4703 1106 4747 et
1139 4696 1245 4746 ror·

986 2059 1035 2114 9.
1072 2063 1121 2113 in
1158 2077 1244 2113 axe
1281 2065 1373 2113 iam
1412 2064 1569 2113 om.A.

855 2128 932 2180 11.
967 2143 997 2181 a
1031 2144 1129 2195 qno
1165 2144 1251 2182 eas
1284 2131 1334 2181 in
1369 2127 1723 2184 executione?
1779 2130 2032 2184 damnatas
2078 2145 2202 2197 qaae
2234 2135 2287 2183 A.
2393 2131 2475 2184 1².

1694 2063 1767 2113 10.
1809 2064 2053 2114 adstructo
2103 2063 2179 2124 D„
2218 2066 2347 2115 Fulv.
2387 2064 2474 2120 Ur-

1346 2330 1662 2392 uieatoribua,
1718 2345 1745 2380 a
1780 2332 1957 2396 quibua
1993 2340 2153 2382 tamen
2189 2345 2327 2382 snam
2364 2332 2477 2397 ipse

1347 2413 1453 2449 cum
1491 2399 1696 2449 ecclesia
1732 2413 1901 2462 pacem
1940 2395 2174 2449 redemit!
2211 2400 2424 2461 (Rigalt.)

1415 2467 1448 2516 l.
1486 2462 1951 2532 communicatores]
1987 2468 2091 2517 Hoc
2110 2474 2184 2516 est
2220 2482 2328 2517 cum
2366 2466 2472 2517 iure

1345 2535 1479 2598 pacis
1516 2541 1565 2584 et
1597 2536 1967 2586 communionis.
2007 2534 2221 2598 (Rigalt.)

1413 2618 1460 2665 ς.
1508 2602 1699 2657 medico
1750 2602 1988 2653 obnoxius
2042 2608 2091 2653 et
2141 2599 2474 2668 feneratori‘PJ

1344 2669 1494 2721 Verba
1532 2671 1689 2731 „Quis
1724 2671 1853 2723 euim
1890 2673 1937 2721 in
1975 2671 2117 2721 terris
2156 2680 2202 2720 et
2238 2672 2286 2720 in
2324 2686 2472 2721 carne

1347 2738 1456 2789 siue
1491 2735 1713 2802 eulpaY‘
1768 2753 1833 2790 er.
1860 2748 2021 2789 mente
2054 2739 2267 2802 psychici
2302 2740 2473 2802 prote-

1347 2806 1593 2865 rebantur,
1643 2806 1757 2856 illos
1802 2807 1938 2870 pacis
1986 2805 2341 2856 ecclesiasticae
2378 2807 2473 2855 im-

1345 2874 1531 2937 probos
1555 2874 1992 2923 communicatores
2016 2887 2071 2923 ex
2098 2873 2475 2923 communivitio

1345 2941 1587 2991 humanae
1641 2949 1842 2990 naturae
1905 2942 2196 2992 excusantia.
2286 2942 2479 3000 Quibus

1347 3008 1612 3073 Septimius
1648 3009 1809 3058 statim
1846 3010 2069 3073 reponit:
2120 3006 2191 3058 Tu
2227 3009 2473 3073 psychice,

1349 3076 1431 3140 qui
1468 3074 1695 3135 denariis»,
1733 3076 1779 3125 id
1817 3083 1891 3127 est
1908 3074 2141 3127 vilissimo
2176 3076 2353 3141 pretio,
2390 3074 2472 3126 ια’-

1347 3143 1525 3193 elesiae
1589 3157 1758 3207 pacem
1816 3145 2022 3208 supplex
2074 3146 2135 3195 ab
2197 3144 2475 3195 istiusmodi

1347 3211 1637 3273 martyribus
1673 3211 1874 3261 redimis
1895 3212 1977 3276 qni
2003 3213 2288 3262 medicinam
2313 3225 2471 3273 suam,

1346 3278 1396 3327 id
1433 3286 1507 3327 est
1553 3278 1757 3339 veniam,
1811 3281 2095 3329 fenerantur
2141 3294 2197 3329 ac
2243 3280 2474 3338 vendunt,

1345 3360 1444 3409 quo
1478 3344 1583 3406 tibi,
1621 3360 1827 3409 quaeso,
1859 3348 1982 3407 iure,
2018 3362 2115 3411 quo
2137 3348 2333 3398 nomine
2362 3347 2475 3411 quis

1348 3419 1528 3476 martyr
1563 3414 1752 3463 censeri
1789 3414 1966 3477 poterit
1984 3414 2099 3464 dum
2116 3415 2298 3464 saeculi
2330 3414 2475 3464 huius

1346 3480 1505 3531 incola
1543 3476 1678 3530 erit?
1723 3479 1826 3530 Alia
1860 3481 2097 3531 sententia
2117 3481 2338 3546 Septimii
2363 3497 2472 3531 ver-

1345 3548 1422 3598 bis
1459 3562 1556 3599 uon
1593 3549 1737 3601 inest.
1804 3548 1877 3599 De
1927 3549 2144 3611 denario,
2203 3549 2475 3600 minutissi-

1347 3630 1429 3666 mo
1465 3630 1684 3676 nummo,
1721 3616 1782 3666 ci.
1798 3616 2058 3668 Cassianus
2078 3617 2229 3671 instit.
2256 3617 2470 3669 Coeuoh.

1345 3683 1421 3745 lv,
1460 3683 1526 3734 14
1575 3691 1829 3748 „praeter.
1854 3684 1951 3734 duo
2001 3686 2295 3749 paxamacia,
2349 3700 2474 3749 quae

1346 3751 1502 3802 tribus
1535 3751 1608 3800 vix
1641 3750 1853 3801 denariis
1877 3752 2056 3802 ibidem
2087 3750 2473 3802 distrahuntur.“

1344 3818 1481 3882 Apud
1519 3818 1815 3868 macrobium
1844 3820 2040 3871 Saturn.
2062 3820 2162 3879 1,·1.
2199 3819 2383 3869 denarii
2420 3819 2492 3867 in*

1347 3884 1457 3935 lusu
1495 3899 1757 3949 puerorum
1794 3893 2057 3948 ponuntur,
2101 3894 2149 3934 et
2183 3900 2305 3951 quae
2340 3885 2471 3949 apud

1347 3952 1557 4002 Marcum
1616 3968 1720 4015 cap.
1760 3951 1821 4001 12
1866 3945 2035 4001 λεπτὰ
2083 3946 2183 4001 δύο
2229 3952 2471 4012 dicuntur,

1347 4019 1445 4071 duo
1473 4020 1676 4078 denarii,
1704 4011 1803 4067 δύο
1826 4012 2064 4085 δηνάρια
2086 4021 2244 4071 Lucae
2265 4036 2372 4085 cap.
2394 4019 2470 4071 to,

1414 4087 1462 4137 b.
1500 4087 1617 4137 Puta
1656 4101 1785 4137 nunc
1817 4089 1909 4137 sub
1945 4084 2130 4152 gladio]
2168 4089 2313 4147 Quasi
2337 4090 2471 4139 dice-

1345 4161 1451 4205 ret:
1486 4154 1669 4205 Demus
1705 4162 1865 4205 autem
1902 4154 2041 4214 istos,
2078 4155 2138 4205 de
2173 4156 2350 4219 quibus
2384 4171 2471 4206 su-

1344 4237 1433 4287 pra
1469 4223 1649 4272 dictum
1687 4231 1778 4287 est,
1822 4237 1963 4272 veros
1998 4236 2109 4273 esse
2144 4231 2192 4273 et
2226 4223 2471 4274 indubita-

1347 4297 1427 4343 tos
1463 4298 1716 4353 martyras.
1750 4289 1964 4353 (Rigalt.)
2330 4342 2335 4349 ,

1413 4358 1444 4407 i.
1482 4358 1576 4408 iam
1614 4358 1757 4407 leone
1788 4352 2050 4423 concesso]
2087 4357 2228 4409 Circo
2250 4357 2472 4407 videlicet

1346 4425 1681 4476 conclamante
1728 4423 2050 4477 Camerinus
2086 4424 2306 4475 Leottsu.
2388 4424 2472 4474 Sic

1346 4492 1474 4543 libro
1509 4492 1579 4542 De
1614 4493 1916 4556 Spectaculis
1952 4490 2082 4557 [cap.
2103 4488 2194 4556 27]
2243 4491 2386 4553 „lllic
2419 4490 2473 4541 in

1345 4575 1439 4611 nos
1494 4560 1760 4625 quotidiani
1823 4561 1993 4628 leones
2049 4555 2473 4624 expostulantur.“

1368 4628 1420 4678 ni
1456 4628 1537 4678 alt.

1345 4629 1363 4689 (
1414 4642 1461 4746 kg.
1500 4628 1560 4748 in)
1587 4691 1699 4763 axe]
1735 4682 1808 4753 Cr.
1843 4694 2047 4762 Apolog.
2083 4707 2189 4759 cap.
2225 4690 2314 4744 ult.
