3263 5311
647 416 777 480 422

1167 429 1369 481 ommi
1416 428 1680 472 serrum
1723 427 2051 476 nonnus
2099 426 2486 470 'rt-:nmmum

650 585 851 646 datum
894 599 928 642 a
972 579 1213 641 domino
1256 578 1437 639 etiam
1479 561 1841 646 antelucanis
1887 577 2189 645 coetibus,
2254 576 2478 637 nec‘dc
2521 574 2774 635 aliorum
2819 592 2996 635 mauu

649 701 826 765 quam
880 671 1402 761 ”praesidentium
1457 678 1750 744 sumimus
1763 677 1813 738 Β.

1930 677 2274 739 Oblationes
2317 695 2427 755 pro
2482 675 2826 749 defunctis¹,
2880 693 2993 753 pro

636 781 1042 870 *¹¹²¹natalieiis¹¹¹
1083 780 1333 842 ²⁴annua
1363 778 1459 840 die
1489 779 1758 841 tacimus.
1812 777 1922 839 Die
1952 777 2251 840 dominico
2282 775 2566 839 ieiunium
2608 776 2777 837 nefas
2820 774 2992 836 dud-
3055 837 3068 850 ,

650 934 733 985 22.
781 932 1158 997 praesidentium
1208 946 1428 982 summus
1475 931 1665 993 (sumus
1701 931 1777 992 D.)
1823 930 2000 995 BepCD.

618 1049 635 1060 ,
652 1003 731 1054 die
765 1002 908 1067 Βφυ.

516 1197 525 1206 ⁸
630 1135 755 1194 *eos,
809 1135 889 1198 qui
937 1139 1180 1196 sumptam
1228 1131 1378 1194 fuisse
1418 1119 1593 1181 'dicunt
1641 1130 1774 1181 boris

650 1203 795 1252 etiam
831 1209 961 1251 extra
996 1193 1325 1259 antelucanas,
1361 1200 1506 1250 modo
1528 1206 1642 1248 ante
1666 1212 1773 1249 om-

650 1279 762 1320 nem
796 1269 973 1319 cibum.
1035 1268 1137 1316 Hoc
1172 1268 1298 1316 euim
1333 1267 1606 1327 significare
1644 1263 1774 1315 vide·

651 1347 729 1387 tut·
764 1335 888 1385 libro
924 1334 993 1383 Ad
1030 1335 1171 1384 Uxor.
1192 1333 1299 1394 tl,5
1337 1333 1478 1394 „Non
1514 1334 1636 1383 sciet
1670 1347 1772 1382 ma·

649 1405 772 1458 ritus
823 1402 939 1466 quid
988 1409 1176 1470 secreto
1225 1408 1335 1450 ante
1381 1414 1573 1450 omnem
1612 1401 1774 1451 cibum

651 1472 869 1533 gestes.“
916 1467 1019 1519 Nisi
1057 1469 1208 1529 magis
1232 1468 1458 1528 ,videatur
1491 1469 1636 1517 etiam
1665 1475 1786 1534 ante⁴

651 1537 897 1588 saeculum
957 1534 1241 1586 Tertulliani
1310 1535 1616 1585 indefensum
1683 1535 1775 1584 hoc

652 1606 807 1655 luisse
855 1611 903 1654 et
948 1619 1040 1668 pro
1090 1604 1323 1666 cuiusque
1370 1603 1603 1665 religione
1649 1603 1777 1651 varie

652 1674 933 1723 factitatum.
998 1671 1177 1733 Exigua
1211 1679 1341 1719 certe
1377 1678 1451 1721 est
1485 1679 1534 1720 et
1567 1670 1776 1720 obscura

651 1741 832 1790 mentio
871 1753 1049 1788 coenae
1084 1738 1353 1788 dominicae
1373 1737 1497 1787 inter
1511 1736 1775 1802 Apostolos

608 1807 944 1867 ‘'celebratae,
1009 1807 1099 1855 etsi
1146 1804 1438 1854 celebratam
1484 1806 1678 1869 quidem
1728 1811 1777 1853 et

652 1873 942 1938 saepissime
976 1872 1128 1923 fuisse
1162 1885 1304 1922 nemo
1339 1873 1534 1926 sobrius
1572 1885 1776 1933 negave-

651 1943 732 2001 rit,
769 1940 856 1990 sed
892 1946 944 1989 ut
977 1939 1043 1989 ait
1076 1939 1433 1999 Tertullianus,
1468 1939 1519 1988 in
1555 1948 1776 2003 tempore

653 2009 806 2059 victus
843 2007 1060 2071 adeoque
1096 2006 1328 2056 fractione
1350 2008 1614 2070 illa'panis,
1652 2019 1777 2070 quae

653 2088 1007 2139 saepenumero
1041 2076 1266 2134 occurrit,
1297 2075 1493 2124 includi.
1559 2075 1694 2124 Hanc
1727 2075 1776 2122 in

655 2142 940 2192 sententiam
972 2142 1190 2194 ducimur
1226 2143 1502 2203 gravissima
1534 2141 1614 2190 illa
1644 2141 1777 2190 Pauli

656 2210 985 2273 increpatione
1021 2209 1080 2258 ad
1118 2207 1335 2259 Corinth.
1374 2208 1479 2268 l,2.
1517 2208 1732 2271 (Rigalt.)

722 2278 769 2328 lt.
806 2276 1185 2341 praesidentium
1223 2271 1502 2341 sumimus]
1559 2277 1678 2326 Cum
1715 2275 1781 2325 sit

656 2344 881 2395 omnibus
918 2344 1191 2393 mandatum
1229 2358 1255 2392 a
1293 2344 1495 2394 Domino
1533 2351 1585 2393 ut
1621 2343 1780 2392 omni-

654 2412 748 2461 bus
796 2411 1073 2461 exhiberent
1132 2411 1450 2464 eucharistiae
1501 2407 1780 2460 sacramen-

656 2487 790 2538 tum,
827 2486 986 2528 tamen
1024 2491 1118 2527 non
1157 2477 1217 2526 de
1242 2477 1447 2528 aliorum
1468 2492 1611 2528 manu
1636 2491 1779 2541 quam

657 2545 1032 2610 praesidentium
1080 2545 1207 2594 sumi
1254 2544 1393 2594 solet.
1480 2545 1547 2594 De
1595 2546 1781 2594 bonore

654 2611 1030 2678 praesidentium
1080 2613 1254 2663 similis
1302 2621 1376 2663 est
1408 2611 1548 2663 locus
1584 2613 1654 2663 De
1689 2612 1810 2663 Ba·-

656 2681 839 2746 ptismo
877 2680 1079 2743 eap.17.

727 2749 760 2797 l.
786 2747 1070 2797 Oblationes
1094 2762 1187 2815 pro
1213 2744 1476 2810 defunctis]
1499 2747 1783 2799 Oblationes

660 2815 776 2879 qnid
811 2816 908 2865 sint
930 2814 1074 2865 ''i'ecte
1110 2814 1273 2867 docuit
1304 2815 1571 2889 lleraldus⁸
1595 2814 1656 2864 ad
1692 2817 1784 2864 Ar·

659 2884 774 2931 nob.
811 2883 920 2937 Λᾶν.
959 2883 1083 2933 Nan.
1118 2878 1190 2931 IV.
1226 2898 1273 2945 p.
1299 2881 1411 2932 193.
1458 2882 1554 2942 (ed.
1591 2881 1783 2943 Lugii),

660 2950 797 3000 cuius
844 2950 985 3000 verba
1040 2960 1264 3013 appono:
1318 2951 1625 3015 „Cyprianus
1659 2950 1781 3014 Epp.

658 3017 733 3078 lv,
757 3016 789 3066 5
845 3018 998 3076 „ilem
1045 3023 1248 3082 patruus
1296 3018 1411 3079 eius„
1438 3024 1489 3068 et
1519 3016 1783 3067 avunculus

658 3084 943 3135 Laurentius
980 3092 1027 3135 et
1064 3084 1272 3146 ignatius
1316 3085 1362 3134 in
1402 3086 1571 3135 castris
1608 3091 1655 3133 et
1688 3085 1782 3147 ipsi

661 3152 904 3214 quondam
962 3153 1307 3201 saecularibus·
1346 3154 1602 3202 militantes
1612 3188 1676 3219 „‚
1696 3151 1784 3200 sed

657 3219 757 3267 veri
793 3227 840 3267 et
874 3218 1153 3281 spirituales
1188 3219 1264 3269 dei
1300 3220 1495 3279 milites,
1530 3219 1645 3268 dnm
1679 3220 1784 3268 dia-

650 3285 826 3337 bolum
877 3282 1053 3335 Christi
1098 3285 1405 3349 professione
1453 3292 1783 3350 prosternunt,

658 3352 848 3415 palmas
902 3366 928 3399 a
981 3352 1177 3400 domino
1243 3354 1297 3401 et'
1341 3367 1548 3403 coronas
1604 3352 1784 3401 illustri

657 3414 888 3482 passione
943 3426 1233 3471 meruerunt.
1304 3421 1546 3470 Sacrisseia
1584 3434 1674 3483 pro
1711 3420 1782 3468 eis

658 3496 872 3546 semper,
909 3492 961 3533 ut
997 3482 1299 3544 meministis,
1352 3488 1619 3546 offerimus,
1656 3500 1780 3551 quo-

658 3550 749 3601 ties
786 3556 1044 3613 martyrum
1094 3552 1348 3615 passiones
1396 3562 1445 3603 et
1488 3554 1593 3603 dies
1641 3554 1816 3603 anni--

590 3662 605 3685 ,
657 3618 865 3668 versaris
919 3620 1378 3669 commemoratione
1425 3620 1782 3669 celebramusst‘

660 3686 753 3735 Pro
784 3680 1075 3747 martyribus
1111 3699 1226 3746 ergo
1275 3686 1353 3736 die
1388 3694 1510 3736 stata
1545 3686 1781 3736 sacrificia

658 3752 938 3803 offerebant-
1010 3752 1287 3812 „Sacrificia
1325 3762 1482 3803 autem
1520 3766 1610 3817 pro
1651 3766 1780 3803 mar·

656 3816 839 3884 tyribus
874 3821 1086 3869 offerre“
1122 3820 1237 3885 quid
1274 3818 1387 3871 est?
1432 3822 1654 3872 Profecto
1691 3829 1782 3879 est,

659 3888 720 3938 ob
759 3889 1265 3938 commemorationem
1304 3903 1471 3938 eorum
1508 3888 1782 3939 oblationes

658 3966 860 4016 ‘erogare
895 3963 941 4003 et
962 3956 1195 4005 sacrificia
1223 3956 1539 4006 eucharistica
1567 3971 1658 4019 pro
1681 3956 1784 4004 for·-

656 4022 955 4071 tissimorum
993 4020 1171 4071 Christi
1214 4022 1422 4075 militum
1461 4023 1656 4072 adoreis
1690 4022 1782 4071 deo

660 4088 879 4137 reddere.
960 4088 1125 4151 Neque
1173 4091 1299 4139 enim
1350 4090 1486 4140 video
1534 4090 1616 4152 qui
1667 4090 1786 4138 baec

659 4154 800 4211 aliter
823 4154 1049 4216 explicari
1071 4156 1273 4218 possint.
1327 4157 1784 4220 lutei-pretationem

480 4220 489 4229 '
556 4260 581 4277 .,
660 4222 801 4270 istam
841 4222 1092 4271 confirmat
1126 4222 1233 4286 ipse
1253 4222 1616 4287 Cyprian.Epp.
1651 4222 1784 4283 ll1,6

659 4288 912 4351 „Denique
948 4296 997 4336 et
1031 4288 1135 4338 dies
1170 4304 1366 4351 eorum,
1415 4290 1593 4355 quibus
1642 4303 1781 4339 exce-

659 4354 793 4415 dunt,
831 4363 1074 4414 annotate,
1105 4364 1156 4407 ut
1181 4358 1669 4407 commemorationes
1695 4370 1783 4406 eo-

657 4432 764 4471 rum
803 4424 927 4472 inter
963 4425 1221 4473 memorias
1242 4431 1500 4487 martyrum
1532 4424 1784 4474 celebrare

656 4490 921 4553 possimus.
978 4488 1278 4553 Quamquam
1316 4492 1561 4540 Tertullus
1597 4490 1783 4541 tidelis-

658 4555 812 4607 simus
846 4566 896 4607 et
926 4557 1267 4607 devotissimus
1290 4558 1438 4607 trater
1467 4565 1635 4608 noster
1658 4557 1785 4607 scri·

655 4624 813 4684 pserit
849 4633 896 4675 et
929 4624 1110 4676 scribat
1142 4638 1202 4674 ac
1235 4624 1474 4687 significet
1507 4625 1624 4676 mibi
1661 4622 1783 4687 dies,

2119 927 2201 978 23.
2253 927 2487 978 nataliciis
2532 928 2583 978 A.
2705 927 2808 977 24.»
2839 927 2997 977 anima

1875 1132 2048 1196 quibus
2086 1131 2133 1180 in
2171 1144 2363 1180 carcere
2400 1129 2525 1180 beati
2563 1130 2735 1178 l'ratres
2757 1129 2911 1178 nostri
2939 1130 2998 1179 ad

1873 1198 2286 1249 immortalitatem
2340 1197 2582 1258 gloriosae
2642 1197 2814 1247 mortis
2874 1198 2998 1248 etita

1875 1273 2153 1326 transeunt,
2208 1273 2260 1314 nt
2306 1264 2611 1314 celebrentur
2658 1265 2737 1314 bie
2782 1280 2808 1314 a
2857 1265 3001 1316 nobis

1875 1334 2146 1383 oblationes
2183 1340 2230 1382 et
2264 1332 2498 1381 sacrificia
2545 1332 2608 1381 ob
2643 1346 2998 1382 commemora-

1876 1401 2032 1450 tiones
2067 1413 2264 1460 eorum3
2320 1413 2444 1462 qnae
2479 1400 2572 1448 cito
2607 1400 2854 1449 vobiscum
2908 1401 2997 1450 do-

1879 1470 2009 1518 mino
2068 1475 2386 1532 prosperante
2447 1466 2856 1517 celebrabimus.“
2940 1465 2999 1518 Ut

1878 1538 2020 1598 igitur
2053 1549 2180 1598 „pro
2213 1535 2500 1596 martyribus
2532 1534 2804 1584 oblationes
2836 1543 2886 1584 et
2916 1549 2996 1583 sa-

1879 1603 2055 1653 crificia
2087 1600 2298 1650 offerre“
2337 1608 2409 1650 est
2429 1602 2491 1651 ob
2512 1602 2998 1652 commemorationes

1879 1684 2046 1720 eorum
2096 1668 2367 1718 oblationes
2415 1682 2616 1730 erogare
2668 1676 2718 1718 et
2763 1669 2998 1719 sacrificia

1876 1736 2193 1788 eucharistica
2230 1736 2321 1785 deo
2357 1736 2579 1795 reddere,
2618 1744 2670 1785 ut
2699 1735 3000 1795 dicebamus,

1878 1807 1944 1858 ita
1980 1818 2104 1868 „pro
2141 1803 2380 1868 defunctis
2416 1804 2593 1852 offerre
2629 1810 2675 1854 et
2708 1804 2999 1856 sacrificinm

1876 1886 1967 1937 pro
2004 1871 2293 1920 dormitione
2343 1870 2678 1921 defunctorum
2716 1870 2999 1921 celebrare“

1878 1947 1954 1989 est
1998 1939 2061 1988 ob
2098 1937 2448 2002 ssdelunctornm
2492 1939 3001 1988 commemorationem

1875 2006 2151 2073 oblationes
2190 2013 2237 2055 et
2273 2006 2603 2069 eleemosynas
2649 2020 2737 2069 per
2769 2005 3004 2058 sacerdo-

1877 2083 1973 2124 tem
2010 2075 2188 2123 offerre
2223 2073 2434 2136 etquod
2469 2073 2711 2123 dormiant
2746 2087 2802 2122 ac
2835 2074 3005 2137 requi-

1879 2149 2046 2194 escant
2098 2141 2143 2189 in
2198 2139 2394 2190 domino
2452 2141 2630 2202 gratias
2690 2141 2782 2190 deo
2842 2154 3004 2202 agere,

1879 2210 2054 2273 quibus
2091 2207 2283 2272 quidem
2335 2208 2565 2257 institutis
2612 2207 3002 2272 deprecationem

1881 2275 2102 2328 nonnulli
2137 2274 2444 2325 adiiciebant.
2520 2276 2670 2339 Atque
2703 2276 2829 2326 baec
2861 2276 3004 2325 etiam

1884 2344 2136 2394 confirmat
2169 2342 2451 2392 Tertulliani
2505 2342 2642 2394 loeus
2695 2342 2764 2391 De
2813 2343 3002 2396 Exhort.

1883 2412 2010 2462 Cast,
2029 2425 2145 2473 sap.
2165 2409 2223 2459 11
2262 2409 2360 2469 „Et
2392 2411 2486 2458 iam
2522 2416 2687 2474 repete
2713 2412 2842 2474 apud
2863 2410 3006 2460 deum

1883 2493 1972 2542 pro
2011 2477 2147 2526 cuius
2182 2477 2355 2540 spiritu
2391 2468 2628 2541 postules,
2661 2491 2762 2542 pre
2793 2493 2884 2542 qua
2915 2477 3004 2528 ob·-

1886 2541 2091 2594 lationes
2129 2555 2312 2593 annuas
2349 2543 2539 2594 reddas.
2595 2545 2760 2596 Stabis
2779 2560 2909 2606 ,ergo
2947 2545 3009 2594 ad

1884 2613 2027 2663 deum
2065 2625 2172 2662 cum
2209 2619 2280 2662 tot
2316 2605 2561 2673 urbi-ibus,
2599 2619 2712 2677 quot
2743 2607 2853 2662 illas
2888 2626 3010 2662 ora·

1885 2682 2015 2731 tione
2052 2692 2423 2737 commemoras„
2466 2688 2514 2729 et
2548 2682 2715 2733 <fleres
2750 2693 2839 2747 pro
2876 2679 3006 2728 dua·

1883 2749 1976 2797 bns
2012 2756 2060 2795 et
2091 2748 2494 2797 commemorabis
2532 2747 2638 2796 illas
2672 2747 2896 2810 duasper
2916 2760 3004 2796 sa-

1885 2816 2128 2877 cerdotem
2151 2815 2210 2864 de
2231 2815 2533 2876 monogamia
2555 2814 2618 2863 ob
2640 2814 2911 2878 pristinum,
2939 2813 3005 2863 de

1883 2882 2149 2943 virginitate
2184 2883 2439 2942 sancitum,
2480 2882 2823 2932 circumdatum
2857 2882 3008 2945 virgi-

1881 2951 2025 3000 nibus
2062 2965 2117 2999 ac
2153 2949 2348 2998 univiris
2384 2956 2432 2998 et
2466 2949 2693 2999 ascendet
2715 2949 3030 3007 sacrificium,

1881 3026 2015 3067 tuum
2056 3017 2205 3066 libera
2243 3015 2455 3065 fronte.“
2513 3012 3011 3076 Ceterum„otrerre“

1883 3085 2049 3134 dicunt
2081 3091 2325 3146 tamquam
2351 3082 2649 3134 *sacrificinm
2674 3084 2872 3133 scilicet·
2923 3083 3010 3133 Est

1883 3153 2013 3201 enim
2051 3150 2353 3219 eleemosyna
2391 3152 2548 3200 boetia
2583 3156 2776 3217 accepta
2814 3158 2861 3200 et
2895 3150 3008 3213 pla·

1886 3233 2004 3268 cens
2038 3217 2182 3267 deo.“
2257 3218 2384 3266 Haec
2412 3217 2664 3267 Hei-aldus.
2737 3219 2828 3276 Qui
2863 3217 3010 3281 plura

1886 3286 2143 3345 desiderat,
2198 3284 2338 3334 adeat
2374 3285 2435 3333 La
2474 3285 2679 3335 Cerdam
2717 3286 2775 3335 ad
2813 3285 2861 3334 b.
2889 3284 2922 3334 1.
2959 3292 3013 3333 et

1885 3354 1956 3401 Du
1995 3352 2224 3417 Congium
2262 3354 2307 3401 in
2345 3352 2506 3405 ulus.
2545 3352 2668 3402 ued.
2703 3360 2756 3401 et
2785 3352 2875 3401 tur.
2909 3350 3014 3401 La-

1882 3421 2083 3469 tinitatis
2121 3434 2162 3468 s.
2186 3428 2226 3467 v.
2268 3420 2454 3485 Offerre.

1951 3500 2014 3537 tn.
2066 3500 2156 3550 pro
2205 3482 2464 3552 nataliciis]
2536 3487 2629 3536 Fer
2669 3487 2891 3536 natanta
2933 3486 3012 3534 in·

1883 3554 2067 3616 tellegit
2101 3552 2450 3603 sollemnitates
2485 3554 2587 3604 lieri
2624 3553 2794 3603 solitas
2829 3553 2876 3601 in
2915 3552 3016 3602 bo-

1883 3636 2051 3689 nor-em
2092 3627 2370 3683 martyrum,
2407 3635 2503 3684 quo
2522 3621 2708 3671 scilieet
2724 3620 2803 3670 die
2827 3619 3016 3670 mundo

1885 3689 2079 3747 mortui,
2115 3688 2251 3738 caelo
2269 3688 2366 3736 uati
2389 3696 2515 3737 sunt.
2563 3687 2755 3737 Beletus
2774 3688 2837 3737 de
2857 3686 3016 3738 bivia.

1885 3755 1978 3805 off.
2003 3769 2107 3817 cap.
2130 3755 2164 3803 4
2199 3755 2463 3815 ,fNatiritss
2499 3754 2706 3820 proprie*
2734 3754 3019 3818 appellatur

1884 3823 2059 3871 festum
2081 3822 2213 3870 illius
2236 3822 2507 3881 nativitatis,
2545 3837 2669 3887 qaae
2695 3831 2769 3872 eet
2795 3824 2844 3871 in
2863 3833 3022 3872 carno

1883 3897 1932 3938 et
1966 3889 2013 3937 in
2050 3888 2248 3947 mundo,
2284 3889 2349 3938 ita
2386 3897 2438 3938 ut
2472 3890 2586 3938 bine
2616 3889 2780 3939 solum
2821 3888 3024 3943 dicatur

1879 3955 2111 4005 Nativitas
2147 3955 2344 4012 Cbristi,
2392 3956 2443 4005 B.
2481 3956 2675 4014 Mariae,
2731 3963 2780 4005 et
2811 3952 3024 4006 loannis

1884 4021 2145 4085 Baptistae,
2199 4022 2328 4086 quod
2364 4022 2537 4075 borum
2575 4023 2842 4073 nativitates
2883 4022 3022 4072 dun-

1886 4096 2011 4138 taxat
2057 4090 2117 4138 ab
2165 4090 2372 4140 ecclesia
2419 4088 2743 4141 celebrentur.
2827 4088 3024 4141 Natalis

1881 4156 1956 4205 vel
1981 4155 2148 4207 Nazala
2182 4156 2254 4206 vel
2283 4156 2556 4209 Natalitium
2588 4163 2784 4207 vocatur
2799 4156 3020 4205 Sancto—

1882 4237 1992 4272 rum
2027 4238 2085 4272 ex
2123 4223 2216 4273 boc
2250 4224 2448 4274 saeenlo
2497 4224 2849 4285 commigratio,
2897 4223 3023 4287 quin

1883 4298 1937 4340 ut
1971 4290 2167 4340 saeculo
2199 4300 2252 4341 et
2284 4291 2462 4341 mundo
2481 4292 2769 4350 moriuntur,
2806 4291 2870 4339 ita
2893 4298 3028 4349 tumn

1884 4357 2020 4407 caelo
2074 4359 2391 4411 nascuntur.‘„‘
2483 4358 2552 4408 lta
2607 4358 2809 4408 Rufinus
2865 4355 3076 4409 verbi!=

1883 4419 2212 4487 „reri-'rheu
2259 4417 2531 4493 ἧμέραν“,
2598 4432 2722 4488 qua'e
2770 4430 2883 4473 sunt
2925 4436 3020 4487 ap.

1882 4490 2058 4541 Euseb.
2108 4492 2229 4541 Hist.
2266 4493 2396 4543 Ecel.
2435 4493 2508 4554 lv,
2541 4492 2603 4541 15
2648 4491 2789 4541 vertit
2843 4486 3030 4555 „diem

1883 4558 2183 4622 passionis.“
2241 4559 2492 4622 Augustin.
2527 4559 2681 4609 Serm.
2709 4556 2787 4607 ‘to
2821 4557 3034 4619 „Digne

1884 4624 2094 4675 natalem
2130 4625 2336 4677 istorum
2383 4626 2605 4689 colimus,
2651 4637 2777 4691 quos
2822 4623 3074 4677 beatius-

2893 4854 2940 4921 ln
