3263 5311
1121 478 1197 521 ns
1240 475 1605 520 nunecius.
2362 520 2375 526 ,
2414 461 2539 524 779

191 643 499 706 gnoscere.
621 625 884 698 ²⁶¹·Quae
939 627 1053 687 ista
1112 625 1357 687 materia
1423 625 1701 705 apostolo
1764 615 1873 686 fuit
1938 609 2298 687 “scribendi
2362 625 2547 689 talia?

191 727 558 789 Tirocinium
602 745 791 787 novae
838 735 898 788 et
943 727 1127 790 ¹'cum
1172 728 1424 788 maxime
1482 726 1730 788 orientis
1785 726 2102 797 ecciesiae,
2161 743 2335 806 quam
2388 707 2822 796 lactetcorsua.

194 828 420 890 scilicet
461 826 783 902 educabat,
830 828 1094 890 nondum
1139 829 1336 890 solido
1382 828 1514 890 cibo
1560 827 1861 889 validioris
1907 827 2243 901 (leoninae,
2289 828 2437 892 adeo
2478 837 2545 892 ut

189 947 334 1010 prae
375 928 474 991 illa
519 929 762 990 infantia
820 929 956 991 fidei
1012 929 1357 1009 ignorarent
1420 929 1610 991 adhuc
1664 928 1803 1008 quid
1860 928 1975 991 sibi
2034 928 2324 1008 agendum
2385 939 2546 992 esset

194 1031 346 1092 circa
390 1030 585 1091 carnis
632 1038 691 1091 et
736 1047 915 1092 sexus
960 1031 1398 1093 necessitatem.
1488 1029 1669 1092 Cuius
1714 1032 1891 1092 etiam
1953 1030 2114 1110 ipsas
2174 1031 2406 1111 species
2470 1051 2543 1093 ex

190 1131 501 1210 rescriptis
558 1130 988 1210 intellegimus,
1047 1147 1180 1193 cum
1236 1131 1407 1204 dicit,
1473 1131 1557 1194 De
1615 1133 1711 1193 his
1767 1140 1962 1194 autem
2021 1151 2175 1211 quae
2242 1132 2534 1196 scribitis:
2562 1133 2793 1240 ¹0¹⁰ng¹³2

188 1232 426 1294 Bonum
468 1240 564 1292 cst
605 1231 829 1292 homini
889 1233 1195 1295 mulierem
1251 1252 1375 1295 non
1431 1233 1753 1314 attingere3
1818 1241 2065 1314 propter
2116 1234 2541 1297 fornicationes

191 1342 388 1395 autem
432 1331 844 1412 unusquisque
887 1349 1136 1396 uxorem
1183 1349 1350 1396 suam
1408 1335 1643 1397 habeat}
1745 1333 2024 1397 Ostendit
2078 1335 2268 1397 misse
2324 1335 2426 1414 qui
2476 1337 2541 1397 in

190 1433 568 1497 matrimonio
614 1446 645 1495 a
691 1434 806 1496 fide
847 1434 1209 1515 deprehensi
1249 1436 1639 1511 verebantur,
1685 1455 1762 1498 ne
1805 1453 1929 1497 non
1974 1436 2177 1498 liceret
2207 1435 2294 1497 eis
2326 1438 2535 1498 matri-

189 1536 394 1599 monio
442 1555 554 1596 suo
600 1536 809 1596 exinde
851 1537 971 1610 uti,
1017 1537 1151 1616 quia
1196 1537 1258 1598 in
1303 1556 1536 1599 carnem
1582 1547 1844 1600 sanctam
1871 1537 2088 1599 Christi
2122 1538 2540 1601 credidissent.

186 1637 265 1700 Et
307 1646 501 1699 tamen
549 1637 877 1698 secundum
919 1637 1150 1699 veniam
1195 1638 1499 1711 concedit,
1545 1657 1669 1699 non
1715 1637 2042 1700 secundum
2089 1639 2436 1718 imperium,
2482 1639 2543 1702 id

190 1748 288 1801 est
330 1738 680 1817 indulgens,
754 1753 873 1799 non
917 1739 1291 1818 praecipiens
1336 1739 1416 1801 ita
1459 1739 1608 1800 fieri.
1712 1740 1985 1801 Ceterum
2030 1740 2285 1801 malebat
2329 1721 2827 1807 omnestcorffllm.

187 1839 251 1902 id
299 1857 434 1901 esse
478 1839 637 1918 quod
683 1847 742 1899 et
786 1840 935 1919 ipse.
1001 1839 1262 1901 Ptoinde
1306 1848 1365 1901 et
1408 1840 1482 1901 de
1527 1840 1775 1920 repudio
1806 1841 2140 1903 rescribens
2172 1841 2544 1904 demonstrat

189 1940 484 2021 quosdam
528 1940 602 2001 de
646 1941 764 2002 isto
810 1959 1046 2021 quoque
1090 1940 1421 2020 cogitasse,
1468 1941 1560 2002 vel
1602 1941 1857 2003 maxime
1902 1942 2038 2021 quia
2082 1950 2141 2003 et
2184 1943 2245 2004 in
2285 1945 2540 2006 ethnicis

188 2041 586 2105 matrimoniis
629 2060 749 2102 non
795 2041 1078 2121 putabant
1118 2053 1260 2122 post
1302 2042 1512 2103 fidem·
1558 2042 1724 2104 ”sibi
1757 2043 2277 2123 perseverandum.
2339 2044 2541 2117 Quae-

187 2144 405 2207 rebant
459 2150 518 2205 et
572 2141 646 2205 de
703 2142 1030 2222 virginibus
1087 2142 1402 2204 consilium
1458 2147 1863 2224 (praeceptum
1921 2145 2078 2206 enim
2140 2145 2363 2206 domini
2421 2164 2543 2208 non

190 2251 378 2323 erat),
423 2245 648 2306 bonum
693 2263 829 2306 esse
873 2244 1098 2305 homini
1146 2244 1198 2304 si
1246 2243 1333 2305 sic
1373 2253 1749 2324 permaneat,
1794 2244 1999 2324 utique
2028 2247 2330 2324 quomodo
2363 2266 2393 2307 a
2425 2248 2543 2307 fide

191 2345 378 2409 fuerit
419 2346 716 2408 inventus,
781 2345 1026 2409 Vinctus
1070 2344 1193 2407 ”es
1237 2344 1441 2420 uxori,
1487 2365 1563 2408 ne
1607 2345 1933 2425 quaesieris
1981 2344 2361 2407 solutionem.
2420 2346 2539 2407 So-

188 2448 354 2510 lutus
413 2466 480 2507 es
538 2447 610 2508 ab
654 2465 871 2520 uxore,
940 2464 1014 2508 ne
1070 2445 1402 2527 quaesieris
1460 2435 1731 2508 uxorem.
1846 2446 1910 2507 Si
1977 2456 2171 2507 autem
2241 2448 2542 2526 acceperis

191 2567 471 2621 uxorem,
517 2566 638 2608 non
685 2547 1017 2627 deliquisti,
1077 2547 1210 2628 quia
1257 2555 1393 2610 ante
1435 2548 1609 2610 fidem
1659 2548 1858 2609 soluto
1902 2545 1974 2609 ab
2020 2565 2206 2609 uxore
2250 2566 2369 2610 non
2425 2566 2541 2609 nu-

191 2649 522 2714 merabitur
564 2661 706 2729 post
748 2651 922 2711 fidem
969 2649 1227 2712 secunda
1288 2668 1466 2723 uxor,
1543 2643 1696 2729 quae
1758 2658 1900 2730 post
1952 2649 2126 2710 fldem
2182 2649 2369 2729 prima
2426 2658 2540 2711 est.

185 2753 237 2814 A
285 2752 400 2812 fide
446 2750 603 2812 enim
648 2751 825 2812 etiam
871 2751 998 2830 ipsa
1044 2752 1156 2813 vita
1203 2760 1409 2813 nostra
1453 2760 1752 2814 censetur.
1852 2751 1970 2813 Sed
2026 2750 2124 2811 hic
2176 2769 2420 2830 parcere
2475 2770 2542 2812 se

191 2852 339 2914 dicit
382 2852 529 2926 illis3
595 2850 854 2929 alioquin
900 2868 1245 2932 pressuram
1302 2852 1497 2914 carnis
1542 2853 1994 2914 subsecuturam
2047 2868 2191 2930 prae
2252 2851 2541 2929 angustiis

187 2962 532 3032 temporum
577 2952 998 3031 impedimenta
1043 2938 1402 3014 matrimonii
1446 2951 1897 3026 recusantibus;
1956 2950 2159 3030 ”quin
2216 2951 2414 3031 potius
2470 2951 2544 3013 de

196 3053 444 3114 domino
489 3052 945 3115 sollicitudinem
990 3053 1318 3114 habendam
1374 3052 1834 3132 ¹¹'promerendo
1893 3071 2067 3133 quam
2124 3053 2198 3114 de
2254 3052 2544 3114 ”maritm

188 3152 273 3217 Et
317 3154 395 3215 ita
440 3161 676 3215 revocat
720 3155 877 3234 quod
921 3154 1213 3234 permisit.
1323 3154 1423 3215 Sic
1486 3172 1629 3233 ergo
1685 3154 1748 3215 in
1805 3148 2015 3215 eodem
2071 3154 2206 3233 ipso
2267 3136 2585 3235 capitulo,x

190 3272 318 3335 quo
360 3254 564 3315 definit
608 3272 1087 3335 unumquemque
1130 3254 1191 3315 in
1235 3272 1348 3333 qua
1394 3255 1706 3316 vocatione
1760 3253 2092 3327 vocabitur,
2157 3256 2215 3315 in
2271 3272 2337 3314 ea
2398 3265 2850 3334 per-morsum.

185 3373 434 3419 manere
479 3355 725 3433 debere,
775 3355 1066 3428 adicienS,
1123 3354 1332 3417 Mulier
1373 3356 1561 3418 vincta
1620 3364 1713 3416 est
1755 3354 2034 3444 quamdiu
2080 3356 2217 3417 vivit
2259 3354 2348 3416 vir
2391 3355 2540 3427 eius,

186 3457 245 3519 si
292 3463 484 3517 autem
530 3455 873 3529 dormierit,
920 3456 1104 3519 libera
1149 3464 1272 3529 est,
1336 3455 1531 3517 ”boui
1577 3456 1737 3517 volet
1778 3456 1991 3530 nubat,
2048 3464 2277 3518 tantum
2321 3457 2383 3517 in
2426 3455 2543 3517 do-

186 3556 390 3619 mino:
456 3554 654 3641 ”iiiuc
696 3576 932 3636 quoque
973 3576 1105 3619 eam
1150 3557 1521 3619 demonstrat
1573 3556 2026 3636 intellegendam
2092 3576 2243 3638 quae
2300 3564 2361 3619 et
2415 3555 2545 3637 ipsa

187 3656 285 3719 sic
324 3657 504 3718 suerit
543 3657 778 3720 inventa
824 3658 1016 3720 soluta
1059 3676 1094 3719 a
1136 3658 1298 3731 viro,
1356 3659 1658 3737 quomodo
1703 3668 1764 3720 et
1807 3657 1898 3719 vir
1941 3658 2176 3722 solutus
2220 3658 2294 3719 ab
2336 3676 2543 3727 uxore,

187 3776 306 3840 per
347 3766 605 3820 mortem
647 3759 885 3839 utique,
931 3777 1054 3820 non
1100 3776 1209 3837 per
1250 3758 1564 3838 repudium
1608 3758 1757 3819 facta
1803 3756 2132 3833 solutione,
2179 3759 2317 3839 quia
2359 3777 2542 3838 repu-

125 3902 132 3911 -
191 3857 374 3919 diatis
403 3876 527 3920 non
558 3859 930 3938 permitteret
961 3858 1187 3921 nubere
1217 3859 1504 3920 adversus
1533 3857 1849 3939 pristinum
1879 3867 2281 3937 praeceptum.
2308 3859 2545 3937 {ltaque

184 3955 442 4033 mulier,
487 3958 541 4022 si
585 3959 887 4039 nupserit,
932 3978 1054 4021 non
1100 3958 1433 4040 delinquet,
1480 3956 1617 4038 quia
1663 3977 1774 4019 nec
1815 3957 1912 4020 hic
1955 3958 2253 4021 secundus
2296 3958 2544 4021 maritus

188 4058 574 4138 deputabitur
615 4059 774 4140 ”qui
819 4070 916 4122 est
958 4079 989 4121 a
1035 4060 1150 4123 lide
1193 4057 1476 4140 primus‘,
1522 4067 1583 4120 et
1624 4058 1774 4119 adeo
1819 4059 1909 4121 sic
1952 4066 2074 4133 est,
2118 4067 2188 4121 ut
2226 4066 2544 4140 propterea

191 4172 322 4228 161²
364 4174 466 4235 Qua
501 4176 654 4229 Anca.
763 4180 840 4230 Π.
876 4180 1153 4239 scribenda,
1201 4187 1254 4229 ιι
1288 4179 1380 4228 alia
1418 4196 1463 4229 a.
1547 4178 1820 4233 scribenda.
1882 4178 2017 4229 ltalia
2053 4180 2177 4230 ABG.
2286 4178 2363 4230 18.
2401 4194 2544 4244 quam

184 4242 401 4295 maxime
434 4245 588 4297 flea.
678 4246 754 4297 19.
792 4247 888 4297 sibi
922 4247 1329 4312 perseverandum
1350 4247 1421 4297 cd.
1451 4248 1571 4298 liber
1590 4246 1849 4299 Clementis.
1919 4246 2335 4312 perseverandum*
2359 4249 2547 4312 reliqui⁴

184 4309 277 4362 20.
316 4325 370 4360 οι
405 4313 532 4363 enim
570 4315 705 4363 uxori
739 4315 891 4366 ABCa.
996 4312 1079 4365 21.
1117 4314 1343 4379 quoniam
1379 4312 1468 4364 AB.
1573 4313 1657 4363 22.
1694 4315 1962 4378 promendo
1999 4332 2039 4364 c.
2135 4312 2216 4364 23.
2255 4315 2444 4375 marito,
2480 4314 2543 4363 ita

179 4386 386 4497 teiam
419 4397 461 4431 c.
507 4378 690 4497 252311.
726 4380 922 4432 cuiiibct
953 4381 1043 4433 AB.
1159 4379 1244 4432 24.
1277 4381 1391 4431 hinc
1426 4382 1490 4443 (1.,
1530 4397 1590 4432 ex
1623 4383 1941 4433 emendatione
1973 4381 2128 4433 Fulvia·
2164 4382 2335 4432 Ursini.
2421 4382 2546 4430 hanc

173 4449 222 4499 Δ
331 4448 402 4497 bc.
577 4484 592 4497 .
626 4449 740 4513 quia
776 4450 823 4498 d.

257 4560 304 4595 ο.
354 4555 471 4611 post
521 4544 694 4614 fldem]
739 4544 828 4599 ‘De
877 4550 969 4599 hac
1013 4548 1320 4614 brmylogla
1421 4550 1559 4613 fidem
1591 4548 1785 4600 ethnico
1834 4560 1890 4600 se
1924 4549 2109 4599 nubere
2156 4563 2302 4613 posse
2337 4556 2541 4612 praeuia

175 4612 412 4665 adnotavi
449 4615 509 4664 nd
545 4616 798 4680 scon-piac.
836 4626 890 4665 ca
929 4616 1039 4666 Ji.
1111 4615 1192 4667 Sic
1227 4616 1322 4666 itc-
1428 4615 1635 4666 men-ew
2356 4662 2365 4671 ,

171 4694 300 4733 rum
334 4680 484 4747 paulo
523 4682 646 4733 intr·
685 4697 783 4743 „ne
817 4683 889 4734 sci
913 4682 1006 4733 icet
1040 4683 1183 4733 etiam
1214 4688 1322 4747 post
1492 4684 1527 4735 t.
1581 4684 1664 4749 qui
1711 4689 1785 4734 est
1831 4697 1860 4732 ι
1912 4678 2006 4733 fide
2049 4676 2262 4748 primus]
2312 4679 2542 4744 Rigaltius
