3263 5311
1130 414 1177 453 ⁶
1204 444 1683 488 monost-:vicum
2503 431 2624 493 129

266 612 615 673 “iudicatos
661 612 721 671 in
770 618 971 690 partes
1019 611 1207 673 secari
1264 629 1296 671 a
1354 610 1784 672 creditoribus¹
1829 611 1992 690 leges
2060 618 2255 681 erant,
2322 628 2622 674 consensu

264 722 461 775 tamen
506 711 746 793 publico
796 711 1110 773 crudelitas
1155 719 1366 791 postea
1413 731 1584 774 erasa
1627 712 1850 787 ⁴²est¹¹·‚
1900 713 1958 773 in
2004 713 2254 793 pudoris
2287 722 2489 775 notam
2520 733 2619 776 ca-

260 815 400 894 pitis
448 832 645 893 poena
690 813 1033 874 ”conversa
1079 821 1191 874 est.
1278 812 1583 874 Bonorum
1629 814 1888 874 adhibita
1931 814 2349 894 “proscriptio
2385 816 2619 876 suffun-

260 917 402 976 dere
472 915 681 975 maiuit
734 914 996 975 hominis
1063 916 1451 992 sanguinem¹’
1498 934 1673 993 quam
1743 915 2069 977 effundere.
2158 916 2376 989 ⁴'Quot
2433 916 2623 978 adhuc

256 1016 483 1077 “vobis
528 1015 994 1095 ”repurgandae
1036 1015 1275 1076 ⁴⁸latent
1317 1016 1500 1094 legeS‚
1549 1018 1734 1094 quasd
1777 1035 1970 1096 neque
2015 1036 2305 1078 annorum
2349 1017 2618 1079 ‘mnume-

262 1136 363 1179 rus
410 1134 611 1195 neque
657 1116 1033 1177 conditorum
1078 1112 1333 1196 dignitas
1379 1117 1771 1189 commendat,
1818 1116 1982 1177 ”sed
2029 1117 2294 1197 aequitas
2341 1117 2517 1179 sola?
2563 1129 2622 1179 et

258 1218 393 1279 ideo
442 1234 581 1303 cum
626 1216 861 1296 iniquae
906 1226 1433 1296 recognoscuntur,
1498 1218 1711 1279 merito
1769 1217 2152 1291 damnantur,
2217 1219 2406 1281 ⁸¹licet
2449 1219 2620 1283 dam·

258 1328 458 1380 nentv.
527 1308 845 1390 Quomodo
878 1318 1111 1397 iniquas
1158 1317 1458 1381 dicimus?
1502 1319 1713 1393 Immo,
1761 1319 1810 1379 si
1856 1339 2075 1381 nomen
2121 1321 2393 1400 puniunt,
2443 1320 2619 1381 etiam

262 1421 521 1481 stultas:
591 1420 643 1479 si
701 1438 842 1480 vero
888 1420 1056 1492 sacta,
1111 1420 1274 1480 ”cur
1318 1420 1391 1480 dc
1438 1420 1569 1480 solo
1614 1420 1857 1481 nominc
1901 1421 2210 1501 ”puniunt
2253 1421 2422 1495 sacta,
2470 1440 2619 1500 quae

260 1521 317 1582 in
364 1520 498 1581 aliis
546 1519 621 1580 de
666 1511 952 1593 admisso,
998 1538 1119 1581 non
1166 1520 1238 1581 de
1282 1521 1525 1581 nomine
1568 1521 1871 1601 ⁸¹prohata
1917 1520 2325 1584 defendunt‘t?
2388 1522 2614 1584 “Ince-

260 1629 389 1682 stus
439 1640 598 1694 sum,
645 1640 751 1681 cur
794 1638 913 1681 non
945 1620 1353 1700 ”requiruntZ'
1396 1622 1850 1683 ³⁷1nsanticidia‘
1879 1642 1984 1683 cur
2013 1642 2133 1683 non
2162 1623 2620 1702 ”extorquent‘l
2695 1648 2718 1667 -ι

258 1724 323 1784 ln
369 1723 544 1795 deoS,
592 1721 652 1781 in
698 1721 980 1781 Caesares
1025 1720 1298 1801 ⁸¹⁹aliquid
1343 1723 1670 1797 committo,
1738 1742 1843 1784 cur
1885 1742 2008 1785 non
2050 1724 2261 1786 audior
2299 1724 2454 1804 ⁰⁰qui
2506 1725 2616 1785 ha-

257 1824 372 1885 beo
419 1824 597 1901 ⁸¹quo
628 1820 897 1902 purger?
938 1822 1108 1883 Nulla
1151 1823 1244 1883 lex
1288 1822 1501 1883 ”vetat
1541 1824 1813 1885 ”discuti
1857 1825 2016 1904 quod
2059 1824 2340 1904 prohibet
2367 1825 2616 1899 admitti,

263 1926 396 2005 quia
444 1942 641 2003 neque
699 1922 873 1983 index
930 1924 1087 1983 iuste
1152 1923 1473 1997 ulciscitur,
1542 1924 1659 1985 nisi
1719 1933 2039 2004 cognoscat
2097 1925 2424 1987 admissum
2480 1945 2619 1988 esse

259 2026 417 2105 quod
464 2043 588 2084 non
633 2023 790 2096 licet,
834 2023 873 2055 ⁶¹
891 2042 1082 2103 neque
1127 2024 1271 2085 civis
1316 2025 1570 2087 fideliter
1597 2026 1712 2105 legi
1757 2025 2108 2105 obsequitur
2137 2026 2418 2105 ignorans
2448 2028 2619 2107 quale

259 2213 341 2261 41.
381 2213 622 2263 iudicatos
660 2218 790 2259 retro
828 2210 873 2259 in
913 2217 1073 2274 partes
1107 2205 1172 2276 λῙ.
1314 2210 1393 2260 42.
1434 2218 1507 2260 est
1554 2220 1601 2261 et
1637 2212 1683 2261 in
1723 2215 1856 2263 abed.
1994 2211 2072 2262 43.
2114 2227 2342 2263 conversa
2377 2212 2618 2263 bonorum

258 2281 439 2343 obedes.
478 2311 489 2325 .
584 2278 667 2327 44.
706 2278 993 2342 prescriptio
1029 2275 1126 2340 Αβ.
1218 2280 1577 2344 proscriptione
1628 2281 1754 2330 bede.
1895 2280 1976 2330 45.
2018 2282 2154 2340 Quod
2191 2279 2358 2331 ABDE.
2394 2281 2618 2344 Bonyurs.

258 2349 431 2411 Erfure.
540 2345 622 2395 46.
662 2346 795 2394 vobis
834 2361 920 2395 om.
962 2347 1110 2395 Oxou.
1181 2360 1264 2394 vos
1302 2349 1370 2396 be.
1478 2346 1558 2396 47.
1596 2347 1937 2411 repugnantiae
1975 2349 2102 2399 DFG.
2129 2350 2338 2399 Leidens.
2423 2348 2505 2397 48.
2545 2346 2617 2397 le-

260 2430 345 2475 ges
386 2416 538 2463 latent
578 2414 812 2464 CDabcde.
932 2412 1013 2462 49.
1055 2427 1282 2462 numerus
1320 2429 1406 2463 om.
1442 2409 1488 2463 λ.
1605 2415 1686 2464 50.
1725 2415 1810 2463 sed
1849 2416 2111 2480 aequalitas
2150 2415 2254 2464 sola
2291 2416 2379 2466 FG.
2427 2418 2616 2466 Vindob.

259 2482 340 2531 51.
381 2482 497 2531 licet
532 2489 581 2530 et
616 2481 921 2540 damnentur,
958 2481 1200 2544 quomodo
1238 2476 1282 2528 λ.
1370 2482 1482 2531 licet
1529 2497 1623 2531 non
1678 2483 1982 2544 damnentur,
2040 2498 2148 2532 cum
2186 2485 2228 2533 b.
2270 2499 2328 2532 ex
2365 2484 2618 2533 Gorziense'.

258 2552 371 2599 licet
407 2550 714 2607 damnentur,
752 2562 859 2597 cum
900 2564 936 2598 c.
1010 2548 1121 2597 licet
1158 2549 1401 2608 damnent,
1451 2564 1558 2599 cnm
1597 2552 1700 2599 ude.
1774 2552 1883 2600 licet
1921 2551 2164 2609 damnent,
2202 2551 2428 2614 quoniam
2471 2552 2617 2601 Oxou.

260 2616 341 2667 52.
381 2632 469 2667 cnr
506 2618 551 2666 in
590 2615 731 2665 hobis
770 2616 828 2666 de
866 2614 972 2665 solo
1008 2619 1043 2680 s.
1084 2622 1124 2666 et
1160 2616 1512 2681 llarwcampus,
1554 2634 1613 2668 ex
1649 2621 1910 2669 coniectura
1944 2619 2097 2669 Fulvia·
2136 2618 2304 2668 Ursini.
2412 2618 2492 2667 53.
2526 2634 2619 2682 pu-

260 2687 456 2734 niuntur
492 2686 621 2734 Fute.
662 2685 872 2733 Ursinus.
978 2683 1058 2733 54.
1096 2685 1344 2748 probanda
1384 2686 1614 2735 definiunt
1652 2691 1685 2750 s.
1724 2687 1850 2735 Fulv.
1882 2688 2089 2736 Ursinus.
2159 2686 2409 2750 probanda
2446 2686 2616 2734 desen-

261 2753 382 2800 dnnt
416 2754 708 2815 novercamp.
845 2751 925 2800 55.
964 2751 1278 2801 incestuosus
1314 2765 1440 2810 sum,
1490 2768 1576 2802 cur
1610 2756 1695 2803 Da.
1762 2754 2001 2804 Incestum
2041 2767 2126 2803 cur
2162 2756 2225 2813 b„
2264 2770 2323 2802 ess
2361 2754 2614 2803 Gorsiensia

265 2819 351 2867 56.
388 2819 644 2881 requiritur
679 2820 730 2868 F.
871 2818 952 2867 57.
991 2818 1285 2868 infanticidia
1330 2814 1550 2871 Annae».
1587 2822 1799 2870 Leidens.
1840 2822 1987 2870 Oxou.
2024 2822 2196 2883 Erfurt.
2237 2821 2468 2869 Gorziens.
2541 2820 2617 2868 in-

270 2887 495 2934 fanticida
533 2887 752 2949 BCches.
841 2886 1135 2937 infanticidia
1176 2901 1260 2936 cnr
1298 2902 1391 2936 non
1430 2896 1713 2950 extorquent
1749 2903 1836 2936 om.
1873 2889 1926 2937 F.
2065 2885 2146 2936 58.
2184 2894 2528 2949 extorquentur
2563 2887 2616 2935 D.

268 2952 354 3002 59.
393 2955 621 3001 incestum
674 2953 866 3017 aliquod
908 2955 957 3004 G.
1099 2953 1178 3003 60.
1217 2955 1256 3004 si
1296 2955 1410 3017 quid
1448 2955 1603 3002 habeo
1640 2959 1675 3018 f.
1713 2955 1842 3004 Fulv.
1884 2956 2093 3003 Ursinus.
2198 2953 2312 3016 quid
2351 2954 2505 3001 habeo
2542 2955 2618 3003 ab.

272 3019 358 3068 61.
399 3020 529 3083 qnod
565 3035 732 3082 purger
770 3023 819 3071 G.
893 3037 1003 3070 vero
1040 3036 1220 3086 purger
1240 3023 1451 3071 Leidens.
1524 3036 1618 3084 quo
1651 3029 1821 3084 purget
1857 3023 1907 3070 Ε.
2008 3019 2090 3069 62.
2127 3028 2250 3069 vetat
2287 3036 2375 3070 om.
2393 3020 2443 3071 A.
2498 3035 2618 3083 pro-

268 3088 405 3136 hibet
443 3087 658 3148 Bonyars.
738 3097 871 3138 notat
910 3089 1056 3139 Oxou.
1142 3103 1236 3138 non
1276 3089 1315 3138 E
1348 3089 1424 3149 (m.
1464 3090 1575 3148 sec.)
1610 3091 1785 3151 Erfurt.
1925 3087 2006 3138 63.
2045 3088 2238 3137 discutit
2278 3088 2424 3137 Oxou.
2533 3087 2614 3137 64.

267 3169 427 3219 neque
466 3156 600 3203 cuius
632 3156 674 3204 Ε
702 3157 780 3218 (m.
816 3159 924 3221 pn).
964 3157 1137 3221 Erfurt.
1246 3158 1403 3220 neque
1441 3157 1550 3220 quis
1598 3157 1681 3207 DE
1712 3159 1788 3215 (m.
1827 3154 1939 3216 sec.)
1973 3157 2051 3206 ab.

330 3274 374 3322 k.
415 3268 639 3337 exclusit]
678 3274 724 3321 b.
763 3287 804 3322 e.
855 3275 1195 3331 exterminavit,
1247 3274 1390 3323 abro-

261 3340 398 3402 gavit.
472 3341 539 3388 De
576 3341 697 3389 idol.
729 3341 914 3403 cap.1t
958 3341 1082 3400 „lile
1120 3342 1312 3404 quidem
1351 3343 1392 3391 si

258 3410 507 3458 culum!
543 3408 873 3468 daemonium,
928 3424 1025 3458 non
1074 3407 1166 3457 sibi
1203 3409 1395 3473 placeat

258 3476 316 3525 de
354 3477 480 3536 fide3
519 3491 676 3538 neque
714 3475 841 3524 enim
871 3477 1114 3526 inimicum
1136 3477 1395 3526 exclusust

260 3543 377 3592 ibid.
415 3558 524 3606 cap.
563 3542 629 3591 23
679 3558 871 3606 „neque
906 3551 1045 3607 potes
1084 3544 1258 3592 leviore
1297 3544 1392 3592 cri-

257 3612 385 3659 mine
422 3611 581 3660 maius
617 3610 921 3660 excludere.“
957 3611 1022 3660 De
1041 3611 1206 3661 Pudic.
1237 3610 1393 3674 cap.8

254 3679 373 3736 „Sic
408 3686 458 3727 et
494 3679 724 3727 baeretici
764 3678 955 3727 easdem
1004 3679 1261 3742 parabolas
1299 3693 1393 3741 quo

254 3747 422 3794 volunt
458 3745 695 3806 tribuunt,
733 3759 829 3794 non
867 3761 962 3809 quo
999 3747 1175 3796 debent
1200 3746 1396 3810 aptissi-

255 3827 330 3862 me
366 3812 681 3863 excluduntfl
713 3813 826 3862 Λᾶν.
844 3813 1071 3863 Marcion.
1089 3812 1175 3874 1‚1
1210 3814 1395 3873 „ubera

253 3879 571 3930 excluduntf‘
656 3881 725 3930 Ad
776 3879 900 3930 Natt.
954 3882 990 3940 1,
1044 3881 1106 3931 to
1150 3883 1396 3943 „Exclusa

252 3948 435 4010 ubique
472 3948 729 4010 antiquitas
766 3949 813 3998 in
851 3948 1110 4011 negotiis.“

324 4015 363 4062 Ι.
400 4014 633 4065 indicatos
669 4017 716 4064 in
764 4024 929 4079 partes
979 4018 1133 4066 secari
1171 4032 1197 4065 a
1235 4016 1389 4066 credi-

252 4076 477 4144 toribus}
523 4082 735 4146 Respicit
782 4084 842 4133 ad
893 4084 1046 4145 legem
1084 4084 1165 4133 xit
1202 4084 1413 4133 tabula-⁴

248 4161 381 4198 rum¹
424 4147 485 4196 de
526 4149 682 4199 Nesis.
722 4151 773 4198 V.
821 4150 944 4202 Geli.
993 4151 1049 4200 N.
1099 4152 1151 4200 Α.
1197 4151 1292 4210 XX,
1345 4151 1428 4200 1..

244 4215 343 4266 Dio
399 4214 533 4265 Cass.
567 4217 672 4267 Exc.
712 4217 803 4267 Mai
844 4217 924 4267 12.
974 4218 1198 4277 Quinctil.
1238 4218 1392 4268 instit.

238 4285 386 4335 Orat.
427 4283 513 4344 tn,
550 4283 596 4344 6,
626 4284 710 4335 84.
785 4284 993 4335 Salmas.
1029 4286 1098 4335 De
1134 4286 1303 4335 Usnris
1339 4300 1388 4349 p.

237 4351 341 4403 545
380 4367 497 4416 sqq.
535 4352 743 4402 Cssaub.
780 4354 843 4404 ud
879 4353 1257 4404 Sueton.Octav.
1279 4368 1387 4416 cap.

237 4421 318 4472 13.
398 4419 589 4470 Walter
637 4421 812 4470 Gescb.
863 4421 950 4472 des
999 4421 1164 4471 Roem.
1214 4421 1390 4470 Rechts

228 4504 278 4555 p.
319 4488 426 4540 767
467 4503 545 4552 sq.
622 4488 756 4537 Haec
798 4488 1130 4538 decemviralis
1165 4488 1394 4551 abrogata

230 4566 305 4609 est
338 4574 387 4608 a.
413 4555 746 4608 ccccxxtx.
777 4557 882 4618 lege
915 4555 1394 4616 Poetelia.Liv.Vlll‚

228 4625 312 4677 28.
350 4627 466 4678 Cic.
504 4623 579 4674 De
614 4623 829 4688 Republ.
866 4623 928 4685 ll,
965 4623 1046 4673 84.
1086 4624 1276 4687 Dionys.
1317 4623 1392 4673 Fr.

228 4694 345 4757 xvi,
382 4693 440 4744 9.

295 4781 635 4826 Tenon-nm
657 4790 766 4825 or».
788 4790 865 4824 xa.
884 4787 1080 4824 onata.
1152 4776 1277 4823 Tem.
1296 4777 1331 4821 1.

1548 3289 1608 3323 m.
1661 3288 1796 3323 erasa
1835 3269 1931 3338 est]
1999 3273 2274 3323 Eraduntur
2329 3273 2389 3323 de
2437 3272 2616 3323 tabulis

1479 3343 1738 3404 abrogatae
1774 3341 1922 3403 leges.

1546 3425 1595 3460 n.
1647 3409 1924 3460 suffundere
1959 3408 2127 3458 maluit
2172 3407 2381 3458 bominis
2419 3409 2616 3469 sangui-

1480 3472 1613 3541 nem]
1664 3477 1709 3526 V.
1748 3491 1873 3540 quae
1919 3476 2207 3526 adnotavero
2261 3476 2321 3525 ad
2370 3474 2615 3538 Stet-piac.

1481 3557 1587 3607 cap.
1616 3544 1697 3594 10.
1737 3544 1940 3608 Optatus
1978 3544 2167 3593 Milevit.
2200 3543 2326 3593 libro
2351 3542 2412 3591 ll.
2451 3544 2615 3603 „Fun—

1481 3612 1648 3661 dentes
1702 3612 2014 3673 sanguinem,
2072 3626 2169 3660 non
2223 3610 2475 3673 corporis,
2528 3610 2616 3660 sed

1482 3677 1739 3743 pudoris.“

1553 3762 1596 3795 o.
1636 3739 1781 3809 quas]
1818 3739 1892 3791 Τὸ
1932 3761 2049 3811 quas
2086 3760 2181 3794 non
2219 3744 2279 3793 ad
2301 3745 2423 3806 loyes
2453 3757 2616 3806 repur-

1488 3815 1667 3878 9andns
1702 3813 1875 3862 referri
1929 3813 2072 3861 debet
2116 3812 2352 3875 praecise,
2407 3811 2495 3860 sed
2531 3824 2615 3873 ge-

1482 3880 1714 3930 neraliter
1751 3881 1810 3930 ad
1846 3881 1984 3943 loyes.
2036 3880 2181 3938 Quasi
2220 3879 2426 3928 diceret:
2465 3878 2615 3940 Leges

1482 3963 1638 4012 neque
1675 3962 1914 3997 annornm
1951 3961 2181 3996 numerus
2205 3959 2362 4010 neque
2392 3945 2618 3996 condito*

1479 4031 1588 4066 rum
1626 4015 1831 4076 dignitas
1883 4015 2204 4074 commendat,
2256 4014 2342 4063 sed
2397 4014 2624 4077 aequitas

1479 4083 1601 4133 sola.
1641 4080 1854 4145 (Rigalt.)
2599 4113 2610 4124 .

1546 4167 1595 4215 p.
1613 4151 1726 4200 licet
1749 4144 2002 4214 damnent]
2028 4149 2340 4208 Quantnmvis
2371 4149 2615 4197 damnent.

1544 4234 1594 4283 q.
1644 4213 1932 4283 defendunt]
2003 4218 2049 4267 b.
2101 4232 2142 4267 e.
2196 4216 2447 4266 vindicant.
2501 4213 2614 4266 Λᾶν.

1477 4285 1708 4335 Marcion.
1749 4286 1786 4345 1,
1825 4284 1890 4334 26
1937 4284 2071 4345 „Cur
2105 4286 2232 4334 enim
2268 4284 2495 4348 probibet
2529 4282 2615 4331 ad-

1478 4354 1599 4402 mitti
1654 4353 1782 4416 quod
1843 4367 1941 4402 non
1996 4354 2200 4416 defendit
2268 4345 2615 4401 admissum&

1482 4419 1601 4470 ibid.
1641 4421 1701 4480 ll,
1743 4417 1804 4470 18
1856 4420 2004 4478 „Mihi
2042 4420 2289 4470 defensam
2327 4426 2373 4467 et
2409 4432 2497 4480 ego
2535 4418 2617 4466 dc-

1479 4486 1732 4552 [endamff‘
1818 4486 1892 4536 Cf.
1950 4486 2153 4538 Birksen
2215 4485 2435 4536 Manuale
2483 4500 2524 4533 s.
2572 4497 2614 4530 v.

1481 4571 1513 4622 p
1549 4638 1590 4674 r.
1638 4618 1957 4687 infanticidia]
2006 4623 2138 4681 Quae
2186 4636 2278 4672 nos
2317 4614 2614 4670 committere

1482 4690 1652 4754 vulgus
1688 4690 2024 4742 calumniatur.

2207 4771 2240 4823 9
2343 4785 2351 4792 .
