3263 5311
529 396 538 407 '
636 393 764 456 264
1155 410 1355 460 oman
1402 408 1666 451 sapum
1709 408 2039 451 nonanus
2083 406 2474 450 ‘ran-ruinam

635 569 698 623 et
741 560 878 622 alibi
942 559 1387 631 creandorum·,
1452 557 1658 619 nescio
1711 557 1954 638 quidem
2007 577 2086 620 an
2138 556 2370 620 invitas.
2479 557 2639 631 Quid
2695 557 2853 620 euim
2905 556 2986 620 de

634 662 904 724 castitate
948 668 1251 732 curarent,
1297 676 1475 739 quam
1516 659 1713 721 mariti
1756 668 1876 721 tam
1903 658 2072 721 facile
2102 656 2510 721 donaverant?
2562 658 2624 720 0
2655 659 2983 738 sapientiae

632 763 855 846 Atticae
875 810 890 836 ,
941 781 975 823 o
1021 762 1321 822 Romanae
1364 761 1664 839 gravitatis
1711 761 2075 840 exemplum:
2133 760 2433 834 ⁴²³lenones
2480 758 2876 839 philosophus
2924 767 2985 821 et

632 863 906 927 ‘causon-¹!
992 862 1150 936 Quid
1196 876 1336 940 ergo
1382 861 1631 935 mirum,
1681 861 1734 922 si
1779 869 1938 923 tanta
1984 845 2215 923 caritas
2239 859 2748 927 ”iconviolaturcr
2824 861 2984 922 >Nam

636 974 696 1028 et
750 965 1029 1027 coenulas
1086 963 1370 1025 nostras*
1424 971 1837 1045 praeterquam
1907 963 2151 1025 sceleris
2217 962 2469 1027 inlames
2525 962 2562 994 ⁵¹
2581 970 2648 1034 ut
2700 961 2982 1041 prodigas

950 1082 956 1085 ⁴
1001 1062 1228 1085 “⁹¹¹“'·
1347 1065 1423 1085 ¹³·
1476 1083 1504 1085 *⁴
1532 1064 1652 1125 ‘·bis
1699 1063 1926 1126 scilicet
1966 1063 2247 1143 Diogenis
2290 1063 2511 1125 dictum
2555 1072 2683 1124 est:
2723 1063 2981 1143 “Mega-

1550 1165 1778 1230 rastina
1831 1166 1928 1227 die
1982 1164 2344 1241 ⁵³moriwri,
2415 1164 2777 1227 ⁸‘aediticant
2840 1155 2983 1242 vero

1573 1252 1693 1328 Sed
1735 1266 2014 1347 stiptilam
2057 1266 2188 1345 quis
2230 1266 2294 1326 in
2323 1266 2516 1331 alieno
2549 1266 2720 1327 oculo
2752 1265 2984 1328 facilius

1550 1388 1693 1430 aem.
1793 1367 1913 1429 Tot
1966 1367 2238 1429 tribubus
2294 1375 2356 1428 et
2390 1366 2576 1429 curiis
2622 1374 2682 1428 et
2724 1367 2984 1427 decuriis

1592 1469 1820 1530 5ssSaliis
1887 1467 2257 1530 coenaturis¹
2304 1467 2565 1531 creditor
2609 1465 2722 1528 erit
2764 1486 2985 1529 neces-

1550 1629 1564 1671 t
1596 1617 2035 1688 Amaofcaabcde.
2081 1621 2271 1670 Vindob.
2343 1619 2485 1670 lenon
2524 1627 2599 1669 est
2631 1617 2769 1682 ΑβΕ.
2805 1622 2984 1686 Erfurt.

1550 1693 1609 1739 ιὸ.
1643 1691 1814 1754 Erfurt.
1842 1691 1990 1739 Oxou.
2060 1688 2341 1739 convolatur
2379 1689 2428 1737 G.
2499 1688 2702 1737 violatur
2736 1690 2787 1739 F.
2861 1704 2986 1739 con-

1550 1758 1619 1810 G.)
1658 1758 1884 1821 prodigas
1922 1772 2114 1821 quoque
2151 1755 2419 1818 suggillatis
2454 1751 2757 1805 ABDEFGM.
2793 1757 2986 1808 Vindob.

1550 1825 1884 1889 tbces.Haverc.
1989 1823 2069 1873 52.
2112 1837 2389 1885 megrenses
2425 1820 2596 1886 AssEG.
2668 1824 2715 1872 in
2754 1839 2987 1887 egi-enses

1573 1894 1622 1942 G.
1740 1893 1821 1942 54.
1861 1892 2112 1942 aedificant
2147 1906 2256 1940 vero
2292 1891 2428 1955 quasi
2467 1905 2725 1954 numquam
2765 1892 2987 1943 morituri

1550 1959 1676 2009 lxon.
1694 1961 2057 2010 Pometionoram
2075 1967 2286 2023 quotuor.
2345 1957 2579 2007 omittunt
2595 1960 2769 2009 DFobc.
2792 1960 2986 2011 Vindob-

1550 2044 1561 2076 ι
1600 2029 1778 2077 acescit
1814 2030 1863 2077 in
1881 2029 1969 2077 PG.
1993 2028 2180 2077 Vindob.
2211 2028 2374 2076 vitiose
2394 2029 2613 2076 accessit.

1574 2091 1846 2147 ABDEFGA.
1898 2096 2084 2144 Vindob.
2125 2096 2273 2144 Oxou.
2309 2095 2482 2158 Erfurt.

1554 2198 1601 2246 ni
1641 2213 1758 2247 con·

1550 2280 1588 2313 m
1611 2266 1759 2315 duxe-

1201 2383 1209 2391 ,
1382 2383 1393 2396 ,
1417 2383 1427 2396 ,
1556 2334 1666 2391 iam,
1705 2347 1761 2382 ex

637 2417 731 2464 qua
779 2409 915 2450 antea
965 2401 1130 2463 plures
1191 2402 1319 2450 lilios
1378 2408 1664 2464 susceperat
1713 2408 1762 2450 et

635 2477 737 2518 tum
775 2469 930 2517 adbuc
960 2469 1146 2529 gravida
1172 2477 1291 2525 erat,
1326 2468 1375 2517 in
1403 2469 1760 2517 matrimonium

545 2581 550 2584 .
637 2536 728 2588 sibi
767 2536 916 2584 daret.
987 2537 1134 2585 Amici
1180 2551 1291 2586 vero
1342 2537 1569 2599 precibus
1619 2536 1760 2584 facile

529 2640 536 2648 .
638 2602 787 2652 victus
825 2603 940 2652 Cato
979 2603 1107 2651 illam
1149 2604 1209 2663 ei,
1256 2612 1514 2668 praesente
1550 2619 1606 2652 ac
1642 2618 1759 2667 pro-

636 2674 780 2721 bante
828 2670 1048 2735 Philippo
1099 2673 1230 2721 illius
1292 2680 1445 2735 patre.
1502 2673 1758 2722 concessit.

639 2740 733 2789 Sed
753 2747 961 2796 ,mortuo
998 2748 1166 2802 postea
1206 2739 1461 2788 Hortensio
1485 2739 1601 2790 Cato
1636 2740 1760 2789 Mar-

637 2810 749 2857 tiam
799 2821 935 2857 suam
983 2809 1154 2857 iterum
1203 2808 1404 2870 accepit,
1453 2822 1596 2870 qnam
1634 2805 1761 2857 Hor-

637 2877 821 2925 tensius
859 2876 1108 2933 bomornm,
1148 2890 1349 2924 snorum
1387 2875 1643 2924 haeredem
1681 2889 1760 2923 re-

528 2948 539 2960 ·
639 2944 861 3007 liquerat.
898 2944 1018 3001 (Nic.
1050 2943 1094 2996 le
1115 2943 1339 3005 Nourry.)
1411 2944 1527 2991 Rem
1564 2952 1762 2991 narrant

637 3012 781 3060 etiam
799 3014 1000 3076 Appiani.
1022 3012 1079 3059 de
1101 3011 1235 3061 Bello
1257 3011 1351 3060 Civ.
1375 3010 1434 3069 ΙΙ,
1449 3010 1533 3060 99.
1584 3011 1760 3060 Strabo

640 3082 813 3142 Geogr.
851 3080 927 3139 ΧΙ,
965 3080 1142 3142 ρ.354.
1225 3080 1402 3130 Lucan.
1443 3080 1659 3127 Pharsal.
1697 3078 1757 3136 ΙΙ,

535 3139 544 3147 '
639 3143 738 3197 338
775 3162 884 3210 sqq.
952 3147 1316 3207 Augustin.·l)e
1365 3146 1479 3194 fide
1526 3154 1575 3195 et
1609 3146 1756 3208 Oper.

639 3230 747 3279 cap.
781 3215 828 3264 6.
902 3214 970 3263 ld.
1008 3216 1075 3262 De
1113 3216 1245 3263 Bono
1280 3214 1480 3276 Coniug.
1530 3228 1635 3277 cap.
1679 3211 1754 3262 18.

643 3280 836 3331 Hieron.
866 3281 967 3330 adv.
987 3282 1133 3330 lovin.
1157 3282 1190 3341 Ι,
1210 3296 1255 3343 p.
1280 3281 1394 3330 188.
1430 3287 1477 3329 et
1501 3281 1621 3342 1l‚p.
1641 3279 1756 3329 201.

583 3339 592 3353 ⁸
644 3350 717 3398 ed.
755 3349 931 3396 Bened.
998 3347 1209 3400 salvian.
1250 3348 1316 3397 De
1339 3350 1547 3399 Gubern.
1571 3348 1657 3396 Dei
1689 3347 1756 3397 l.l.

639 3414 691 3463 V.
728 3414 978 3477 Spalding.
1042 3416 1100 3463 ad
1147 3415 1373 3473 Quinctil.
1426 3416 1577 3466 instit.
1626 3415 1759 3466 orat.

642 3482 725 3541 ΙΙΙ,
745 3481 795 3541 5,
824 3480 898 3529 ll.
938 3491 984 3530 et
1020 3482 1136 3542 x‚5‚
1162 3481 1236 3530 13.
1309 3484 1555 3533 Drumann
1592 3483 1759 3531 Roem.

644 3549 817 3601 Ge‘sch.
856 3555 972 3597 tom.
1010 3548 1095 3610 ΙΙΙ,
1136 3549 1318 3613 p..108.

707 3631 750 3666 e.
788 3615 1052 3666 liberorum
1090 3632 1231 3667 causa
1282 3626 1328 3666 et
1376 3617 1490 3666 alibi
1526 3616 1763 3668 creando·

639 3682 773 3751 rum]
810 3684 863 3734 ld
902 3693 992 3744 est,
1030 3700 1127 3737 non
1164 3686 1322 3735 solum
1362 3686 1486 3748 apud
1525 3698 1577 3733 se
1607 3699 1762 3749 neque

640 3752 751 3815 sibi,
787 3754 877 3804 sed
911 3762 959 3803 et
994 3754 1039 3803 in
1078 3753 1248 3803 alienis
1284 3755 1428 3803 etiam
1466 3752 1666 3811 laribus,
1715 3761 1765 3803 et

640 3823 702 3872 ab
738 3824 862 3872 aliis.
924 3822 1026 3872 Hoc
1061 3830 1221 3872 autem
1258 3822 1537 3871 nominatim
1571 3821 1763 3871 Tertul-

531 3947 542 3956 ,
642 3890 817 3951 Uanus,
854 3890 965 3955 quia
1002 3890 1350 3942 sor-mulserat
1384 3904 1575 3940 uxorem
1600 3891 1766 3939 duem

640 3960 840 4007 uberim
884 3961 1248 4021 quaerendorum
1294 3971 1450 4010 caum.
1521 3957 1646 4019 Ergo
1684 3958 1765 4020 qui

640 4038 816 4076 uxores
851 4039 965 4073 snas
1001 4033 1130 4075 tanta
1167 4026 1395 4075 facilitate
1442 4025 1609 4073 amicis
1646 4023 1765 4074 sub·

640 4091 931 4150 ministrant,
980 4107 1062 4141 eas
1115 4092 1184 4141 illi
1231 4094 1469 4142 duxerunt
1504 4092 1768 4140 liberorum

642 4160 784 4207 etiam
822 4159 989 4207 amicis
1009 4160 1396 4221 quaerendorum
1424 4172 1584 4207 causa.
1639 4158 1767 4207 Nihil

642 4234 803 4275 autem
839 4224 949 4274 istic
984 4226 1279 4275 mutandum.
1364 4225 1484 4274 Nam
1522 4226 1611 4274 etsi
1649 4226 1767 4275 libe-

639 4308 804 4343 rorum·
832 4294 1201 4360 quaerendorum
1248 4300 1331 4342 sat
1377 4295 1767 4357 procreandorum

641 4376 786 4414 causa
817 4360 1013 4423 saepius
1050 4359 1290 4420 dicebant,
1345 4360 1558 4411 invenias
1606 4368 1766 4411 tamen

549 4465 560 4486 .
641 4428 784 4477 etiam
833 4427 946 4478 alibi
996 4429 1313 4479 creandorum.
1396 4425 1447 4477 B.
1482 4428 1767 4490 Ambrosius

636 4496 688 4546 in
720 4496 875 4564 Epist.
897 4497 932 4545 Ι.
973 4496 1031 4546 ad
1052 4496 1266 4546 Corinth.
1297 4510 1402 4563 cap.
1420 4495 1487 4547 32
1523 4497 1611 4558 „Si
1638 4498 1767 4547 euim

637 4578 783 4614 causa
819 4565 1021 4628 tiliarum
1055 4568 1359 4616 creandorum
1401 4566 1593 4615 ducitur
1630 4580 1764 4626 uxor,

629 4645 737 4681 non
775 4633 979 4684 nultum
1014 4639 1205 4699 tempus
1237 4635 1439 4687 sistetur
1475 4646 1779 4685 concessum·

2718 2026 2799 2076 56.
2838 2028 2986 2078 Saliis

1861 2197 1921 2247 ad
1959 2198 2119 2260 ipsum
2156 2195 2348 2245 usum.“
2397 2196 2684 2258 Spartianus
2707 2196 2752 2245 in
2774 2197 2985 2248 Pescen-

1862 2266 1943 2315 nio
1962 2265 2135 2326 Nigro:
2174 2264 2293 2324 „Rei
2319 2264 2558 2312 venereae
2591 2265 2684 2313 nisi
2725 2263 2784 2312 ad
2820 2280 2987 2315 creon-

1862 2334 1949 2383 dos
1984 2335 2156 2383 liberos
2190 2344 2398 2394 prorsus
2435 2331 2682 2393 ignarus.“
2710 2332 2952 2392 (Herald.)

1931 2415 1963 2465 Ι.
2002 2425 2050 2466 et
2085 2410 2281 2479 censor]
2311 2409 2423 2465 Non
2461 2415 2551 2464 luit
2586 2417 2628 2464 is
2647 2415 2763 2466 Cato
2792 2431 2986 2468 censor.

1861 2484 1910 2534 V.
1951 2485 2193 2532 Drumanu
2231 2484 2263 2532 1.
2285 2483 2314 2532 Ι.
2389 2483 2492 2533 Pari
2531 2497 2698 2533 errore
2723 2484 2987 2536 Tertullia-

1864 2566 1954 2600 nus
1991 2550 2191 2614 cap.11.
2229 2552 2481 2614 Scipiones
2518 2551 2817 2603 confuderat.

1912 2651 1974 2715 g.
2009 2643 2140 2685 tanta
2188 2635 2361 2687 caritas
2410 2632 2771 2703 conviolatur?]
2841 2636 2986 2688 Cbri-

1865 2711 2146 2754 suanorum.

1933 2787 1980 2837 b.
2016 2787 2136 2837 Nam
2175 2796 2221 2835 et
2256 2787 2487 2837 coenulas
2539 2783 2756 2854 nostras]
2803 2788 2900 2839 Sed
2938 2798 2989 2841 vet

1863 2857 1969 2918 ipse
1987 2854 2312 2905 Tertullianus
2351 2855 2397 2904 in
2435 2856 2675 2905 baeresim
2711 2856 2882 2921 lapsus
2902 2873 2986 2908 eas

1864 2924 1991 2972 baud
2028 2925 2235 2972 obscure
2271 2921 2540 2984 suggillavit
2560 2923 2683 2973 libro
2704 2924 2763 2973 de
2786 2924 2984 2976 Ieiuniis

1866 3006 1973 3055 cap.
2011 2989 2371 3050 ult..(tlersld.)
2922 2997 2931 3004 '

1928 3077 1960 3125 i.
1997 3075 2303 3137 Megarenses
2351 3070 2613 3140 obsonant]
2661 3076 2984 3130 Stratonicen

1861 3143 1974 3192 dicti
2031 3144 2169 3192 istius
2238 3152 2481 3192 auctorem
2540 3144 2653 3192 facit
2701 3146 2983 3200 Plutarchus

1858 3205 1986 3276 περὶ
2021 3205 2414 3277 φιλοπλουτίας
2450 3204 2582 3275 [pag.
2611 3210 2728 3262 525.
2763 3210 2871 3273 al.
2936 3222 2985 3266 et

1861 3279 2092 3338 Rhodios,
2130 3293 2225 3327 non
2247 3278 2564 3340 Megarenses,
2602 3279 2661 3328 ab
2699 3294 2755 3328 eo
2794 3290 2983 3332 notatos

1861 3345 2055 3395 scribit:
2127 3338 2300 3400 „tabe
2351 3339 2457 3410 μὲν
2519 3330 2617 3393 οὖν
2658 3339 2897 3402 Ῥοδίους
2954 3344 2984 3399 ὁ

1861 3407 2231 3480 Στρατόνικος
2277 3405 2617 3462 ἐπέσκωπτεν
2661 3407 2737 3467 εἷς
2770 3412 2985 3469 πολυτέ-

1862 3476 2012 3530 λειαν
2047 3473 2358 3545 οἷκυδομεῖν
2401 3475 2504 3546 μὲν
2554 3474 2627 3533 ὥς
2673 3473 2986 3539 ἀθανάτους

1863 3545 2057 3613 λέγων,
2130 3539 2374 3610 ὀψωνεῖν
2418 3541 2479 3595 δὲ
2533 3542 2605 3601 ὥς
2650 3540 2988 3617 ὄλιγοχρονίρ

1867 3622 2026 3669 ους.“
2094 3617 2148 3667 Β.
2199 3618 2515 3679 Hieronymus
2559 3618 2620 3666 ad
2670 3618 2983 3679 Agerucliian

1865 3686 1924 3735 de
1962 3683 2263 3746 Monogamia
2298 3684 2358 3734 de
2397 3684 2755 3745 Megarensibus
2794 3690 2987 3752 quidem

1837 3749 2127 3816 *consentin
2171 3752 2231 3801 de
2278 3751 2391 3801 dicti
2438 3761 2634 3801 auctore
2680 3760 2823 3805 tacet.
2871 3757 2985 3812 (He-

1864 3821 2009 3877 rald.)
2078 3819 2301 3869 Aelianus
2337 3820 2385 3867 V.
2425 3819 2480 3868 fl.
2518 3820 2619 3881 xn,
2656 3819 2737 3872 29.
2791 3830 2839 3872 et
2874 3824 2987 3874 Dio·

1867 3901 2013 3950 genes
2047 3887 2265 3936 Laertius
2304 3886 2422 3947 vm,
2457 3886 2540 3937 63.
2578 3889 2637 3938 de
2671 3890 2988 3952 Agrigentinis

1868 3958 1961 4005 boc
1995 3955 2175 4005 dictum
2214 3953 2364 4004 luisse
2400 3955 2608 4006 tradunt.
2675 3956 2761 4007 Hic
2795 3961 3021 4022 quidem*

1856 4023 2168 4087 Empedocli,
2204 4021 2287 4072 ille
2325 4022 2509 4074 Platoni
2547 4024 2774 4075 attribuit.

1940 4094 1989 4140 ln·
2021 4092 2112 4141 Tot
2146 4090 2367 4139 tribubus
2403 4100 2451 4140 et
2485 4092 2635 4141 curiis
2683 4100 2731 4143 et
2783 4094 2989 4147 decuriis

1867 4153 2194 4224 ructantibus]
2241 4158 2388 4209 Totas
2435 4159 2562 4208 enim
2611 4160 2782 4222 tribus,
2833 4165 2989 4215 curias

1869 4235 1916 4277 et
1951 4226 2173 4276 decurias
2208 4226 2354 4276 simul
2390 4226 2438 4275 in
2476 4227 2670 4289 publico
2692 4227 2843 4279 luisse
2870 4247 2993 4293 epu-

1820 4316 1829 4328 ·
1871 4294 1992 4344 latas
2040 4294 2417 4344 observabamus
2463 4302 2601 4344 antea
2656 4296 2715 4346 ad
2765 4312 2869 4362 cap.
2904 4299 2987 4351 35.

1866 4362 2105 4424 (Her-ald.)
2174 4362 2247 4412 Cf.
2289 4361 2496 4412 Macrob-
2534 4363 2726 4413 Saturn.
2766 4365 2830 4426 ll,
2862 4367 2913 4418 9.

1934 4431 1969 4479 Ι.
2006 4429 2150 4479 Saliis
2171 4425 2468 4494 coenaturis]
2503 4431 2621 4483 Salii
2642 4438 2774 4485 tanto
2794 4446 2991 4500 sumptu

1869 4498 2141 4561 epulantur,
2178 4503 2230 4547 ut
2265 4498 2312 4547 in
2342 4497 2590 4561 impensas
2607 4501 2860 4562 pecuniam
2885 4518 2990 4555 mu·

1869 4574 1997 4614 tuam
2034 4567 2253 4628 accipere
2291 4566 2497 4615 babeant
2515 4579 2728 4616 necesse.
2754 4570 2996 4633 (Herald.)

1871 4633 1944 4684 ΕΙ.
1980 4634 2206 4698 iuterprr.
2244 4634 2305 4684 ad
2338 4633 2507 4686 floret.
2545 4633 2636 4685 od.
2671 4635 2710 4699 1,
2735 4636 2819 4700 ³7,
2844 4639 2897 4691 2.
2945 4647 2995 4691 at

2546 5201 2591 5254 rt·
