3263 5311
1236 410 1720 457 Aronocartcuu.
2537 402 2667 467 295

310 560 645 623 substantia
687 559 932 640 propria
975 560 1367 624 aeternitatis:
1411 563 1646 643 profani
1691 580 1867 636 vero,
1912 572 1973 625 et
2012 562 2173 645 ”qui
2212 582 2338 627 non
2380 564 2668 647 ⁸‘'integr-e
2732 562 2751 579 ”’
2834 634 2843 643 ,

258 652 264 657 ’
306 661 439 723 ⁸¹ad
485 660 714 735 deum',
756 661 822 722 in
847 661 1094 742 ”poena
1137 680 1326 743 aeque
1366 663 1521 744 iugis
1563 663 1753 743 ignis,
1799 663 2143 728 “habentes
2187 684 2259 728 ex
2296 666 2428 746 ipsa
2457 676 2667 731 natura

305 764 437 827 eius
495 762 809 837 ”divinam
874 762 1102 825 scilicet
1142 763 1811 828 “subministrationem
1854 765 2449 847 incorruptibilitatis.
2536 770 2665 831 No-

301 871 522 928 verunt
563 872 624 925 et
665 862 1006 944 philosophi
1050 865 1448 928 diversitatem
1492 867 1693 929 arcani
1736 874 1798 927 et
1835 866 2055 947 publici
2099 867 2276 947 ignis.
2360 867 2447 929 lta
2487 868 2665 951 longe

306 965 458 1029 alius
501 963 656 1026 “est
696 951 798 1044 qui
843 965 978 1027 usui
1021 965 1314 1040 humano,
1369 966 1521 1029 alius
1581 968 1683 1048 qui
1727 966 1947 1030 iudicio
2003 968 2099 1030 dei
2142 967 2476 1049 ”apparet,
2539 970 2666 1032 sive

310 1067 386 1129 de
430 1065 591 1128 caelo
635 1064 938 1128 “fulmina
980 1067 1313 1149 stringens,
1373 1068 1500 1131 sive
1554 1067 1628 1130 de
1672 1078 1828 1131 terra
1869 1087 1979 1149 per
2020 1068 2329 1131 ”vertices
2372 1071 2662 1135 montium

310 1166 676 1241 ⁹⁰eructans3
720 1184 842 1229 non
888 1167 1045 1229 enim
1073 1168 1114 1201 ⁹¹
1132 1168 1392 1232 absumit
1422 1169 1582 1248 quod
1610 1169 1891 1243 ”exurit‚
1938 1170 2045 1231 sed
2089 1169 2230 1231 dum
2274 1177 2514 1251 erogat,
2558 1189 2660 1233 re-

306 1276 535 1349 μην.
621 1266 844 1329 ”Adeo
885 1278 1129 1331 manent
1168 1278 1408 1332 montes
1453 1288 1693 1351 semper
1734 1270 2045 1345 ardentes,
2112 1280 2173 1333 et
2224 1271 2326 1351 qui
2381 1272 2455 1333 de
2499 1270 2662 1333 caelo

306 1370 600 1449 tangitur,
667 1368 863 1431 salvus
918 1380 1042 1443 est,
1107 1379 1202 1432 ut.
1229 1371 1392 1433 nullo
1446 1372 1566 1434 iam
1607 1371 1784 1453 ⁹⁴igni
1828 1372 2286 1435 decinerescat&
2374 1371 2506 1434 “Et
2546 1372 2664 1434 hoc

307 1471 423 1533 erit
475 1469 884 1533 testimonium
940 1471 1093 1551 ignis
1148 1473 1405 1546 aeterni,
1477 1473 1595 1535 hoc
1657 1474 1990 1554 exe-plum
2044 1473 2199 1552 iugis
2252 1472 2454 1535 iudicii
2508 1490 2661 1553 poe·
2722 1516 2750 1546 .

305 1590 448 1634 nam
491 1570 893 1634 “nutrientis
991 1572 1224 1635 Montes
1281 1582 1534 1636 uruntur
1590 1584 1648 1637 et
1706 1575 1940 1637 durant.
2053 1573 2211 1648 Quid
2263 1582 2548 1637 nocentes
2606 1584 2666 1635 et

305 1673 404 1736 dei
446 1670 704 1735 hostes?
2746 1754 2753 1761 .

482 1773 636 1836 'Hae
677 1783 818 1836 sunt
860 1793 1036 1855 quae,
1064 1775 1126 1835 in
1184 1763 1362 1838 nobis
1420 1775 1566 1839 solis
1620 1777 2176 1857 praesumptiones·
2218 1784 2534 1851 vocantur,
2597 1778 2661 1838 in
2694 1797 2967 1859 cmm.
3028 1771 3044 1789 ⁴

306 1928 389 1978 79.
428 1928 508 1992 qui
547 1944 636 1977 om.
674 1930 773 1978 abc.
878 1926 959 1978 80.
990 1904 1181 1990 'integre
1215 1929 1518 1993 moercar.
1541 1906 1731 1980 γὶηιῖοὸ.
1769 1928 1941 1990 Erfurt.
1984 1918 2131 1981 Oion.
2203 1929 2373 1994 integri
2411 1933 2539 1982 bede.
2575 1931 2662 1981 Pa-

299 1996 432 2046 melii
467 1997 647 2060 atiquo!
680 1997 807 2045 tim-i.
900 1996 982 2046 81.
1019 1997 1147 2061 apud
1182 1997 1326 2046 deum
1363 2013 1403 2047 e.
1500 1994 1582 2047 82.
1617 2012 1827 2061 poenam
1861 1993 1906 2044 λ.
2005 1997 2085 2047 83.
2124 1998 2345 2049 babentia
2374 1999 2661 2051 cci-Havete»

302 2064 387 2114 84.
425 2062 580 2113 diviua
616 2058 887 2127 λῙ-Ηαυοτο.
971 2063 1052 2113 85.
1090 2065 1534 2114 subministratione
1567 2060 1612 2111 λ.
1710 2064 1789 2116 86.
1831 2076 1904 2116 est
1938 2066 2061 2127 ignis
2080 2066 2162 2129 qui
2197 2060 2244 2113 λ.
2334 2066 2414 2116 87.
2452 2072 2590 2130 paret
2609 2067 2660 2117 F.

302 2131 390 2182 88.
425 2131 626 2181 flumina
662 2131 714 2180 E.
749 2132 927 2196 Erfurt.
1029 2130 1114 2181 89.
1150 2133 1375 2182 verticem
1429 2133 1482 2182 F.
1522 2133 1714 2184 Vindob.
1818 2132 1900 2182 9⁰.
1950 2140 2209 2183 eructuans
2242 2129 2288 2180 λ.
2398 2133 2481 2183 91.
2519 2147 2661 2184 assu-

302 2201 396 2250 mit
427 2202 528 2251 ube.
633 2198 716 2249 92.
754 2199 908 2249 esurit
939 2200 990 2249 F.
1035 2201 1225 2251 vindob.
1296 2200 1512 2250 exuritur
1547 2201 1598 2250 G.
1704 2199 1786 2251 93.
1826 2199 1940 2250 ldeo
1974 2201 2028 2250 F.
2132 2199 2217 2251 94.
2252 2202 2363 2262 igne
2392 2202 2449 2255 F.
2470 2196 2660 2255 vindob,

302 2267 392 2317 95.
423 2266 486 2316 Et
519 2283 607 2317 om.
643 2261 690 2312 λ.
741 2300 752 2307 .
813 2266 897 2316 96.
935 2268 1187 2318 nutrientis
1222 2263 1581 2333 (AaepBWbcdes.
1625 2266 1815 2318 vindob.
1901 2268 2167 2318 nutrientes
2199 2266 2448 2331 AssDEGa.
2487 2268 2660 2331 Erfurt.

445 2334 559 2398 Cap.
597 2333 754 2384 xmx.
828 2333 872 2383 1.
910 2335 1010 2386 Hae
1044 2336 1202 2386 ABGd.
1272 2335 1403 2385 Haec
1435 2332 1699 2400 DEFabees.
1736 2336 1907 2399 Erfurt.

382 2478 415 2519 t.
453 2477 500 2519 et
533 2469 611 2533 qui
651 2483 749 2519 uon
798 2471 983 2532 integre
1019 2471 1088 2526 ad
1134 2466 1302 2536 deum]
1357 2470 1429 2519 Cl'.

303 2537 376 2587 De
412 2537 540 2587 Test.
589 2536 786 2585 Animae
840 2552 943 2601 cap.
982 2539 1015 2588 4
1061 2538 1157 2599 „Et
1191 2538 1304 2588 licet
1336 2538 1430 2586 soli

301 2604 442 2657 illum
491 2606 709 2654 noverint
756 2604 1027 2667 Christum,
1075 2605 1147 2654 vel
1196 2620 1430 2671 quaecun-

304 2689 392 2738 que
428 2675 556 2738 apud
591 2674 727 2723 deum
760 2680 913 2735 secta,
955 2681 1002 2723 et
1037 2682 1086 2723 tu
1122 2681 1283 2724 tamen
1320 2687 1428 2722 eum

305 2743 452 2803 nosti,
489 2741 604 2790 dum
639 2740 840 2790 odisti.“

374 2823 423 2857 u.
459 2807 547 2857 sed
580 2807 692 2857 dum
731 2815 915 2869 erogat,
951 2802 1184 2871 reparat]
1223 2808 1269 2856 V.
1308 2819 1432 2870 quae

307 2874 529 2925 adnotavi
576 2875 633 2925 ad
668 2876 916 2939 Scorpiac.
954 2890 1058 2939 cap.
1096 2874 1144 2924 3.
1199 2874 1267 2923 De
1302 2873 1432 2924 verbi

311 2957 503 3006 croyon
549 2942 672 3005 apud
706 2941 1057 2992 Tertuilianum
1118 2957 1207 2991 usu
1245 2942 1308 2991 ci.
1344 2940 1432 2990 ad·

306 3018 413 3060 not.
452 3010 511 3059 ad
546 3010 800 3078 Scorpiac.x
825 3025 930 3074 cap.
968 3009 1016 3059 6.
1361 3008 1376 3018 ”

375 3093 418 3127 r.
455 3085 506 3127 ut
531 3077 664 3127 nullo
691 3078 784 3127 iam
812 3079 910 3139 igni
933 3072 1305 3140 decinerescat]
1343 3075 1430 3125 ni-

297 3147 437 3197 rifice
493 3145 791 3207 exagitarunt
825 3146 946 3195 baec
996 3145 1138 3194 verba
1175 3144 1430 3194 doctorum

299 3213 511 3276 ingenia.
537 3213 635 3264 Sed
653 3213 748 3263 boc
772 3213 887 3263 dicit
903 3213 1248 3273 Tertullianus,
1268 3213 1428 3274 ignem

295 3281 562 3332 caelestem
599 3288 798 3342 tangere
831 3280 1172 3342 solummodo,
1207 3294 1307 3329 non
1342 3278 1430 3327 ab·

295 3363 512 3399 sumere.
582 3348 672 3398 Cui
719 3349 1099 3414 interpretationi
1154 3346 1430 3398 testimonio

296 3417 481 3467 adsunt
512 3415 707 3466 Minucii
741 3416 915 3468 Felicis
948 3417 1118 3475 verba,
1168 3416 1248 3480 qni
1286 3415 1429 3464 etiam

296 3485 396 3543 liic,
423 3492 477 3534 ut
501 3483 668 3533 multis
692 3484 743 3533 in
767 3484 875 3533 aliis
903 3485 1040 3545 locis,
1077 3482 1429 3534 Tertullianum

298 3552 517 3603 imitatus
566 3558 617 3600 et
658 3552 879 3616 pressius
925 3559 1121 3603 secutus
1168 3557 1260 3601 est.
1332 3549 1428 3599 late

298 3619 499 3671 Octavio
545 3633 637 3668 suo
673 3634 778 3685 cap.
815 3618 883 3669 34
929 3620 1098 3681 „Sicut
1151 3620 1287 3680 ignes
1332 3616 1427 3667 ful·

297 3688 516 3746 minum,
553 3687 643 3746 ait,
679 3701 885 3751 corpora
920 3694 1122 3750 tangunt
1156 3701 1247 3736 nec
1280 3684 1429 3734 absu-

297 3763 460 3814 munt,
493 3755 622 3804 sieut
655 3755 791 3816 ignes
823 3756 1018 3805 Aetnaei
1056 3755 1234 3803 montis
1270 3760 1317 3803 et
1339 3752 1430 3802 Ve-

299 3823 424 3873 suvii
459 3822 639 3872 montis
675 3829 725 3871 et
757 3823 1026 3872 ardentium
1059 3823 1237 3887 ubique
1273 3828 1429 3870 terra·

297 3905 410 3940 rum
447 3890 652 3952 flagrant
685 3903 777 3940 nec
811 3898 1087 3953 erogantur,
1126 3890 1187 3939 ita
1225 3887 1431 3953 poenale

299 3958 424 4008 illud
462 3956 736 4008 incendium
786 3972 882 4007 non
919 3958 1108 4008 damnis
1162 3956 1430 4007 ardentium

297 4028 547 4092 pascitur,
598 4025 684 4075 sed
721 4025 912 4076 inexesa
948 4039 1206 4090 corporum
1244 4024 1430 4074 lacera·

300 4096 435 4145 tione
472 4090 735 4144 nutritur.“

371 4160 667 4226 Cap-XLlX.
701 4176 744 4210 a.
783 4155 1232 4226 praesumptiones]
1270 4160 1426 4210 Gene-

298 4229 472 4280 raliter
507 4229 569 4279 de
590 4235 689 4278 tota
707 4229 886 4293 pietate
903 4228 1172 4278 Christiana
1211 4228 1274 4278 ita
1309 4240 1426 4276 sen-

299 4298 504 4359 tiebant,
541 4304 594 4348 ut
627 4309 734 4346 eam
759 4297 1087 4346 existimarent
1109 4309 1291 4345 meram
1318 4306 1427 4343 esse

295 4366 769 4430 praesumptionem,
796 4378 971 4426 nempe
1001 4378 1122 4428 quae
1147 4363 1295 4415 nullis
1319 4375 1427 4412 cer-

300 4433 363 4483 tis
398 4429 672 4485 rationibus
708 4440 791 4483 aut
823 4431 1317 4482 demonstrationibus
1351 4428 1429 4478 ni-

300 4509 500 4564 teretur,
535 4500 626 4552 sed
663 4498 772 4550 sola
798 4499 1025 4563 opinione
1060 4508 1111 4549 et
1143 4499 1281 4563 quasi
1306 4499 1429 4547 ima-

300 4569 572 4632 ginatione:
639 4567 889 4632 quomodo
943 4566 1118 4630 Moysis
1182 4566 1431 4643 ipsiusque

299 4638 418 4690 adeo
457 4638 641 4692 Christi
681 4635 950 4686 doctrinam
988 4627 1276 4702 διατριβὴν
1308 4645 1431 4687 ανη-

1531 2462 1823 2518 πόδεικτον
1847 2470 1992 2533 impie
2013 2469 2289 2534 appellabat
2313 2469 2540 2522 Galenus.
2564 2470 2658 2518 An-

1532 2538 1663 2601 tiqua
1703 2537 2038 2600 Martyrologia
2075 2537 2123 2586 in
2172 2551 2326 2600 agone
2362 2536 2575 2591 Montani
2612 2545 2658 2585 et

1531 2606 1808 2655 sociorum:
1845 2604 1951 2666 „Ibi
1988 2604 2304 2670 condiscipuli
2343 2605 2445 2654 eins
2478 2605 2656 2654 suade·-

1533 2672 1677 2734 bant,
1726 2682 1776 2722 ut
1808 2675 2178 2737 praesumptione
2213 2674 2432 2737 deposita
2471 2673 2659 2723 sacriti-

1533 2747 1667 2790 caret
1702 2740 1995 2790 interdum.“
2046 2740 2113 2788 De
2142 2741 2229 2789 bac
2260 2742 2656 2804 praesumptione

1533 2808 1824 2871 loquebatur
1860 2808 2079 2872 impurus
2122 2807 2351 2871 Apuleius
2388 2807 2541 2860 Miles.
2578 2807 2654 2858 tx.

1532 2869 1665 2939 [cap.
1706 2870 1838 2939 15.]:
1894 2875 2065 2934 „Tunc
2100 2876 2279 2937 spretis
2315 2881 2458 2937 atque
2494 2874 2654 2924 calca-

1533 2944 1594 2991 tis
1629 2941 1801 2990 divinis
1822 2941 2103 2990 numinibus
2128 2941 2174 2991 in
2205 2942 2351 2991 vicem
2379 2949 2536 2993 certae
2572 2956 2653 2992 re-

1533 3009 1727 3070 ligionis
1776 3010 1973 3058 mentita
2016 3009 2249 3070 sacrilega
2281 3012 2655 3073 praesumptione

1531 3077 1629 3135 dei,
1666 3090 1807 3139 quem
1844 3076 2149 3140 praedicaret
2186 3077 2401 3136 unicum,
2439 3077 2656 3126 confictis

1533 3144 1948 3193 observationibus
1974 3144 2133 3196 vacuis
2163 3143 2338 3194 fallens
2357 3158 2528 3193 omues
2565 3143 2655 3192 bo-

1533 3212 1690 3261 mines
1710 3218 1757 3259 et
1779 3211 2007 3260 miserum
2034 3213 2258 3261 maritum
2284 3211 2531 3276 decipiens
2551 3225 2654 3260 ma·

1532 3280 1686 3329 tutino
1726 3293 1857 3328 mero
1904 3289 1951 3328 et
1987 3279 2215 3329 continuo
2260 3287 2431 3344 stupro
2478 3291 2657 3342 corpus

1533 3346 1884 3410 manciparat.“
1923 3346 2023 3395 Etsi
2059 3354 2216 3396 autem
2253 3354 2401 3397 totam
2421 3347 2657 3398 Christia-

1532 3429 1643 3464 nam
1659 3413 1939 3476 religionem
1955 3414 2051 3464 boc
2068 3415 2262 3464 nomine
2281 3415 2529 3476 notabant,
2549 3427 2655 3464 eam

1530 3490 1691 3533 tamen
1721 3482 1782 3532 de
1806 3483 2163 3532 resurrectione
2191 3483 2475 3542 sententiae,
2511 3495 2655 3547 quam

1530 3549 1868 3602 existimabant
1886 3547 2101 3599 omnium
2128 3550 2546 3608 absurdissimam,
2566 3563 2655 3614 pe-

1530 3619 1778 3669 culiariter
1796 3619 1932 3680 quasi
1968 3618 2294 3680 assignabant.
2331 3615 2657 3668 Tertullianus

1530 3686 1591 3736 de
1604 3686 1737 3736 Test.
1751 3685 1947 3735 Animae
1975 3700 2080 3749 cap.
2095 3684 2127 3734 4
2146 3686 2249 3746 „Ea
2271 3685 2436 3748 opinio
2450 3683 2657 3742 Christi-

1529 3767 1640 3814 ana,
1655 3753 1744 3803 etsi
1760 3754 2010 3803 honestior
2023 3752 2175 3803 multo
2190 3751 2518 3815 Pythagorica,
2533 3764 2657 3813 quae

1531 3829 1579 3871 tc
1615 3835 1714 3872 nou
1752 3822 1800 3869 in
1835 3821 2016 3870 bestias
2051 3820 2299 3878 transfert,
2340 3817 2428 3867 etsi
2465 3817 2658 3880 plenior

1533 3887 1779 3938 Platonica
1815 3911 1880 3922 —
1917 3911 2017 3946 —‚
2055 3896 2213 3936 tamen
2263 3891 2466 3950 propter
2513 3897 2655 3936 suum

1533 3968 1713 4006 nomen
1746 3953 1839 4003 soli
1871 3954 2060 4003 vanitati
2097 3961 2145 4003 et
2178 3953 2367 4016 stupori
2403 3958 2468 4011 et,
2502 3958 2557 4002 ut
2580 3949 2657 4002 di-

1534 4024 1675 4084 citur,
1701 4023 2064 4086 praesumptioni
2088 4019 2396 4084 deputatur.“
2445 4019 2656 4069 lterum:

1528 4090 1662 4153 „Sed
1700 4090 1901 4138 forsitan
1951 4088 2013 4139 de
2047 4104 2196 4140 sensu
2246 4094 2359 4153 post
2403 4100 2659 4138 excessum

1527 4161 1598 4210 tui
1644 4158 1821 4208 certior
1867 4171 1950 4216 es,
2004 4170 2149 4221 quam
2191 4156 2252 4206 de
2300 4154 2659 4206 resurrectione

1529 4225 1842 4291 quandoque,
1876 4224 2013 4274 cuius
2038 4239 2128 4274 nos
2161 4229 2532 4289 praesumptores
2567 4221 2655 4271 de-

1564 4291 1809 4344 utamur.“
1879 4292 2190 4357 &assumptio
2244 4292 2390 4354 igitur
2436 4288 2657 4354 appella-

1562 4369 1672 4412 atur
1707 4360 1872 4424 opinio
1909 4361 2029 4420 ista,
2075 4358 2214 4424 quasi
2260 4358 2368 4409 sola
2402 4358 2653 4408 hominum

1532 4421 1823 4493 φαντασίᾳ
1876 4435 2187 4488 censeretur3
2249 4440 2344 4489 qua
2395 4423 2456 4473 de
2511 4436 2655 4472 causa

1520 4498 1677 4546 ⁴etium
1715 4494 1978 4544 orthodoxi
2015 4495 2182 4547 Patres
2219 4493 2449 4543 haereses
2483 4487 2656 4553 appel·

1534 4563 1700 4612 labant
1769 4563 2169 4627 raesumptiones.
2231 4557 2558 4609 Tertullianus
2594 4553 2657 4604 de

1532 4631 1700 4681 Anima
1734 4577 1983 4696 few-NJ:
2019 4629 2124 4690 „De
2159 4625 2268 4678 solo
2298 4638 2442 4675 censu
2468 4622 2656 4674 animae
