3263 5311
1101 481 1177 526 nr.
1221 473 1592 525 nouosuu.
2404 471 2529 534 765

184 644 400 708 autem,
445 632 671 713 inquit,
717 641 778 694 et
821 649 936 712 ego
979 631 1252 713 spiritum
1297 629 1393 693 dei
1436 630 1665 708 habeo,
1709 641 1778 695 ut
1821 633 1874 694 si
1918 632 2060 714 quid
2089 633 2418 697 indulserat
2456 656 2527 697 ex

178 734 556 807 necessitate,
601 733 661 795 id
708 733 962 814 spiritus
1005 734 1194 796 sancti
1239 734 1585 797 auctoritate
1628 743 1955 797 revocaret.
2022 733 2140 796 Sed
2183 735 2305 797 ²'et
2345 736 2526 798 loan-

179 856 286 899 nes
335 854 592 899 monens
650 834 742 897 sic
792 852 910 896 nos
967 834 1246 897 incedere
1304 835 1524 898 debere
1580 835 2079 916 quemadmodum
2124 843 2184 897 et
2226 837 2525 909 dominuS,

177 938 374 1018 utique
415 937 591 999 etiam
638 935 964 998 secundum
1010 937 1379 999 sanctitatem
1424 937 1619 998 carnis
1666 937 1975 998 admonuit
2000 937 2297 999 incedere.
2359 937 2524 998 Adeo

176 1038 632 1111 ”manifestius,
696 1036 775 1098 Et
830 1038 1059 1112 omnis,
1118 1037 1342 1118 inquit,
1407 1035 1566 1117 ”qui
1624 1055 1795 1118 spem
1852 1038 2027 1099 istam
2072 1038 2135 1100 in
2178 1036 2278 1098 illo
2322 1037 2810 1112 babet‚110h.m‚s.

178 1139 454 1201 castificat
495 1155 592 1212 se,
638 1137 794 1200 sicut
836 1147 898 1199 et
937 1137 1068 1217 ipse
1114 1146 1313 1199 castus
1359 1145 1474 1199 est.
1546 1137 1694 1199 Nam
1741 1147 1800 1200 et
1842 1138 2010 1202 alibi:
2054 1138 2275 1200 Estote
2311 1140 2522 1215 sancti,
2554 1154 2793 1207 uolutus.

179 1240 333 1302 sicut
371 1246 433 1301 et
471 1239 572 1300 ille
613 1246 854 1300 sanctus
896 1239 1042 1314 fuit,
1090 1240 1320 1301 scilicet
1362 1257 1558 1302 carne.
1614 1240 1703 1301 De
1746 1240 1960 1321 spiritu
1992 1240 2149 1301 enim
2178 1258 2300 1301 non
2333 1240 2522 1302 dixis-

179 1348 304 1415 set,
345 1340 479 1420 quia
523 1338 772 1418 spiritus
814 1340 974 1402 ultro
1021 1349 1258 1403 sanctus
1289 1339 1631 1419 agnoscitur
1660 1359 1774 1403 nec
1799 1341 1843 1373 ²⁴
1857 1348 2157 1422 exspectat
2195 1342 2523 1403 sanctitatis

177 1440 672 1514 admonitionem,
718 1458 869 1519 quae
912 1441 1155 1522 propria
1201 1450 1407 1502 natura
1453 1450 1545 1503 est
1587 1440 1741 1504 eius.
1811 1441 1962 1503 Caro
1993 1448 2187 1502 autem
2218 1441 2529 1503 ²‘’docetur

177 1542 569 1611 sanctitatem,
638 1560 790 1621 quae
833 1541 996 1604 etin
1043 1541 1280 1603 Christo
1325 1542 1437 1604 suit
1480 1550 1704 1604 sancta.
1803 1542 1989 1620 Igitur
2045 1542 2097 1603 si
2155 1543 2354 1604 omnia
2411 1542 2525 1603 ista

178 1643 488 1705 obliterant
527 1641 879 1704 ”licentiam
924 1642 1216 1716 nubendi,
1279 1651 1338 1704 et
1391 1643 1740 1704 condicione
1795 1642 2065 1704 licentiae
2120 1643 2423 1723 inspecta⁰
2467 1651 2528 1704 et

177 1743 536 1825 praelatione
581 1742 978 1806 continentiae
1022 1744 1330 1823 imposita,
1398 1762 1505 1805 cur
1546 1763 1668 1805 non
1712 1743 1974 1825 potuerit
2026 1753 2171 1824 post
2213 1743 2526 1824 apostolos

179 1846 336 1908 idem
379 1843 626 1924 spiritus
671 1845 1097 1925 superveniens
1155 1845 1227 1905 ad
1274 1845 1676 1907 deducendam
1733 1843 2103 1924 disciplinam
2170 1845 2232 1905 in
2290 1862 2531 1906 omnem
2555 1862 2647 1906 1011.
2670 1863 2846 1917 xv1‚1s.

179 1947 481 2008 veritatem
527 1963 636 2025 per
678 1945 896 2025 gradus
941 1953 1273 2026 temporum
1297 1945 1661 2020 (secundum
1693 1946 1850 2027 quod
1875 1944 2302 2019 Ecclesiastes,
2349 1945 2533 2006 Tem-
2552 1963 2843 2017 sectum-t.

175 2067 292 2129 pus
357 2046 518 2109 omni
573 2047 696 2118 rei,
769 2045 1041 2125 ”inquio
1108 2065 1445 2127 supremam
1501 2047 1618 2108 iam
1678 2048 1836 2108 carni
1900 2045 2139 2107 fibulam
2198 2046 2530 2126 imponere,

174 2151 294 2211 iam
332 2166 454 2210 non
499 2146 739 2226 oblique
782 2165 815 2207 a
856 2146 1080 2227 nuptiis
1122 2165 1411 2222 avocam,
1472 2147 1578 2208 sed
1638 2155 1874 2221 exerte,
1938 2166 2071 2208 cum
2127 2147 2315 2226 magis
2361 2165 2836 2217 nunctcorxnas.

173 2259 409 2330 tempus
453 2250 516 2310 in
560 2246 807 2309 collecto
850 2248 1068 2309 factum
1112 2248 1222 2322 sit,
1270 2248 1440 2310 annis
1488 2247 1722 2309 circiter
1765 2243 1875 2309 ccx
1919 2248 2129 2309 exinde
2169 2247 2525 2325 productis?
2906 2238 2916 2248 ’

172 2350 386 2412 Nonne
429 2350 562 2427 ipse
605 2347 759 2429 apud
805 2357 863 2410 te
905 2348 1346 2410 ”retractaresz
1391 2349 1573 2411 Vetus
1604 2349 1753 2410 haec
1780 2347 2089 2427 disciplina
2119 2347 2298 2421 mest,
2345 2366 2525 2426 prae-

173 2458 505 2514 monstrata
545 2448 663 2510 iam
705 2456 849 2512 tunc
889 2449 952 2510 in
995 2467 1172 2511 carne
1217 2449 1439 2510 domini
1485 2457 1545 2511 et
1587 2449 1977 2522 ”voluutatffi
2025 2448 2240 2510 dehinc
2281 2447 2343 2509 in
2373 2466 2525 2528 apo-

175 2552 468 2614 stolorum
513 2551 641 2612 eius
687 2557 803 2611 tam
851 2551 1117 2613 consiliis
1176 2569 1351 2630 quam
1409 2549 1743 2631 exemplis?
1831 2550 1987 2612 Olim
2044 2549 2335 2612 sanctitati
2390 2550 2532 2613 huic

177 2651 639 2715 destinabamur.
745 2650 902 2713 Nihil
957 2651 1096 2713 novi
1150 2652 1483 2732 paracletus
1543 2652 1784 2714 inducit.
1899 2652 2074 2727 Quod
2132 2651 2526 2733 praemonuit,

173 2755 413 2815 definit:
459 2752 618 2833 quod
665 2752 1008 2828 sustinuit⁸,
1066 2754 1354 2833 exposcit.
1395 2737 1422 2746 “
1455 2755 1531 2816 Et
1584 2773 1745 2816 nunc
1797 2755 2132 2834 recogitans
2190 2755 2301 2815 ista
2358 2753 2527 2814 Facile

171 2856 285 2918 tibi
325 2853 718 2935 persuadebis
761 2855 948 2915 multo
993 2854 1183 2932 magis
1227 2854 1491 2916 ¹³¹unicas
1548 2855 1782 2935 nuptias
1827 2855 2187 2935 competisse
2229 2854 2527 2934 paracleto

171 2957 548 3037 praedicare,
609 2955 709 3034 qui
752 2956 949 3036 potuit
990 2962 1051 3017 et
1092 2954 1315 3029 nullas,
1383 2955 1687 3034 magisque
1743 2956 2103 3017 credendum
2159 2964 2529 3033 temperasse

170 3057 344 3121 illum
375 3056 534 3137 quod
562 3064 623 3117 et
651 3056 972 3119 abstulisse
1000 3055 1392 3130 ³²decuisset,
1441 3055 1493 3116 si
1539 3074 1688 3135 quae
1719 3056 1856 3118 velit
1886 3054 2156 3118 Christus
2202 3055 2531 3133 intellegas.

165 3160 248 3221 ln
292 3158 408 3218 hoc
451 3175 686 3238 quoque
727 3157 1086 3236 paracletum
1118 3174 1442 3235 agnoscere
1484 3155 1669 3218 debes
1701 3158 2098 3230 advocatum‘,
2144 3156 2303 3236 quod
2336 3148 2374 3217 a
2406 3164 2529 3217 tota
2622 3203 2630 3209 .

167 3258 542 3322 continentia
584 3257 986 3319 infirmitatem
1030 3267 1187 3319 tuam
1234 3266 1474 3319 excusat
1487 3255 1524 3318 f.

349 3359 603 3420 Secedat
664 3377 826 3420 nunc
888 3358 1111 3427 mentio
1172 3357 1486 3439 paracleti,
1559 3366 1627 3417 ut
1682 3358 1871 3419 nostri
1940 3357 2188 3420 alicuius
2245 3359 2527 3420 auctoris.
2568 3386 2679 3445 ρῳ,
2702 3388 2775 3432 1v,

165 3459 528 3524 Evolvamus
573 3458 909 3520 communia
950 3459 1346 3520 instrumenta
1405 3459 1866 3539 scripturarum·
1921 3459 2329 3538 pristinarum.
2403 3460 2533 3521 Hoc

163 3563 372 3641 ipsum
420 3560 861 3622 demonstratur
903 3578 936 3621 a
978 3559 1187 3634 nobiS‚
1254 3578 1449 3640 neque
1503 3578 1718 3622 novam
1772 3578 1968 3641 neque
2013 3568 2346 3623 extraneam
2392 3580 2531 3623 esse

162 3746 259 3798 21.
298 3753 346 3796 et
381 3760 470 3797 om.
495 3745 648 3796 Asea.
754 3745 833 3795 22.
875 3746 1176 3796 manifestius
1214 3753 1261 3795 et
1293 3747 1368 3805 (ut
1400 3748 1509 3806 AB.)
1542 3747 1698 3797 asoa.
1768 3748 2061 3801 manifeste.
2086 3748 2145 3797 Et
2176 3747 2361 3810 reliqui.
2446 3746 2530 3795 23.

162 3828 304 3879 qnae
338 3827 476 3878 spem
513 3813 654 3862 istam
693 3814 740 3861 in
778 3813 915 3863 nullo
948 3814 1035 3864 AB.
1141 3813 1223 3865 24.
1259 3823 1446 3892 spec-tat
1479 3816 1631 3864 ABCo.
1744 3813 1824 3863 25.
1862 3814 2064 3863 docetur
2097 3816 2230 3863 abed.
2269 3815 2535 3863 Gortiensis

161 3884 314 3933 tiber.
384 3882 524 3931 docet
557 3880 706 3930 ABG.
761 3880 843 3931 26.
884 3880 1073 3931 licentia
1115 3880 1160 3931 G.
1252 3881 1334 3931 27.
1371 3882 1525 3945 inquit
1559 3889 1941 3945 superterram,
1980 3882 2071 3929 iam
2107 3881 2259 3930 Asea.
2332 3878 2411 3929 28.
2451 3895 2530 3928 r-e

161 3955 384 3999 tractare
419 3955 587 3997 suetus
620 3948 744 4000 Aac.
813 3956 1081 3998 retractans
1117 3956 1250 3998 vetus
1285 3950 1415 3999 fulv.
1456 3949 1663 3997 Ursinus.
1768 3946 1850 3997 29.
1887 3948 1949 3996 sit
1982 3947 2136 3997 Aaou.
2243 3944 2323 3996 30.
2364 3948 2409 3996 in
2447 3962 2533 3995 vo-

158 4017 361 4066 luntate
395 4016 518 4066 Aee.
625 4013 704 4064 31.
744 4016 909 4065 unicas
947 4017 1138 4080 nuptias
1175 4016 1470 4079 competisse
1505 4016 1576 4065 cd.
1616 4017 1736 4064 tiber
1774 4015 2028 4065 Clementis.
2114 4015 2281 4063 unicas
2331 4028 2530 4078 compe—

157 4084 293 4133 tisse
327 4084 519 4148 reliqui.
625 4081 706 4133 32.
742 4083 989 4133 docuisset
1021 4083 1144 4134 ABG.
1219 4084 1463 4133 decuisset
1497 4084 1683 4147 reliqui,
1724 4088 1766 4131 et
1804 4083 2083 4132 Gortiensis.

239 4234 284 4265 c.
326 4214 567 4280 inspecta]
607 4217 826 4296 inspecta
865 4226 912 4267 et
929 4219 1300 4282 pet-ponderata.
1476 4232 1518 4266 e.
1555 4212 1861 4283 advocatum]
1921 4217 1994 4266 Cf.
2033 4216 2220 4279 Rigaltii
2272 4217 2434 4266 adnot.
2473 4218 2533 4267 sd

219 4268 296 4333 ’.ἀ
335 4285 466 4349 quod
500 4285 727 4339 sustinuit
790 4285 841 4335 ld
880 4292 953 4334 est
989 4286 1116 4362 quod
1145 4285 1302 4335 distu-
1405 4285 1475 4334 De
1511 4285 1742 4335 Patientia
1782 4300 1887 4347 cap.
1911 4284 1990 4334 11.

150 4353 242 4404 tit.
296 4349 384 4400 Sic
418 4353 702 4416 saepissime
773 4368 831 4403 or
858 4351 1001 4402 verbo
1023 4353 1169 4402 utitur
1184 4353 1303 4402 Ter·
1475 4352 1510 4401 1.
1550 4352 1677 4416 quod
1720 4368 1743 4401 a
1776 4360 1873 4402 tota
1897 4352 2533 4402 continentiainllrmitstem

149 4418 433 4471 tullianus.
495 4419 566 4469 Cf.
604 4420 671 4470 Ad
707 4420 831 4470 Natt.
871 4420 908 4481 l,
928 4420 1010 4481 7,
1016 4418 1177 4480 ,linem
1215 4434 1303 4469 oro
1405 4427 1535 4469 tuam
1593 4416 1829 4484 excusat]
1887 4419 2025 4478 Quod
2081 4419 2371 4468 infirmitatis
2423 4426 2537 4467 tuse

147 4501 271 4545 vos,
327 4486 608 4537 denuntiata
645 4487 705 4537 ab
743 4487 852 4537 aliis
898 4486 1137 4537 sustinent
1184 4502 1302 4551 pro·
1405 4495 1630 4550 respectu
1671 4501 1767 4536 uon
1804 4488 1850 4537 in
1886 4494 2040 4537 totum
2078 4494 2125 4535 te
2158 4487 2258 4537 vult
2278 4486 2532 4536 coutinen

147 4549 300 4604 di?“
378 4554 454 4605 Cf.
492 4554 636 4605 etiam
674 4556 835 4606 adnot.
890 4554 948 4605 ad
984 4554 1054 4604 De
1088 4555 1216 4617 Fuga
1252 4555 1301 4604 in
1371 4560 1504 4603 .tem
1544 4568 1670 4603 esse.

141 4623 426 4673 Persecut.
469 4637 575 4688 cap.
598 4622 677 4672 11.
1481 4620 1598 4684 Cap.
1640 4621 1711 4670 tv.
1795 4635 1838 4669 a.
1890 4621 2207 4672 instrumenta
2265 4620 2541 4683 scriptura-

1408 4682 1541 4753 rum]
1578 4687 1654 4739 Cl'.
1692 4687 1852 4738 adnot.
1890 4689 1949 4739 ad
1988 4687 2186 4752 Apolog.
2227 4701 2330 4751 cap.
2354 4686 2432 4737 18.
