3263 5311
1124 425 1200 468 ns
1243 424 1558 470 musmo.
2384 409 2514 476 623

162 573 395 657 ‘'ipsis,
454 572 575 636 nisi
630 592 705 637 ex
761 592 831 638 ea
884 581 1053 655 parte
1106 593 1222 655 qua
1274 591 1460 655 genus
1512 573 1753 654 quidem
1794 591 2013 649 nuum,
2082 575 2318 657 species
2361 595 2509 639 vero

166 675 530 758 complures.
639 675 819 749 Quod,
867 684 1068 740 autem
1120 676 1323 757 generi
1375 675 1738 739 adu-ihutum
1793 684 1916 750 est,
1982 673 2161 739 etiam
2201 678 2265 739 in
2307 678 2510 759 specie

166 778 479 844 redundat.
563 775 823 857 Ideoque
865 776 1026 840 nulla
1066 776 1368 839 distinctio
1415 784 1539 852 est,
1599 777 1751 840 mari
1794 776 1926 857 quis
1969 795 2045 838 an
2088 763 2331 858 stagno,
2390 780 2507 842 llu-

165 879 330 942 mine
372 896 448 940 an
488 878 685 950 fonte,
747 878 881 942 lacu
921 897 997 940 an
1039 878 1203 942 alveo
1248 877 1534 952 diluatur,
1598 895 1713 941 nec
1763 878 2074 958 quicquam
2128 880 2313 941 rel'ert
2351 880 2511 944 inter

167 1000 281 1045 eos
325 999 479 1062 quos
506 980 763 1044 Ioannes
805 978 905 1042 ⁸in
947 979 1200 1042 Iordane
1243 987 1304 1043 et
1345 997 1499 1061 quos
1523 979 1738 1042 Petrus
1780 979 1844 1042 in
1875 979 2076 1042 Tiberi
2123 981 2314 1043 tinxit.
2378 981 2510 1044 Nisi

164 1092 231 1146 et
274 1082 374 1145 ille
416 1080 638 1162 spado,
702 1099 879 1162 quem
918 1080 1226 1162 Philippus
1269 1080 1426 1143 inter
1465 1081 1591 1146 rias
1635 1081 1878 1144 fortuita
1919 1101 2071 1162 aqua
2113 1081 2316 1158 tinxit,
2372 1082 2509 1164 plus

166 1184 381 1247 salutis
423 1192 526 1245 aut
564 1182 763 1245 minus
806 1183 1028 1248 retulit.
1124 1181 1312 1263 Igitur
1364 1176 1588 1246 omnes'
1618 1201 1806 1263 aquae
1846 1183 1921 1245 de
1964 1182 2218 1263 pristina
2260 1183 2509 1265 originis

167 1284 577 1368 praerogativa
651 1285 1083 1346 sacramentum
1160 1283 1640 1348 sanctificationis
1719 1293 2163 1363 consequuntur
2235 1285 2516 1348 invocato

166 1387 322 1450 ⁹deo
335 1388 384 1448 ¹³.
450 1385 803 1466 Supervenit
842 1383 1003 1448 enim
1043 1384 1245 1448 statim
1284 1385 1531 1466 spiritus
1575 1384 1651 1447 de
1693 1385 1872 1468 caelis
1917 1394 1978 1448 et
2019 1386 2187 1467 aquis
2233 1395 2512 1467 superest

167 1486 544 1552 sanctificans
587 1506 689 1550 eas
733 1486 808 1548 de
851 1485 1210 1568 semetipso,
1275 1496 1337 1549 et
1375 1487 1456 1549 ita
1498 1487 1891 1550 sanctificatae
1936 1486 2052 1550 vim
2107 1487 2510 1552 sanctificandi

173 1588 593 1652 ¹‘’combibunt.
681 1588 1047 1669 Quamquam
1090 1588 1166 1650 ad
1209 1588 1535 1669 simplicem
1579 1595 1777 1651 actum
1819 1597 2116 1669 competat
2160 1588 2510 1666 similitudo,

173 1699 269 1764 ut,
314 1690 596 1771 quoniam
637 1689 763 1753 vice
791 1689 1061 1752 sordium
1091 1688 1319 1751 delictis
1349 1689 1757 1770 inquinamur,
1802 1690 1969 1771 aquis
2002 1689 2327 1753 abluamur.
2387 1690 2508 1753 Sed

173 1792 383 1858 delicta
424 1791 579 1854 sicut
617 1810 743 1853 non
783 1790 845 1852 in
887 1809 1065 1854 carne
1106 1802 1480 1871 comparent,
1526 1790 1662 1871 quia
1707 1810 1882 1855 nemo
1926 1810 2109 1872 super
2137 1799 2332 1854 cutem
2358 1810 2510 1871 por-

171 1901 256 1955 tat
296 1893 585 1956 maculam
628 1891 993 1954 idololatriae
1046 1900 1147 1956 aut
1196 1893 1391 1973 stupri
1432 1901 1533 1955 aut
1574 1892 1855 1962 &audian
1922 1894 2005 1955 ita
2059 1892 2512 1955 eiusmodi⁴¹1n
2451 1893 2464 1905 ‘

173 1995 390 2075 spiritu
432 1994 711 2068 sordent,
778 1993 879 2074 qui
921 2002 1019 2058 est
1059 2002 1264 2057 auctor
1307 1993 1523 2058 delicti.
1622 1993 1879 2096 Spiritus
1936 1987 2094 2056 enim
2152 1993 2510 2068 dominatur,

174 2114 312 2158 caro
377 2096 706 2159 famulatur.
815 2095 1038 2157 Tamen
1093 2103 1409 2178 utrumque
1464 2095 1619 2157 inter
1675 2115 1742 2157 se
1767 2073 2219 2159 Ἠοοιιιιιιιιιιὶοαιιι
2259 2104 2509 2172 reatum,

173 2196 422 2278 spiritus
467 2197 546 2258 ob
587 2197 932 2277 imperium,
977 2215 1114 2259 caro
1160 2195 1238 2259 ob
1281 2194 1695 2259 ministerium.
1782 2196 1966 2276 Igitur
2007 2196 2312 2259 medicatis
2354 2217 2514 2278 quo-

171 2298 492 2372 dammodo
534 2299 704 2379 aquis
746 2316 856 2379 per
898 2297 1087 2377 angeli
1131 2297 1553 2372 interventum,
1600 2306 1662 2359 et
1702 2283 1948 2378 spiritus
1989 2298 2053 2359 in
2082 2298 2250 2379 aquis
2288 2318 2508 2380 corpo·

171 2401 375 2462 raliter
418 2399 661 2463 diluitur
702 2408 764 2462 et
803 2417 940 2460 caro
984 2399 1048 2461 in
1090 2399 1318 2462 eisdem
1361 2399 1705 2479 spiritaliter
1744 2399 2081 2462 mundatur.

346 2501 469 2564 Sed
523 2501 682 2563 enim
736 2500 1007 2563 nationes
1069 2509 1379 2564 extraneae
1435 2500 1509 2563 ab
1567 2501 1730 2562 omni
1795 2500 2093 2564 intellectu
2160 2502 2510 2582 spiritalium
2545 2520 2731 2577 caps.

172 2604 573 2685 'potestatum
617 2601 825 2665 eadem
867 2601 1124 2666 efficacia
1165 2602 1342 2666 idolis
1385 2603 1511 2667 suis
1554 2601 2106 2667 ’subministrant·.
2173 2605 2289 2667 Sed
2319 2606 2511 2681 viduis

170 2705 387 2787 aquisb
419 2704 535 2767 sibi
564 2704 948 2766 mentiuntur.
1004 2705 1151 2767 Nam
1196 2714 1257 2768 et
1299 2705 1485 2767 sacris
1528 2704 1882 2785 quibusdam
1921 2723 2032 2786 per
2073 2705 2362 2768 lavacrum
2393 2707 2511 2767 iui-

168 2806 427 2881 tiantur,
483 2805 662 2868 Isidis
712 2805 957 2868 alicuius
1016 2814 1118 2868 aut
1151 2805 1465 2881 Mithrae·;
1530 2806 1700 2885 ipsos
1746 2806 1922 2867 etiam
1966 2806 2114 2867 deos
2160 2825 2307 2869 suos
2348 2806 2511 2869 lava—

166 2898 441 2969 ‘tionibus
487 2906 801 2970 efferunt⁴¹.
889 2907 1162 2970 Ceterum
1204 2906 1401 2981 villas,
1446 2907 1693 2981 domos,
1759 2906 1976 2986 templa
2018 2915 2291 2987 totasque
2332 2908 2513 2971 urbes

170 3096 223 3145 7.
262 3096 384 3160 ipsis
419 3095 531 3145 Bab.
600 3095 693 3160 ipsi
727 3095 780 3145 B.
894 3094 943 3146 8.
979 3096 1105 3145 iuter
1140 3094 1393 3145 Iordanem
1428 3097 1481 3146 A.
1594 3093 1645 3144 9.
1680 3093 1771 3143 deo
1805 3096 1990 3152 uncinis
2028 3095 2258 3146 inclusum
2292 3097 2428 3146 habet
2460 3097 2513 3147 A,

172 3162 257 3214 10.
296 3163 594 3223 combibunt,
630 3165 729 3214 vice
765 3163 983 3213 sordium
1019 3177 1110 3227 aqu
1191 3163 1463 3211 abluantur.
1512 3163 1794 3226 Quanquam
1829 3164 1879 3211 A.
1949 3162 2079 3212 Hanc
2113 3164 2386 3228 scripturam
2421 3165 2514 3214 sibi

168 3233 475 3283 adnotaverat
509 3233 648 3281 etiam
679 3232 809 3285 Futv.
848 3232 1058 3281 Ursinus.
1115 3177 1203 3281 qo.
1245 3230 1521 3280 Wouwerius
1555 3231 1665 3280 iude
1698 3232 1876 3294 effinxit
1911 3230 2219 3291 combibunt,
2257 3238 2308 3280 ut
2342 3240 2390 3281 et
2423 3232 2512 3281 de.

168 3301 284 3350 licta
324 3302 423 3349 vice
456 3298 674 3348 sordium
710 3299 848 3363 aquis
884 3297 1154 3348 abluantur.
1205 3299 1503 3363 Quamquam
1539 3304 1643 3348 cett.
1697 3298 1912 3348 Videntur
1945 3314 1998 3348 ea
2035 3300 2170 3348 verba
2197 3314 2283 3364 per
2316 3314 2518 3351 errorem

166 3383 233 3419 ex
266 3369 568 3432 sequentibus
601 3358 812 3430 seponto,
852 3374 931 3416 aut
966 3368 1247 3431 irrepserunt
1283 3381 1342 3415 ex
1374 3367 1597 3428 momine.

313 3437 430 3499 cap.
467 3434 517 3484 V.
591 3434 634 3485 1.
670 3443 957 3499 potestatem
991 3435 1074 3484 Ba.
1176 3432 1224 3483 2.
1260 3433 1639 3485 subminisnarit
1670 3434 1724 3482 Α.

240 3570 288 3620 b.
330 3569 546 3620 invocato
566 3563 700 3632 deo.)
728 3567 1034 3619 ClZflluenter
1053 3568 1291 3620 Primord.
1394 3568 1435 3618 ai
1471 3568 1590 3619 tanti
1626 3576 1729 3630 est,
1776 3567 1937 3619 Barth.
1988 3569 2046 3619 ad
2096 3568 2214 3620 Stat.
2264 3569 2413 3621 Theb.
2451 3570 2514 3633 ll,

164 3637 359 3689 Eccles.
395 3637 493 3687 Alr.
532 3653 579 3700 p.
601 3635 716 3686 100.
1396 3635 1512 3686 543.
1547 3645 1666 3686 tom.
1687 3637 1747 3697 lI,
1769 3652 1832 3701 ·p.
1853 3636 1968 3687 545.

243 3721 284 3755 c.
324 3704 628 3754 idololatriae
664 3711 746 3754 aut
773 3704 929 3768 stupri
964 3710 1046 3753 aut
1079 3700 1291 3770 fraudis]
1462 3721 1502 3754 c.
1541 3704 1683 3754 Isidis
1719 3703 1922 3754 alicuius
1957 3713 2038 3755 aut
2073 3701 2297 3768 Mithrae]
2335 3704 2402 3754 De
2439 3705 2515 3755 bis

167 3773 248 3824 (ΖΙ.
284 3773 392 3823 init.
430 3773 537 3823 libri
577 3772 642 3821 lle
676 3771 971 3822 Idololatria.
1395 3771 1596 3822 lavacris
1650 3788 1691 3821 r.
1740 3773 1965 3836 iuterprr.
2026 3772 2084 3822 ad
2132 3772 2271 3837 Apul.
2327 3773 2515 3822 Metam.

240 3842 289 3891 d.
320 3836 583 3905 eiusmodi]
604 3840 677 3890 Cl.
692 3841 812 3890 infra
832 3840 996 3890 adnot.
1011 3839 1071 3889 ad
1091 3853 1195 3903 cap.
1213 3838 1293 3890 12.
1394 3838 1473 3899 Xl,
1495 3837 1579 3889 23.
1646 3840 1877 3904 Porphyr.
1916 3840 1970 3889 t).
2006 3840 2189 3889 Abstin.
2224 3839 2297 3897 lv,
2334 3839 2515 3902 p.367.

242 3908 361 3972 Cap.
399 3908 446 3957 V.
496 3923 540 3957 a.
579 3908 749 3958 eadem
784 3908 997 3958 efficacia
1019 3907 1162 3958 idolis
1190 3904 1313 3957 suis
1396 3906 1604 3957 luvenal.
1630 3907 1730 3957 Sat.
1757 3908 1827 3966 Vl,
1853 3905 1952 3956 522
1975 3922 2084 3971 sqq.
2121 3920 2231 3957 cum
2267 3907 2515 3970 interprr„

166 3971 586 4042 subministrant]
626 3976 726 4026 lloc
759 3983 833 4025 est
849 3991 1000 4041 aquas
1023 3975 1190 4026 eadem
1216 3977 1292 4025 el·
1395 3974 1642 4039 chrysost.
1673 3975 1848 4024 Homil.
1868 3974 1926 4024 ll.
1964 3976 2013 4024 in
2050 3990 2155 4039 cap.
2169 3974 2217 4024 2.
2257 3974 2418 4025 matth.
2453 3976 2515 4025 de

168 4044 342 4094 Iicacia
389 4045 596 4094 imbutas
646 4042 791 4095 idolis
846 4045 949 4094 suis
997 4045 1294 4106 adscribunt,
1395 4042 1562 4106 Magis.
1644 4042 1861 4093 Schmidt
1912 4042 1978 4092 De
2026 4042 2274 4094 Sacerdot.
2324 4047 2515 4107 Aegypt.

168 4112 457 4163 adscribunt
492 4111 633 4161 idolis
681 4112 785 4162 anis
821 4118 1106 4175 potestatem
1142 4127 1293 4177 aqua·
1397 4126 1445 4175 p.
1468 4111 1533 4162 59
1569 4126 1646 4176 aq
1719 4111 1791 4162 Cl'.
1828 4109 2031 4161 Tertull.
2078 4110 2144 4160 De
2180 4109 2371 4162 Corona
2408 4125 2517 4174 cap.

168 4194 283 4230 rum
321 4180 497 4230 eadem·
528 4181 741 4230 efficacia
768 4179 1148 4230 imbuendarum.
1202 4180 1295 4229 Ex·
1397 4174 1503 4241 ult„
1557 4187 1604 4229 et
1639 4179 1708 4229 De
1743 4179 2033 4243 Praescript.
2071 4178 2264 4228 Haeret.
2299 4194 2404 4243 cap.
2432 4178 2518 4229 40.

170 4249 308 4308 cilit,
347 4248 394 4297 ni
432 4247 594 4307 l'allor,
630 4262 716 4298 vox
744 4263 890 4312 equos
928 4255 1039 4311 post
1069 4249 1291 4313 efficacia,
1398 4246 1467 4296 De
1503 4247 1794 4312 pronomine
1812 4249 1984 4312 aliquis
2005 4246 2280 4297 nominibus
2306 4246 2519 4311 propriis

168 4316 406 4380 absorpta
458 4331 548 4382 per
599 4316 741 4365 buius
803 4315 1021 4367 vocabuli
1085 4316 1296 4380 syllabas
1398 4315 1562 4365 addito
1600 4316 1668 4366 cl.
1705 4316 1868 4367 adnot.
1903 4314 1964 4364 ad
1999 4313 2200 4379 Apolog.
2239 4328 2347 4378 cap.
2367 4314 2447 4364 ll.

168 4385 438 4444 proximas.
490 4385 705 4443 luterim,
740 4398 924 4434 cumea
953 4398 1008 4434 ex
1037 4398 1294 4447 praegres·
1466 4382 1513 4433 d.
1562 4383 1681 4433 deos
1728 4398 1847 4433 suos
1895 4382 2211 4433 lavationibus
2270 4376 2518 4445 efferunt]

168 4452 246 4503 ais
281 4452 354 4503 vel
392 4454 682 4516 cogitatione
716 4453 873 4517 possit
919 4452 1091 4518 repeti,
1144 4452 1295 4503 textui
1398 4450 1492 4500 Res
1528 4458 1658 4501 nota.
1711 4450 1784 4500 Cl'.
1820 4449 2029 4501 macrob.
2065 4451 2166 4501 Sat.
2186 4450 2222 4510 l,
2236 4446 2318 4499 23.
2367 4448 2519 4498 Tacit.

171 4521 295 4571 nihil
334 4521 563 4572 obtrndo.
1399 4516 1521 4569 Anu.
1555 4518 1647 4578 XV,
1667 4516 1749 4567 4-1.
1797 4524 1846 4566 et
1882 4518 2002 4568 Ilist.
2041 4517 2137 4575 vn,
2162 4515 2246 4567 2⁰.
2315 4514 2520 4565 Tertull.

239 4588 288 4637 b.
324 4590 481 4640 viduis
517 4582 682 4655 aquis]
717 4588 768 4638 ld
789 4596 863 4639 est
887 4588 1160 4653 praesentia
1182 4588 1296 4653 Spi·
1399 4585 1469 4635 De
1504 4585 1724 4651 Spectac.
1761 4598 1868 4650 cap.
1890 4584 1940 4636 7.
2010 4585 2258 4647 Augustin-
2301 4581 2372 4632 De
2420 4581 2525 4633 civ.

166 4657 295 4708 ritus
329 4657 498 4710 Sancti
544 4663 594 4706 et
639 4658 808 4709 virtute
841 4655 1130 4711 carentibus.
1203 4657 1298 4718 CL,
1400 4651 1487 4703 Dei
1526 4654 1587 4715 ll,
1605 4653 1653 4702 4.
