3263 5311
420 1769 646 1869 1331‘5'332.

348 2157 356 2162 ι
435 2186 546 2250 Cap.
570 2192 643 2236 tx.

683 411 809 474 476
1176 411 1377 476 'ommi
1423 426 1686 470 serrum
1727 426 2058 470 nonum-ts
2107 390 2511 471 τεῃτυιιμῖὲι.

686 596 823 643 nem
866 574 1188 648 infirmam,
1232 583 1297 636 ut
1340 575 1445 637 tibi
1477 575 1824 638 ostenderet
1851 577 2045 657 primo
2080 576 2142 637 in
2172 595 2240 638 se
2267 577 2610 657 ⁴utramque
2641 576 3039 639 substantiam

685 679 1003 741 humanam
1045 676 1231 737 fuisse
1275 693 1343 736 ex
1399 677 1764 756 proprietate
1820 676 2160 739 'anxietatis
2216 677 2446 739 animae
2501 684 2562 738 et
2619 677 3033 740 imbecillitatis

684 779 912 851 carum,
958 795 1034 838 ne
1076 775 1246 838 aliam
1260 776 1310 850 ¹’‚
1354 784 1423 838 ut
1463 776 1703 856 quidam
1747 795 1910 856 nunc
1935 778 2326 852 induxerunt,
2371 786 2472 841 aut
2501 797 2739 840 carnem
2767 787 2871 841 aut
2898 778 3033 840 ani-

683 897 839 942 mam
883 877 1104 939 Christi
1147 877 1626 957 interpretareris
1647 924 1664 949 ‚
1699 877 1948 953 *dehinc
1990 887 2058 940 ut
2112 879 2536 941 demonstratis
2591 878 3034 941 conditionibus

682 997 885 1042 earum
930 977 1118 1040 scires
1159 977 1292 1038 illas
1334 977 1482 1039 nihil
1524 977 1718 1039 valere
1761 996 1879 1058 per·
1915 979 2270 1058 semetipsas
2314 980 2448 1041 sine
2493 978 2726 1059 spiritu.
2790 979 2865 1040 Et
2896 979 3032 1041 ideo

679 1079 993 1161 praeponit
1017 1077 1299 1158 ⁶spiritus
1343 1086 1658 1157 promptus
1671 1091 1712 1150 ⁶,
1758 1087 1822 1140 ut
1864 1072 2174 1160 utramque
2218 1079 2623 1141 conditionem
2666 1080 3034 1142 substantiae

678 1180 987 1258 utriusque
1028 1178 1355 1258 respiciens
1399 1178 1741 1259 ''intellegas
1785 1180 1846 1240 in
1867 1168 1950 1241 ‘te
1991 1197 2130 1242 esse
2172 1181 2348 1242 etiam
2392 1181 2800 1264 fortitudipem
2845 1181 3032 1260 spiri-

677 1289 810 1354 tus,
856 1279 1157 1358 quomodo
1201 1288 1262 1341 et
1303 1279 1703 1341 infirmitatem
1747 1281 1975 1353 carnis,
2034 1299 2104 1341 ac
2147 1281 2260 1344 iam
2303 1282 2444 1344 binc
2485 1281 2641 1343 scias
2685 1282 2826 1361 quid
2872 1281 3031 1344 unde

678 1381 857 1443 facias
901 1388 963 1441 et
1005 1379 1145 1458 quid
1188 1379 1285 1441 cui
1329 1379 1582 1442 subicias
1596 1379 1644 1452 ὅ,
1713 1380 2012 1442 infirmum
2059 1380 2283 1444 scilicet
2324 1382 2502 1455 sorti,
2570 1402 2680 1457 ne,
2746 1390 2815 1444 ut
2873 1401 3033 1444 nnnc

677 1481 820 1543 facis
841 1527 857 1553 ‚
902 1480 976 1541 de
1018 1480 1211 1542 carnis
1256 1481 1496 1559 quidem
1539 1481 1879 1542 infirmitate
1924 1482 2217 1555 causeris,
2265 1482 2339 1543 de
2381 1482 2626 1561 spiritus
2670 1490 2868 1545 autem
2922 1484 3028 1545 fir-

676 1583 879 1644 mitate
907 1580 1275 1644 dissimules,
1339 1581 1668 1643 Postulavit
1711 1594 1771 1643 et
1813 1582 1946 1662 ipse
1988 1601 2020 1643 a
2052 1590 2252 1663 patre,
2301 1582 2352 1643 si
2381 1584 2511 1644 lieri
2540 1591 2780 1662 posset,
2827 1592 3033 1648 tmus-

678 1684 792 1744 iret
834 1682 906 1744 ab
951 1681 1050 1743 illo
1096 1681 1242 1743 calix
1285 1682 1608 1761 passionis,
1707 1682 1950 1745 Postula
1997 1670 2056 1744 et'
2100 1692 2194 1756 tu,
2254 1683 2361 1744 sed
2405 1691 2572 1745 st'ans
2618 1693 2682 1746 ut
2725 1684 2856 1758 ille,
2927 1685 3035 1747 sed

677 1769 992 1865 postulans
1034 1792 1294 1855 tantum,
1340 1783 1445 1844 sed
1494 1783 1860 1863 subiungens
1906 1792 1965 1844 et
2008 1783 2262 1862 reliqua,
2308 1784 2524 1846 Verum
2564 1803 2686 1846 non
2717 1785 2878 1864 quod
2919 1804 3031 1865 ego

679 1885 846 1956 volo,
896 1883 1003 1944 sed
1048 1883 1207 1962 quod
1251 1891 1335 1944 tu.
1401 1883 1662 1963 Fugiens
1707 1896 1905 1947 autem
1948 1886 2285 1967 ‘quomodo
2331 1886 2447 1947 hoc
2487 1884 2851 1964 postulabis,
2898 1886 3032 1966 ipse

677 1984 785 2046 tibi
830 1991 1141 2063 praestans
1187 1983 1385 2046 calicis
1431 1985 1909 2059 translationem,
1980 2005 2095 2049 nec
2149 1987 2309 2066 quod
2365 1994 2533 2066 pater
2586 1987 2710 2048 vult
2750 1986 3031 2061 ’saciens‚

678 2085 788 2146 sed
834 2085 993 2164 quod
1040 2083 1151 2146 tu?

850 2185 1097 2246 ¹Omnia
1160 2185 1414 2264 apostoli
1483 2185 1808 2248 seeundum
1876 2186 2054 2248 deum
2109 2187 2312 2267 utique
2376 2187 2736 2261 docuerunt,
2798 2187 3033 2251 'omnia

679 2285 962 2365 evangelii
1006 2285 1440 2347 revolverunt·.
1540 2285 1653 2348 Ubi
1697 2286 1864 2348 ³illos
1911 2288 2178 2349 ostendis
2222 2296 2603 2368 praeceptum
2647 2289 2918 2368 fugiendi
2960 2290 3032 2352 de

645 2386 909 2447 ‘civitate
964 2386 1025 2446 in
1080 2386 1372 2448 civitatem
1429 2387 1850 2450 restaurasse?
1926 2389 2061 2467 quia
2126 2407 2237 2450 nec
2289 2389 2666 2469 potuissentb
2721 2391 2837 2452 tale
2891 2391 3033 2470 quid

1795 2541 1967 2604 piritus
2004 2549 2263 2606 propt-etus
2277 2543 2326 2592 A.
2398 2542 2597 2605 spiritus
2633 2557 2723 2607 pro
2760 2544 2964 2606 praetiis
2981 2544 3032 2593 B.

1792 2615 2002 2659 nteresse
2037 2626 2081 2662 a.
2171 2609 2217 2660 8.
2255 2609 2499 2674 quomodo
2535 2610 2656 2661 baec
2685 2610 2800 2661 Aa·
2863 2610 2916 2661 9.
2956 2613 3030 2662 ta-

1792 2750 1886 2793 ·unt
1919 2759 2006 2794 om.
2028 2744 2079 2794 B.
2180 2744 2229 2793 2.
2267 2745 2427 2794 omnia
2463 2744 2686 2807 evangelii
2720 2742 3036 2795 resolverunt

1792 2810 2031 2928 leBvei-unt
2062 2813 2113 2862 A.
2203 2813 2364 2863 omnia
2400 2813 2718 2876 evangelizare
2767 2811 3035 2865 voluerunt

1792 3038 1801 3049 -
1905 3015 2010 3063 cina
2065 3021 2147 3062 ant
2202 3019 2304 3062 arte
2356 3014 2529 3062 curari.
2547 3011 2581 3038 ‘⁴
2652 3014 2771 3063 thid.
2832 3014 2905 3075 Π,
2964 3013 3030 3066 28

1792 3087 1801 3129 t
1901 3096 2062 3146 „quas
2097 3096 2156 3130 ex
2191 3082 2358 3145 quibus
2395 3082 2584 3131 cir-mdis
2621 3083 2887 3146 qualitates,
2909 3082 3024 3131 dnm

1903 3149 1952 3198 in
1989 3150 2107 3216 ch
2144 3146 2867 3208 locolabnntnr,attraxerint.“
2906 3149 3028 3200 ibid.

1792 3249 1795 3262 .
1903 3215 1977 3275 lv,
1998 3215 2029 3264 8
2067 3228 2213 3274 „cnm
2235 3224 2366 3265 esset
2389 3215 2521 3263 vobis
2543 3215 2768 3266 similiter
2786 3217 3025 3279 nescium,

1903 3285 2119 3347 quisnam
2165 3297 2322 3333 eorum
2367 3284 2482 3347 quid
2526 3281 2741 3347 posset.“
2811 3284 3026 3335 Graeco·

1792 3375 1798 3384 ·
1901 3363 2009 3399 rum
2046 3350 2336 3413 scriptorum
2374 3351 2478 3400 eius
2513 3359 2633 3401 uss
2668 3351 3028 3416 exemplanp-

1792 3433 1798 3462 ι
1902 3417 2119 3480 peditent
2179 3416 2438 3467 Hermann.
2492 3418 2553 3466 ad
2613 3418 2843 3481 Sophocl.
2898 3419 3031 3469 Aine.

1792 3519 1800 3533 .
1892 3483 2053 3534 1164.
2091 3482 2339 3538 Heindorf.
2376 3486 2436 3535 ad
2475 3484 2660 3535 Platon.
2699 3485 2842 3549 ssipp.
2880 3486 2943 3535 Π.
2979 3501 3030 3551 p.

1792 3552 1804 3600 Ι
1904 3550 2021 3601 297.
2060 3560 2177 3601 extr.
2635 3597 2646 3608 ,

1969 3619 2035 3668 Ca
2073 3655 2087 3667 .
2125 3618 2200 3668 IX.
2252 3635 2298 3671 a.
2344 3619 2507 3670 omnia
2542 3617 2772 3679 evangelii
2808 3618 3029 3670 revolve-

1792 3713 1798 3723 ·
1899 3694 2025 3736 rnnt.
2106 3686 2282 3737 Beatus
2318 3687 2577 3736 Rhenanus
2613 3686 2926 3736 Goniensem
2964 3688 3028 3737 li·

1792 3760 1797 3792 >
1898 3753 2041 3803 brnm
2087 3762 2283 3804 secutus
2331 3753 2481 3803 edidit
2525 3792 2563 3814 „
2583 3755 2738 3803 omnia
2791 3756 3029 3817 commeli-

1792 3857 1796 3876 ‚
1897 3835 2005 3871 zare
2040 3819 2343 3882 volueruntf“
2370 3820 2500 3885 qnod
2536 3820 2741 3884 explicat
2769 3819 3033 3884 „apostoli

1792 3912 1796 3922 ·
1897 3887 2150 3937 voluerunt
2183 3889 2344 3939 omnia
2382 3888 2680 3950 evangelium
2715 3899 2895 3951 sapere
2932 3890 3031 3939 sive

1792 3989 1795 4002 .
1896 3956 2082 4004 referre
2118 3956 2412 4019 evangelium
2450 3963 2499 4005 et
2533 3953 2781 4016 evangelio
2816 3969 3029 4020 respon-

1792 4036 1798 4049 ·
1897 4021 2080 4083 dere,“
2131 4038 2228 4086 quo
2276 4037 2423 4073 sensu
2473 4023 2789 4085 ermelina-e
2823 4025 3026 4073 verbnm

1792 4101 1794 4108 ’
1896 4089 3065 4222 253⁰·“1z.{3¹3553¹¹÷;÷:·.1.⁹22?;:.:3.¹¹·:{:.1;¹::··

1893 4228 2021 4273 ram':
2033 4225 2232 4283 „omnia
2269 4221 2499 4286 evangelii
2518 4222 2879 4284 revolverant,“
2916 4226 2969 4274 b.
2981 4238 3026 4274 e.

1893 4291 2192 4354 repetierunt
2224 4291 2299 4341 vel
2335 4291 2663 4347 recoluerunt,
2700 4291 2832 4354 qnod
2858 4292 3022 4355 ipsunt

1890 4359 2371 4421 interpretamentum
2421 4372 2518 4408 non
2554 4357 2816 4408 deruerunt
2850 4360 2937 4423 qni
2974 4366 3027 4410 nt

1891 4425 1940 4474 in
1975 4433 2157 4476 textum
2196 4426 2462 4491 reciperem
2498 4433 2773 4474 suaserunt.

1960 4493 2009 4541 b.
2048 4494 2160 4556 qnia
2196 4507 2288 4543 nec
2324 4486 2621 4557 potuissent]
2657 4492 2889 4551 Quamvis
2926 4508 3018 4544 ne·

1824 4609 1837 4618 ,
1887 4559 2041 4621 gativa
2078 4561 2329 4624 proposita
2359 4559 2753 4620 interrogatione.
2775 4560 2917 4630 vplde
2942 4568 2992 4610 ta

1889 4639 1997 4692 men
2034 4641 2178 4680 nemo
2215 4641 2313 4678 non
2346 4626 2475 4678 videt
2504 4625 2868 4702 incommodum
2910 4640 3027 4680 esse

1041 4812 1078 4846 υ
1332 4803 1343 4815 ·
1865 4787 1911 4824 “’“
1947 4799 1951 4803 ’
2172 4763 2233 4844 θ’·
2984 4756 3024 4792 '-
