3263 5311
1226 456 1304 499 ιιι
1346 454 1664 500 moretm.
2495 440 2618 506 799

262 612 447 669 tatem
499 604 993 685 sanctitatemque
1049 604 1379 686 corporalis
1436 605 1798 687 sequebatur
1853 605 2183 686 integritas.
2296 605 2407 669 ²Et
2466 607 2622 672 hanc

265 707 462 786 itaque
502 701 786 782 munivit,
841 706 1082 769 hostem
1131 706 1334 769 statim
1375 707 1508 770 eius
1551 707 1927 788 prohibendo
1971 705 2323 770 moechiam.
2430 708 2621 782 Quale

264 808 545 872 delictum
587 807 707 870 iam
748 807 1084 889 ³intellege,
1149 808 1322 871 cuius
1364 809 1790 872 cohibitionem
1832 816 1972 889 poet
2010 807 2404 872 idololatriam
2448 810 2617 873 ordi—

264 909 445 973 navit.
517 907 678 971 Nihil
720 909 1048 973 secimdum
1088 908 1438 991 longinquat
1487 929 1522 973 a
1572 912 1792 991 primo.
1887 909 2049 972 Nihil
2106 917 2226 973 tam
2277 911 2621 990 proximum

263 1011 464 1092 primo
508 1027 683 1091 qnam
740 1010 1090 1074 secundum.
1189 1011 1365 1083 Quod
1417 1012 1488 1073 fit
1541 1031 1615 1074 et
1667 1012 1894 1092 primo,
1960 1011 2117 1074 aliud
2178 1012 2617 1092 quodammodo

259 1112 529 1194 primum
569 1121 685 1175 est.
749 1111 956 1192 Itaque
993 1111 1265 1175 moechia
1309 1112 1518 1176 adfinis
1563 1112 1954 1175 idololatriae.
2014 1112 2165 1176 Nam
2195 1120 2257 1176 et
2281 1112 2620 1178 idololatria

261 1213 578 1276 moechiae
615 1212 862 1276 nomine
915 1221 978 1276 et
1026 1213 1441 1277 fornicationis
1499 1232 1683 1295 saepe
1740 1215 1963 1295 populo
2024 1214 2384 1295 exprobrata
2439 1215 2619 1282 etiam

265 1313 468 1377 ⁴sorte
510 1314 900 1396 coniungetur
939 1314 1059 1389 illi,
1105 1314 1258 1377 sicut
1299 1325 1359 1378 et
1402 1315 1592 1390 serie,
1639 1315 1816 1377 etiam
1859 1315 2235 1378 damnatione
2276 1315 2623 1380 cohaerebit

264 1414 385 1491 illi,
429 1415 586 1480 sicut
630 1424 690 1479 et
729 1416 1151 1498 dispositione.
1237 1417 1325 1479 Eo
1368 1417 1622 1498 amplius
1666 1416 2090 1497 praemittens,
2153 1416 2288 1479 Non
2330 1419 2617 1482 moecha-

262 1515 462 1592 beris,
507 1517 802 1598 adiungit,
845 1518 981 1580 Non
1024 1518 1283 1581 occides.
1348 1517 1747 1581 ‘Honoravit‘
1787 1518 1991 1598 utique
2033 1518 2394 1593 moechiam,
2439 1538 2618 1600 quam

264 1618 589 1682 homicidio
633 1617 973 1699 anteponit,
1015 1619 1078 1680 in
1122 1620 1312 1700 prima
1353 1619 1594 1700 ‘utique
1638 1621 1852 1681 fronte·
1877 1619 2284 1682 sanctissimae
2326 1619 2507 1700 legis,
2550 1621 2615 1683 in

263 1719 478 1800 primis
519 1719 708 1782 titulis
752 1719 1022 1782 caelestis
1067 1721 1276 1796 edicti,
1346 1721 1761 1801 principalium
1813 1720 2016 1800 utique
2068 1721 2420 1783 delictorum
2462 1739 2613 1802 pro-

267 1820 596 1901 scriptione
638 1821 983 1903 ⁷signatam.
1049 1820 1135 1884 De
1176 1821 1312 1884 loco
1355 1821 1635 1896 modum,
1680 1822 1755 1883 de
1798 1822 2008 1884 ordine
2051 1830 2301 1898 stamm,
2346 1823 2422 1885 de
2464 1841 2614 1886 con·-

264 1920 412 1983 finio
452 1921 730 1985 meritum
773 1923 1060 2002 cuiusque
1103 1923 1441 2003 dignoscas.
1551 1922 1661 1986 Est
1705 1930 1765 1984 et
1804 1922 1942 1985 mali
1999 1921 2283 2002 dignitas,
2348 1925 2511 2003 quod
2550 1925 2617 1989 in

266 2040 506 2085 summo
562 2032 663 2085 aut
716 2023 780 2086 in
821 2024 1018 2086 medio
1073 2024 1477 2112 pessimorum
1533 2024 1877 2086 collocatur.
1980 2023 2269 2104 Pompam
2322 2025 2617 2105 quandam

264 2131 444 2203 atque
486 2124 874 2204 suggestum*
913 2124 1135 2206 aspicio
1176 2125 1511 2199 moechiae,
1556 2125 1699 2186 hinc
1740 2125 2015 2186 ducatum
2043 2119 2412 2187 idololatriae
2440 2134 2613 2188 ante-

264 2225 568 2300 cedentis,
610 2226 752 2288 hinc
792 2226 1135 2289 comitatum
1179 2226 1480 2288 homicidii
1525 2225 1917 2306 insequentis.
2012 2225 2174 2288 Inter
2215 2226 2369 2287 duos
2412 2226 2613 2306 apices

265 2326 597 2390 facinorum
639 2327 1148 2391 eminentissimos
1192 2327 1324 2390 sine
1357 2326 1540 2389 dubio
1569 2327 1750 2406 digna
1779 2325 2081 2399 consedit,
2128 2334 2191 2386 et
2215 2343 2325 2405 per
2354 2325 2615 2388 medium

268 2446 484 2490 eorum
526 2429 694 2509 quasi
747 2437 1052 2491 vacantem
1106 2429 1304 2491 locum
1358 2428 1487 2508 pari
1549 2426 1817 2489 criminis
1874 2426 2223 2488 auctoritate
2280 2426 2614 2506 complevit.

266 2528 424 2603 Quis
468 2548 593 2592 eam
640 2529 854 2593 talibus
896 2530 1182 2592 lateribus
1223 2529 1542 2604 inclusam,
1604 2529 1819 2591 talibus
1880 2527 2066 2591 costis
2110 2528 2538 2592 circumfultam
2580 2547 2617 2590 a

265 2630 713 2694 cohaerentium
758 2649 1013 2713 corpore
1067 2631 1333 2706 divellet,
1406 2632 1483 2694 de
1530 2630 1864 2694 vicinorum
1917 2628 2231 2693 criminum
2284 2647 2473 2705 nexu,
2540 2628 2619 2692 de

261 2732 742 2814 propinquorum
785 2734 1078 2796 scelerum
1121 2733 1465 2814 complexu,
1523 2742 1589 2795 ut
1630 2733 1822 2795 solam
1866 2750 1993 2794 eam
2036 2740 2317 2793 secernat
2351 2731 2426 2793 ad
2466 2748 2615 2810 pae-

262 2833 550 2897 nitentiae
593 2833 896 2897 stinctum?
983 2835 1194 2897 Nonne
1237 2834 1377 2897 hinc
1417 2833 1781 2907 idololatria,
1846 2833 1985 2894 inde
2027 2832 2413 2893 homicidium
2454 2831 2612 2895 deti-

263 2935 526 3010 nebunt,
572 2945 633 2998 et
674 2936 726 2997 si
765 2946 886 3016 qua
927 2936 1076 2999 ⁸vox
1116 2936 1330 3009 fuerit,
1374 2935 1807 3007 reclamabunt,
1851 2933 2069 2995 Noster
2104 2933 2202 2994 hic
2242 2951 2467 2997 cuneus
2496 2940 2613 3009 est,

263 3044 482 3103 nostra
520 3037 853 3117 compago?
937 3037 1027 3099 Ab
1070 3036 1402 3098 idololatria
1443 3036 1803 3109 ”metamun
1864 3034 1964 3097 illa
2017 3033 2419 3114 distinguente
2446 3034 2612 3098 'con-

264 3138 598 3217 iungimur,
665 3138 748 3199 illi
805 3138 880 3200 de
922 3139 1119 3200 medio
1178 3137 1449 3199 emicanti
1511 3137 1922 3210 ¹⁰adunamur3
1994 3136 2446 3216 concorporavit
2497 3153 2613 3199 nos

265 3238 562 3319 scriptura
608 3238 833 3314 divina,
899 3238 1154 3302 litterae·
1172 3238 1337 3318 ipsae
1380 3238 1601 3318 glutina
1655 3246 1865 3299 nostra
1922 3244 2093 3310 sunt,
2158 3236 2277 3301 iam
2330 3255 2444 3299 nec
2483 3237 2616 3318 ipsa

265 3340 403 3401 sine
457 3339 634 3402 nobis
687 3346 907 3421 potest.
1016 3340 1142 3421 Ego
1212 3339 1452 3420 quidem
1515 3338 1847 3401 idololatria
1905 3337 2256 3419 saepissime
2308 3338 2616 3401 moechiae

245 3436 643 3504 ‘occasionem
687 3440 1101 3504 subministro.
1165 3441 1404 3503 Sciunt·
1445 3441 1562 3503 luci
1604 3440 1722 3505 mei
1768 3447 1829 3503 et
1868 3439 1986 3501 mei
2029 3447 2304 3514 montes,
2350 3448 2411 3503 et
2449 3439 2616 3502 vivae

265 3560 454 3623 aquae
506 3543 752 3622 ipsaque
803 3542 866 3604 in
921 3541 1170 3605 urbibus
1228 3541 1474 3623 templa,
1542 3550 1829 3621 quantum
1883 3540 2234 3602 evertendae
2296 3540 2614 3621 pudicitiae

264 3697 319 3748 2.
353 3695 414 3745 Et
447 3695 574 3744 bunc
610 3697 768 3775 itaque
817 3696 990 3745 minuit
1021 3697 1074 3746 A.
1190 3693 1239 3745 3.
1276 3695 1502 3756 intellege
1545 3696 1666 3746 liber
1702 3695 1959 3744 Clementis.
2038 3695 2097 3744 Et
2129 3695 2241 3758 ubiq
2242 3709 2300 3743 ue
2333 3693 2618 3755 intellegere

262 3779 362 3814 non
396 3762 665 3824 intelligere
700 3764 749 3812 in
786 3779 837 3814 eo
874 3764 994 3814 libro
1032 3763 1252 3828 scriptum
1287 3769 1445 3812 extare
1479 3764 1717 3813 adnotavit
1733 3762 1977 3812 Pamelms
2060 3760 2107 3810 4.
2147 3760 2271 3810 forte
2304 3762 2356 3811 A.
2425 3760 2474 3810 5.
2512 3760 2611 3809 flo-

259 3832 452 3882 noravit
488 3831 647 3894 itaque
683 3831 910 3880 Latinius.
984 3830 1208 3880 Oneravit
1241 3831 1405 3894 utique
1439 3830 1532 3880 AD.
1603 3829 1828 3879 Oneravit
1863 3829 2025 3892 itaque
2061 3827 2145 3877 Bc.
2250 3826 2298 3876 6.
2338 3827 2502 3890 utique
2534 3828 2612 3876 Fr.

261 3897 708 4017 fflsssstim‘fffflqii
745 3898 1270 4015 ss.1{2‘:.⁶2.⁶¹53’²⁶”‘3⁸0.
1306 3895 1948 4024 ..1'2..⁸:.‚⁸.:¹:‘5>,⁰2:...³5:5.¹.22
1966 3895 2273 4011 affatim..
2295 3893 2464 4011 ‘2³8⁸
2499 3893 2613 3944 ‘'⁶‘'

336 4081 380 4117 c.
417 4060 701 4130 Honoravit]
753 4066 837 4117 Sic
867 4065 1116 4117 emendavi
1152 4079 1260 4116 cum
1298 4065 1390 4116 La—
1491 4064 1696 4114 adiciam
1750 4078 1874 4127 quae
1921 4077 2017 4112 non
2074 4064 2235 4112 minus
2291 4062 2615 4113 conscientiae

255 4135 403 4185 tinio.
451 4133 712 4199 Sequemia
747 4136 876 4184 enim
911 4133 1389 4197 inscripsisse'l'er-
1490 4132 1706 4182 omnium
1743 4137 2109 4192 recognoscent,
2157 4130 2205 4181 in
2242 4130 2437 4194 templis
2474 4131 2613 4180 adul-

259 4201 524 4253 tnllianum
553 4201 795 4252 evincunt.
841 4201 905 4251 Et
928 4203 1053 4251 infra
1082 4199 1271 4265 cap.12
1295 4200 1388 4250 ait:
1487 4202 1610 4263 teria
1648 4198 1877 4263 conponi,
1934 4199 2058 4247 iuter
2092 4212 2202 4246 aras
2238 4196 2475 4247 lenocinia
2511 4207 2613 4248 tra-

261 4269 493 4331 „Sufficit
527 4276 575 4318 et
610 4269 687 4318 hic
721 4276 958 4319 servatum
996 4284 1106 4319 esse
1139 4268 1390 4319 moechiae
1491 4268 1628 4327 ctari,
1666 4268 1713 4317 in
1750 4266 1871 4330 ipsis
1907 4265 2193 4329 plerumque
2230 4265 2531 4315 aedituorum
2567 4273 2615 4316 et

259 4344 314 4387 et
352 4336 656 4387 fornicationi
705 4336 865 4386 locem
917 4337 1110 4387 honoris
1143 4338 1221 4387 sui
1265 4336 1391 4386 inter
1491 4335 1798 4385 sacerdotum
1831 4333 2172 4393 tabernaculis,
2208 4333 2299 4382 sub
2335 4333 2488 4382 isdem
2524 4333 2612 4381 vit-

259 4403 593 4456 idololatriam
630 4412 680 4453 et
714 4402 1081 4463 homicidinm“
1201 4426 1210 4433 -
1489 4404 1553 4452 tis
1599 4409 1649 4451 et
1695 4401 1911 4466 apicibus
1964 4409 2012 4450 et
2053 4401 2283 4479 purpuris
2332 4400 2473 4449 thure
2520 4399 2610 4448 fla-

332 4472 383 4521 d.
420 4468 725 4535 suggestum]
782 4471 853 4522 Cf.
888 4471 1053 4561 adnot.
1089 4470 1150 4520 ad
1185 4469 1255 4521 De
1291 4469 1389 4521 Co·
1489 4476 1661 4531 grume
1696 4469 1943 4518 libidinem
1967 4469 2190 4531 expungi,
2226 4468 2393 4516 nescio
2419 4481 2479 4515 ne
2496 4465 2611 4528 plus
2692 4512 2707 4519 ,

255 4552 386 4591 rona
421 4538 634 4603 cap-13.
1491 4538 1551 4587 de
1587 4536 1723 4586 vobis
1757 4536 1836 4586 dei
1872 4535 2017 4586 vestri
2052 4550 2194 4600 quam
2232 4535 2293 4584 dc
2325 4533 2610 4585 Christianis
2686 4592 2711 4609 .-

331 4620 378 4657 e.
415 4555 610 4672 Sciunt]
645 4606 719 4658 Cf.
735 4605 901 4659 adnot.
927 4604 1203 4669 adApolog.
1216 4619 1321 4669 cap.
1335 4605 1385 4654 5.
1491 4602 1806 4671 querantur!⁸

253 4675 333 4726 De
368 4687 424 4724 re
460 4674 523 4724 ci.
557 4673 761 4738 Apoloss.
809 4688 916 4739 cap.
937 4672 1002 4723 15
1046 4672 1308 4735 „Ceterum
1341 4672 1388 4724 si
1732 4716 1741 4723 .
