3263 5311
1118 453 1193 496 ns
1237 449 1605 496 noziocum.
2408 439 2526 503 781

190 606 362 668 etiam
407 601 660 679 ethnicis
702 601 1142 682 'ffcongruente
1231 603 1352 666 Sed
1389 602 1562 666 ”etsi
1603 604 1687 665 ita
1732 613 1926 677 esset,
1976 604 2147 683 quasi
2190 605 2264 666 de
2307 607 2530 681 futuro,

188 706 251 768 Si
292 705 463 768 cuius
507 703 756 766 maritus
799 714 1071 767 mortuus
1126 704 1368 778 fueritss,
1435 705 1780 768 tantundem
1837 713 1898 765 et
1948 705 2214 768 futuram
2268 707 2343 769 ad
2399 726 2529 770 eam

187 806 510 887 pertineret
550 805 718 867 cuius
764 813 900 867 ante
944 805 1120 867 fldem
1163 806 1454 867 morietur
1482 806 1750 868 maritus.
1812 804 2092 879 ⁸‘Quavss
2118 807 2341 888 accipe,
2384 810 2529 871 dum

188 915 380 969 cetera
436 924 556 967 non
615 915 865 968 evertas.
974 906 1124 969 Nam
1167 926 1301 969 cum
1343 915 1406 969 et
1460 907 1556 969 illa
1610 906 1942 970 sententiae
1997 909 2239 970 cedant:
2276 910 2531 976 ,Servus

188 1015 428 1070 vocatus
486 1026 586 1081 es,
651 1025 727 1068 ne
789 1008 1118 1069 curaveris:
1194 1007 1688 1089 Impraeputiatus
1743 1008 2045 1072 ”vocatus
2100 1028 2199 1078 es.
2276 1028 2353 1071 ne
2408 1012 2532 1071 cir-

190 1109 573 1171 cumcidaris:
653 1108 1050 1170 Circumcisus
1115 1117 1359 1171 vocatus
1425 1127 1526 1182 es,
1597 1128 1674 1172 ne
1730 1109 2046 1172 adduxeris
2063 1112 2099 1184 ¹,
2165 1141 2255 1156 —-
2314 1110 2531 1189 quibus

191 1209 516 1272 concur-xit:
582 1209 825 1271 Vinctus
883 1227 950 1271 es
1006 1210 1209 1284 uxori,
1289 1229 1365 1272 ne
1434 1211 1762 1290 quaesieris
1830 1211 2221 1273 solutionem:
2298 1211 2531 1274 solutds

190 1330 252 1374 es
298 1311 372 1372 ab
415 1328 633 1384 uxore,
698 1328 775 1372 ne
828 1310 1154 1390 quaesieris
1207 1330 1485 1386 uxorem,
1548 1312 1695 1375 satis
1748 1311 2125 1375 manifestum
2170 1321 2266 1374 est
2306 1313 2380 1373 ad
2424 1331 2532 1376 eos

187 1412 330 1474 haec
371 1412 676 1493 pertinere
719 1411 822 1491 qui
864 1412 927 1473 in
971 1429 1123 1474 nova
1179 1421 1239 1474 et
1293 1412 1518 1475 recenti
1572 1413 1886 1498 vocatione
1942 1414 2249 1477 constituti
2306 1413 2380 1475 de
2434 1414 2530 1475 his

189 1513 571 1577 consulebant
614 1514 675 1576 in
720 1511 934 1593 quibus
978 1531 1011 1573 a
1054 1513 1172 1574 fide
1213 1513 1449 1575 fuerant
1490 1514 1868 1594 deprehensi.
1969 1515 2129 1576 Haec
2182 1516 2298 1576 erit
2340 1513 2529 1576 inter-

187 1615 436 1695 pretatio
481 1614 718 1694 capituli
761 1614 937 1675 istius
980 1614 1056 1676 de
1101 1613 1217 1675 hoc
1256 1613 1675 1686 examinanda,
1721 1633 1795 1675 an
1832 1624 1893 1677 et
1920 1616 2175 1695 tempori
2207 1624 2267 1677 et
2295 1634 2528 1689 causae,

189 1723 249 1777 et
287 1724 406 1778 tam
450 1715 734 1794 exemplis
780 1723 840 1776 et
878 1713 1300 1793 ”argumentis
1357 1715 1847 1794 praecedentibus
1892 1735 2066 1796 quam
2112 1726 2173 1778 et
2214 1718 2529 1780 sententiis

191 1824 250 1878 et
288 1816 566 1879 sensibus
610 1815 1148 1895 subsequentibuS,
1196 1823 1256 1877 et
1299 1815 1361 1876 in
1403 1815 1614 1896 primis
1660 1835 1735 1877 an
1780 1817 1970 1897 ipsius
2000 1817 2257 1898 apostoli
2289 1825 2351 1880 et
2377 1832 2527 1879 con-

188 1917 322 1979 silio
365 1918 613 1998 proprio
680 1926 963 1997 congruat
1019 1926 1080 1978 et
1132 1916 1442 1988 institut03
1505 1917 1654 1979 nibil
1710 1918 1868 1979 enim
1924 1919 2381 1980 custodiendum
2437 1928 2533 1981 est

186 2017 417 2098 ”quam
459 2036 535 2079 ne
580 2017 848 2081 diversus
894 2018 1006 2080 sibi
1050 2017 1243 2098 ³‘quis
1289 2017 1786 2098 deprehendatur.

353 2118 504 2180 Audi
569 2129 629 2179 et
679 2107 1128 2180 subtilissimam
1191 2141 1224 2179 e
1289 2119 1589 2180 contrario
1655 2120 2245 2199 argumentationem.
2342 2123 2529 2197 Adeo,
2565 2133 2781 2191 eap.xu.

185 2220 492 2300 inquiunt,
535 2219 813 2299 permisit
853 2219 1166 2301 apostolus
1197 2219 1413 2280 iterare
1443 2220 1840 2292 connubium,
1887 2229 1954 2282 ut
2002 2221 2171 2283 solos
2216 2221 2314 2301 qui
2359 2224 2534 2285 ¹sunt

185 2321 245 2384 in
312 2322 474 2383 ciero
537 2321 950 2400 monogamiae
1015 2321 1154 2400 iugo
1220 2320 1617 2382 'astrinxerit
1726 2322 1900 2394 Quod
1960 2321 2115 2383 enim
2175 2321 2528 2401 quibusdam

181 2420 563 2503 praescribit,
628 2421 722 2483 ’id
766 2440 890 2483 non
933 2421 1211 2484 omnibus
1257 2421 1630 2501 praescribit.
1730 2422 2025 2502 Numquid
2082 2441 2225 2502 ergo
2270 2431 2331 2484 et
2372 2424 2533 2502 quod

186 2523 459 2585 omnihus
503 2523 818 2602 praecipit,
864 2523 1091 2584 ³¹’solis
1137 2523 1440 2603 episcopis
1483 2541 1607 2585 non
1652 2523 2035 2603 praescribit,
2093 2525 2143 2586 si
2188 2525 2347 2604 quod
2397 2524 2527 2605 epi-

182 2625 386 2706 scopis
441 2624 820 2706 praescribit,
865 2643 988 2687 non
1044 2633 1106 2687 et
1159 2624 1438 2689 omnibns
1481 2624 1813 2706 praecipit?
1899 2624 1988 2687 An
2044 2625 2181 2688 ideo
2228 2626 2528 2700 omnibus,

180 2727 316 2806 qnia
361 2735 422 2788 et
464 2726 812 2807 episcopis?
858 2736 917 2788 et
960 2727 1094 2788 ideo
1139 2724 1471 2809 episcopisf,
1518 2728 1657 2807 quia
1698 2735 1759 2789 et
1789 2725 2114 2788 omnibus?
2170 2727 2337 2789 Unde
2366 2727 2528 2788 enim

181 2829 448 2909 episcopi
493 2835 555 2889 et
595 2826 835 2891 clerus?
919 2828 1135 2890 Nonne
1177 2829 1251 2890 de
1297 2827 1621 2890 omnibus?
1703 2828 1770 2890 Si
1812 2844 1932 2889 non
1978 2846 2189 2890 omnes
2232 2844 2524 2906 monoga-

177 2930 338 2992 miae
377 2937 684 3003 tenentur,
732 2928 891 2990 unde
937 2929 1276 3008 monogami
1321 2930 1382 2990 in
1426 2928 1698 2991 clerum?
1768 2930 1858 2990 An
1904 2928 2052 2990 ordo
2098 2928 2307 3008 “aliqui
2353 2947 2526 2991 seor-

178 3048 319 3092 sum
363 3029 597 3092 debebit
643 3029 872 3091 institui
916 3048 1438 3109 monogamorum,
1484 3031 1559 3092 de
1603 3048 1723 3109 quo
1767 3030 1998 3091 allectio
2030 3030 2130 3091 fiat
2169 3029 2229 3090 in
2261 3028 2529 3092 clerum?

173 3130 310 3193 Sed
358 3148 489 3192 cum
545 3130 880 3192 extollimur
946 3138 1007 3193 et
1056 3131 1363 3192 ⁵inflamur
1430 3132 1714 3192 adversus
1784 3131 2037 3205 clerum,
2112 3140 2252 3192 tunc
2313 3131 2527 3192 “unum

175 3250 392 3294 omnes
440 3251 678 3306 sumus,
745 3241 884 3294 tunc
926 3251 1134 3294 omnes
1180 3231 1555 3306 sacerdoteS,
1619 3231 1791 3312 ⁷quia
1846 3232 2188 3295 sacerdotes
2242 3251 2356 3293 nos
2413 3232 2527 3293 deo
2546 3242 2784 3335 Argei-g&-

175 3341 242 3396 et
270 3334 424 3413 patri
453 3333 647 3395 seciv.
705 3333 850 3395 Cum
897 3334 968 3394 ad
1011 3333 1530 3413 peraequationem
1574 3333 1920 3414 disciplinae
1965 3334 2350 3396 sacerdotalis
2380 3352 2528 3413 pro·
2610 3323 2652 3393 .’
2718 3324 2727 3334 ’

167 3452 490 3507 vocamur,
549 3433 903 3514 deponimus
947 3434 1197 3507 infulas,
1256 3442 1314 3495 et
1357 3434 1564 3513 ¹'pares
1609 3425 1920 3496 sumusb.‘
1968 3434 2052 3497 De
2109 3435 2527 3497 ecclesiasticis

169 3552 262 3605 32.
312 3562 635 3614 congruentes
669 3554 791 3604 ABG.
899 3552 979 3604 33.
1018 3554 1107 3603 etsi
1145 3555 1218 3604 cd.
1304 3555 1345 3603 si
1380 3554 1564 3618 rehqui.
1694 3553 1776 3605 34.
1814 3556 1986 3614 Quavis
2024 3572 2122 3619 09⁰·
2195 3557 2347 3615 Quam
2384 3556 2452 3605 vis
2487 3573 2528 3607 c.

169 3624 298 3673 liber
334 3621 589 3671 Clementis.
661 3621 864 3680 Quaevis
900 3624 975 3673 bd.
1048 3622 1101 3672 In
1133 3622 1285 3672 Asca.
1322 3624 1461 3672 verba
1496 3623 1670 3680 Quavis
1707 3624 1887 3687 accipe.
1932 3624 2043 3672 dum
2082 3633 2237 3673 cetera
2275 3640 2369 3673 non
2404 3639 2527 3674 com·

162 3695 356 3755 parent.
452 3688 533 3739 35.
570 3697 764 3739 vocatus
802 3706 891 3739 om.
925 3689 1078 3740 Alcen.
1173 3687 1255 3738 36.
1293 3690 1655 3751 argumentibus
1690 3691 1777 3740 AB.
1863 3689 1943 3739 37.
1983 3706 2124 3755 quam
2164 3707 2223 3740 ne
2260 3693 2359 3741 bed.
2433 3706 2527 3755 qua

166 3771 237 3808 ne
273 3758 516 3806 A.m.sec.
586 3772 678 3821 qua
714 3757 869 3807 Asea.
973 3757 1055 3807 38.
1095 3757 1203 3821 quis
1239 3772 1328 3807 om.
1363 3758 1515 3807 Asea.

316 3823 434 3886 Cap.
468 3823 570 3873 xn.
664 3824 707 3872 1.
744 3825 842 3874 sint
874 3824 926 3873 B.
1032 3822 1077 3873 2.
1117 3824 1407 3873 adstruxerit
1438 3823 1489 3872 B.
1612 3823 1661 3873 3.
1710 3823 1756 3872 id
1804 3838 1900 3873 non
1966 3824 2191 3873 omnibus
2240 3824 2527 3888 praescribit

167 3907 267 3944 om·
304 3891 390 3941 AB.
496 3889 586 3940 3b.
625 3892 745 3941 solis
782 3892 1027 3956 episcopis
1063 3917 1126 3927 -
1168 3916 1227 3927 —
1266 3905 1362 3940 non
1400 3898 1449 3939 et
1482 3892 1709 3940 omnibus
1744 3891 1978 3954 praecipit
2014 3907 2099 3939 om.
2119 3892 2206 3940 AB.
2292 3891 2339 3941 4.
2378 3892 2526 3955 aliqui

166 3961 249 4011 cd.
286 3960 405 4009 liber
443 3958 698 4009 Clementis.
769 3958 943 4023 aliquis
1009 3960 1196 4023 reliqui.
1301 3958 1347 4008 5.
1387 3958 1743 4008 inflammamur
1777 3960 1894 4007 liber
1932 3957 2186 4008 Clementis.
2273 3958 2320 4007 6.
2357 3972 2528 4008 omnes

169 4030 327 4075 unum
365 4026 453 4075 AB.
559 4026 606 4075 7.
644 4026 753 4089 qnia
790 4027 1071 4077 sacerdotes
1107 4043 1196 4077 om.
1231 4025 1319 4075 AB.
1389 4024 1437 4076 8.
1471 4040 1616 4089 pares
1651 4024 1830 4075 aseae.
1900 4034 2063 4088 partes
2100 4028 2143 4076 b.
2213 4025 2423 4091 impares
2460 4029 2525 4089 d„

163 4092 437 4144 Harrisius.
509 4093 739 4157 importes
774 4094 905 4144 Fuls.
921 4095 1131 4145 Ursinus.
1171 4124 1176 4129 ·
2732 4106 2775 4133 ¹·

247 4193 294 4242 k.
345 4193 396 4241 Si
433 4195 572 4242 cuius
618 4196 819 4244 maritus
868 4204 1085 4244 mortuus
1135 4186 1302 4257 fuerit]
1402 4207 1509 4242 rum
1546 4193 1736 4256 prolata
1774 4192 1855 4257 qui
1892 4193 2120 4242 inflantur
2154 4202 2202 4243 et
2236 4193 2530 4245 extolluntur

163 4263 263 4312 Est
299 4259 631 4324 interpretatio
662 4262 1133 4312 verborumiilornm
1158 4253 1301 4317 ..ἐὰν
1403 4261 1633 4310 adversus
1700 4261 1880 4311 clerum
1954 4275 2138 4325 suaque
2198 4264 2524 4326 praerogativa

155 4325 490 4394 κοιμηθῇ.“
1402 4342 1512 4378 eum
1550 4329 1741 4392 privare
1776 4330 1966 4378 audent.

241 4398 278 4445 Ι.
317 4411 380 4445 ne
413 4391 690 4461 adduxeris]
744 4396 1051 4460 Praepetinm
1099 4397 1300 4447 scilicet.
1472 4395 1518 4444 b.
1555 4396 1845 4459 deponimus
1863 4396 2059 4456 infulas,
2077 4405 2124 4445 et
2147 4411 2290 4460 pares
2311 4391 2523 4458 snmus.]

159 4464 471 4526 „Praeputia
526 4462 741 4514 ducere“
792 4464 908 4514 dixit
952 4464 1160 4515 luvenal.
1199 4465 1299 4515 Sat.
1401 4462 1582 4512 Itonia.
1655 4463 1722 4512 lts
1774 4478 1870 4513 non
1921 4478 2044 4527 opus
2093 4471 2196 4513 erat
2242 4478 2348 4514 cnm
2401 4464 2523 4512 Har-

156 4532 244 4592 vl,
284 4526 473 4595 [237.].
511 4531 724 4594 (Rigalt.)
1402 4531 1521 4580 risio
1569 4537 1617 4579 et
1644 4530 1847 4592 Rigaltio
1896 4532 2167 4582 rescribere
2210 4534 2409 4594 imperes
2439 4545 2521 4579 su-

240 4598 366 4662 Cap.
402 4598 502 4648 xn.
553 4614 594 4647 a.
635 4599 746 4662 qnia
781 4598 1063 4648 sacerdotes
1098 4613 1189 4649 nos
1207 4599 1299 4649 deo
1400 4612 1520 4648 mus.
1594 4598 1735 4656 Quod
1772 4597 1832 4646 ad
1868 4596 2048 4648 infulas
2082 4606 2212 4648 recte
2248 4598 2523 4646 fluenterus

153 4673 221 4719 et
255 4667 389 4731 patri
425 4661 580 4733 [eoin]
617 4666 746 4716 Haec
780 4673 894 4716 sunt
929 4680 985 4715 ex
1020 4675 1184 4718 mente
1214 4680 1299 4717 eo·
1402 4665 1549 4715 Prim.
1583 4665 1715 4716 Eccl.
1752 4664 1853 4715 Art.
1902 4679 1951 4729 p.
1971 4663 2038 4715 62
2086 4664 2297 4727 „lnl'uia,
2351 4665 2524 4728 inquit,
