3263 5311
1282 1047 1398 1112 DE

507 1235 2149 1428 PAENITENTIA2

1038 1515 1051 1521 -
1084 1513 1641 1525 --——-ae--————

346 1687 855 1777 ‘Paenitentiam‘
896 1716 1012 1777 hoc
1044 1733 1231 1793 genus
1261 1689 1599 1789 hominum,
1646 1717 1803 1796 quod
1835 1725 1895 1778 et
1921 1717 2039 1797 ipsi
2062 1725 2228 1779 retro
2257 1717 2497 1791 ruimus,
2535 1728 2700 1786 cap-¹.

158 1816 358 1891 aeci,
418 1817 551 1879 sine
603 1813 829 1878 domiui
883 1814 1134 1890 lumine,
1200 1823 1410 1878 natura
1450 1825 1626 1879 tenus
1671 1825 1892 1880 norunt
1931 1818 2272 1898 passionem
2316 1809 2496 1884 animi

304 1971 420 2036 Cap.
458 1968 494 2021 Ι.
568 1969 613 2019 t.
650 1970 996 2020 Poenitentium
1032 1969 1083 2018 B.
1116 1969 1407 2019 florentinus
1442 1970 1575 2032 liber,
1614 1972 1724 2021 bibl.
1760 1972 2108 2022 Laurentianoe.

224 2101 259 2136 *
314 2100 877 2170 nE-PAENtTEN'mJ
937 2104 1075 2154 nnnc
1109 2103 1282 2156 librum

155 2171 398 2223 Erasmus
414 2186 507 2222 nou
530 2187 640 2222 esse
652 2171 936 2222 Tertulliani
951 2171 1141 2221 tandem
1158 2171 1284 2221 Rbe-

154 2254 290 2290 uano
330 2241 600 2304 persuasit,
648 2240 782 2290 nullo
820 2239 969 2303 magis
1005 2247 1284 2301 argumento

224 2322 313 2358 am
348 2306 466 2368 stili,
504 2316 556 2357 ut
582 2308 702 2371 ipsis
721 2307 921 2368 videtur,
955 2307 1284 2356 accuratioris.

198 2375 317 2425 uias
350 2377 619 2437 argumenti
655 2376 746 2424 vim
782 2388 899 2424 sane
934 2374 1148 2423 frivolam
1176 2387 1283 2423 esse

156 2456 358 2493 mecum
392 2457 627 2492 sensuros
663 2457 832 2496 omnes
868 2442 1056 2492 conlido
1079 2440 1159 2505 qui
1193 2441 1282 2489 Se·

158 2511 336 2574 ptimio
402 2509 606 2573 legendo
679 2511 906 2562 attentius
962 2509 1282 2572 incubuerint.

158 2576 280 2628 Nam
321 2586 369 2628 et
404 2578 483 2628 bic
515 2578 705 2641 genium
734 2578 877 2642 plane
890 2576 1278 2652 Tertulliauifum

156 2654 432 2708 agnoscent
464 2654 512 2697 et
547 2645 595 2697 in
633 2646 738 2696 aliis
774 2645 912 2698 libris
934 2645 1015 2710 qui
1037 2659 1279 2710 nunquam

153 2721 321 2765 status
383 2715 459 2764 sui
526 2716 899 2766 controversiam
966 2722 1078 2764 suut
1128 2714 1279 2778 passi,

150 2791 333 2846 partes
368 2781 583 2832 eiusdem
621 2784 784 2845 operis
821 2782 962 2843 longe
990 2781 1096 2831 aliis
1131 2796 1280 2831 accu-

150 2851 374 2900 ratiores
422 2858 470 2899 et
510 2850 836 2912 ,elegantiores
885 2850 1278 2899 animadvertent.

146 2916 380 2979 (Rigalt.)

227 2986 356 3049 Cap.
389 2984 427 3033 l.
474 3001 518 3036 a.
546 2978 911 3050 Paenitentiam]
938 2982 1278 3033 Paenitentiam

147 3058 354 3102 veteres
389 3052 547 3104 dixere
584 3053 817 3118 propositi
855 3060 935 3101 aut
962 3049 1150 3111 consilii
1181 3049 1278 3098 sive

138 3121 196 3170 in
237 3119 451 3171 meliora
487 3123 586 3171 sive
620 3122 667 3170 iu
693 3121 928 3170 deteriora
950 3118 1278 3167 mutationem.

138 3189 233 3239 Sic
269 3187 409 3253 apud
444 3188 570 3239 luris
587 3190 816 3239 Auctores
852 3200 994 3248 agere
1030 3185 1277 3248 paeniten-

136 3258 263 3307 tiam
308 3256 490 3306 dicitur
525 3258 696 3308 haeres
715 3270 857 3319 quem
896 3254 1104 3317 paenitet
1122 3252 1279 3301 aditae

136 3324 494 3384 baereditatis,
545 3332 593 3374 et
627 3324 833 3373 donator
879 3335 1020 3385 quem
1059 3320 1278 3371 conditae

134 3390 455 3443 donationis.
492 3392 626 3456 Apud
648 3392 945 3442 Christianos
981 3388 1277 3454 paenitentes

130 3461 258 3512 dicti
300 3473 438 3524 quos
472 3460 592 3509 vitae
627 3473 735 3509 cum
784 3458 988 3507 ethnicis
1034 3463 1278 3506 anteactae

132 3528 470 3593 paenitebat,
531 3537 583 3577 ut
627 3528 721 3576 iam
758 3526 988 3576 derelicto
1038 3522 1275 3573 idolorum

128 3597 298 3656 cultu,
350 3595 598 3659 repudiata
633 3595 815 3645 saeculi
837 3606 1014 3657 pompa
1034 3592 1080 3640 in
1101 3591 1277 3642 Christi

126 3664 396 3714 familiam
433 3664 583 3727 recipi
618 3662 933 3726 postularent.
998 3660 1125 3709 llaec
1159 3672 1274 3722 pae-

131 3733 357 3783 nitentia
433 3731 717 3793 eragebatur
760 3730 1009 3779 aversione
1045 3725 1277 3776 abdicatis

124 3791 198 3848 ἐν
236 3745 428 3867 &pride
460 3799 686 3848 omuibus
721 3799 917 3847 omniuo
948 3796 1069 3844 vitae
1099 3793 1278 3857 prioris

127 3869 555 3933 inquinamentis,
599 3867 864 3929 eademque
899 3864 1145 3913 aversione
1180 3869 1276 3911 tam

124 3936 296 4002 plena
337 3935 585 3985 consessio
639 3947 780 3996 quam
833 3947 939 3981 vera
988 3928 1276 3995 paenitentia

122 4005 465 4055 censebatur.
513 4001 678 4064 ltaque
713 4000 1003 4050 allocutione
1039 3996 1274 4048 interdum

120 4086 229 4122 uua
276 4084 436 4136 quam
457 4069 649 4134 plurimi
675 4069 860 4118 lavacro
883 4064 1110 4125 mandati,
1135 4073 1278 4129 atque

118 4140 326 4190 exinde
366 4151 569 4188 numero
606 4136 816 4187 fidelium
843 4143 890 4185 et
911 4136 1127 4184 fratrum.
1184 4133 1277 4181 Po-

116 4215 241 4258 stea
286 4220 413 4256 vero
450 4212 737 4267 augescente
773 4205 819 4253 in
848 4203 952 4253 dies
974 4200 1278 4251 multitudine

114 4276 415 4326 observato
454 4273 689 4337 quosdam
728 4274 940 4334 irrepere
967 4270 1117 4319 l'alsos
1136 4267 1277 4318 Cbri-

114 4345 364 4402 stianos,
412 4340 539 4390 uude
586 4339 853 4405 periculum
890 4337 1062 4389 ceteris
1099 4351 1156 4387 ac
1190 4335 1278 4384 de-

104 4412 298 4462 decus
347 4416 611 4469 crearetur,
647 4408 867 4458 examine
902 4421 958 4455 ac
993 4404 1278 4470 probatione

108 4494 269 4544 opus
316 4478 417 4526 fuit
448 4476 827 4540 scrupulosiore.
897 4473 1083 4524 Gradus
1136 4472 1279 4533 igitur

110 4544 411 4597 constituti
448 4545 495 4593 in
543 4545 717 4608 quibua
770 4541 1113 4606 aliquantisper
1160 4552 1277 4587 con-

100 4618 409 4667 sisterent,
436 4612 516 4676 qai
565 4613 684 4662 vitae
720 4611 937 4661 ethnicae
983 4606 1279 4657 deserendae

100 4692 243 4734 voto
293 4678 370 4730 ad
406 4679 547 4730 deum
576 4694 749 4746 sapere
773 4677 1066 4743 coepissent,
1102 4683 1153 4724 ut
1178 4672 1279 4724 illic

1387 2112 1435 2154 et
1469 2104 1610 2155 deum
1649 2119 1943 2168 cognoscere
1976 2114 2024 2156 et
2058 2107 2297 2168 cognitum
2328 2109 2498 2158 timere

1385 2186 1441 2222 ac
1478 2181 1637 2222 mente
1672 2188 1791 2235 pura
1822 2173 1984 2223 colere
2009 2175 2351 2238 perdiscerem,
2388 2183 2494 2226 tan-

1384 2240 1591 2304 demque
1629 2240 1748 2291 vitae
1786 2256 1842 2291 ac
1883 2243 2148 2292 sententiae
2184 2244 2496 2294 conversione

1382 2308 1585 2371 probata
1646 2309 1985 2371 paenitentiam
2053 2310 2354 2361 includerent
2405 2327 2490 2363 seu

1385 2375 1724 2437 consignarent
1757 2376 2011 2440 baptismo.
2101 2376 2201 2427 Hoc
2235 2379 2323 2427 luit
2357 2378 2497 2430 datae

1385 2442 1477 2493 deo
1514 2457 1624 2492 vero
1661 2443 1750 2492 sub
1771 2442 1946 2493 Christi
1974 2444 2164 2494 nomine
2189 2445 2296 2495 lidei
2323 2461 2494 2498 susce-

1381 2519 1586 2575 ptaeque
1635 2511 1848 2560 omnium
1895 2519 2023 2561 retro
2061 2511 2342 2563 delictorum
2380 2529 2491 2576 gra·

1380 2579 1475 2629 tiae
1509 2594 1596 2643 per
1634 2578 1807 2628 lavacri
1837 2578 2196 2630 similitudinem
2214 2596 2496 2632 sacraman-

1382 2655 1499 2705 tum,
1536 2662 1635 2712 quo
1668 2646 1855 2698 scilicet
1888 2648 2064 2698 ablutis
2099 2657 2343 2700 anteactae
2373 2651 2494 2701 ritae

1382 2714 1584 2766 maculis
1639 2716 2053 2779 obstringerentur
2109 2731 2168 2765 ne
2221 2718 2378 2777 furta,
2431 2734 2493 2767 ne

1380 2783 1649 2842 latrocinia,
1684 2798 1744 2832 ne
1772 2784 2001 2834 adulteria
2028 2784 2396 2842 committerent,
2430 2800 2494 2835 ne

1379 2851 1653 2915 depositum
1702 2851 1928 2914 appellati
1976 2850 2294 2911 abnegarent,
2347 2852 2487 2902 vitam

1381 2918 1587 2982 denique
1634 2918 1840 2967 virerent
1884 2918 2236 2968 innocentem·
2274 2919 2412 2976 Quod
2446 2922 2488 2970 si

1380 2986 1523 3035 tidem
1559 2985 1801 3044 fallerent,
1853 2985 1894 3034 si
1929 2985 2043 3048 quid
2078 3000 2246 3037 rursus
2282 2985 2489 3036 idolola-

1380 3053 1516 3113 triae,
1550 3052 1828 3112 homicidio,
1870 3051 2106 3103 adulterio
2141 3062 2365 3117 stuprove
2400 3056 2461 3106 ad

1380 3120 1475 3170 line
1510 3120 1694 3183 operati
1731 3127 2059 3182 arguerentur,
2093 3128 2193 3171 tum
2215 3137 2240 3170 a
2271 3136 2489 3172 commu-

1380 3188 1524 3238 nioue
1558 3187 1791 3237 orationis
1839 3196 1886 3238 et
1931 3198 2190 3238 conventus
2236 3200 2283 3241 et
2329 3192 2489 3241 omnis

1379 3256 1531 3306 sancti
1579 3255 1857 3306 commercii
1900 3255 2253 3318 relegabantur,
2298 3258 2370 3308 sic
2415 3266 2487 3308 ta-

1377 3338 1507 3384 men,
1559 3332 1611 3372 nt
1655 3323 1896 3373 secundae
1941 3324 2259 3388 paenitentiae
2305 3327 2485 3376 veniam

1377 3393 1484 3442 l'ore
1519 3406 1613 3440 non
1663 3391 1991 3454 desperarent,
2044 3392 2259 3442 Ecclesia
2297 3394 2485 3444 tandem

1378 3474 1469 3523 per
1520 3459 1897 3520 exomologesin,
1981 3459 2028 3509 id
2082 3469 2154 3510 est
2205 3461 2488 3511 delictorum

1376 3526 1620 3592 publicam
1659 3527 1706 3575 in
1747 3526 1874 3576 luctu
1924 3536 1971 3577 et
2005 3528 2231 3593 squalore
2276 3528 2488 3579 detesta-

1377 3595 1576 3654 tionem,
1611 3602 1819 3644 exorata.
1892 3595 2019 3644 llaec
2066 3596 2207 3657 igitur
2240 3597 2490 3647 exomolo-

1377 3662 1506 3724 gesis
1556 3662 1841 3711 delictorum
1896 3664 2042 3712 luisse
2100 3664 2281 3713 videtur
2332 3666 2486 3715 maui-

1377 3730 1630 3789 lestorum,
1668 3743 1789 3794 quae
1823 3737 1904 3778 aut
1937 3729 2136 3780 sceleris
2171 3731 2364 3780 infamia
2397 3747 2486 3781 no-

1378 3798 1493 3847 mini
1529 3798 1804 3847 Cbristiano
1856 3797 2072 3846 iniuriam
2121 3798 2350 3855 lacerent,
2408 3806 2490 3847 aut

1378 3865 1503 3915 ndei-
1525 3878 1694 3927 parum
1733 3864 1995 3914 constantis
2047 3865 2266 3928 exemplo
2315 3866 2487 3915 ceteris
2571 3899 2580 3909 .

1378 3932 1606 3982 fratribus
1663 3939 1906 3982 nocerent.
2006 3931 2311 3981 occultorum
2374 3947 2484 3981 vero

1377 4000 1668 4064 paenitentia
1722 4000 1846 4049 sicut
1898 4006 1946 4048 et
1999 3999 2243 4061 castigatio
2303 3999 2487 4049 divinae

1378 4067 1737 4118 misericordiae
1771 4074 2024 4117 reservata.
2097 4067 2219 4125 Quid
2255 4067 2295 4115 si
2327 4075 2483 4117 autern

1378 4136 1691 4186 manifestarii
1729 4143 1980 4196 negatores
2015 4134 2072 4183 ad
2129 4135 2485 4198 exomologesin

1378 4218 1475 4254 non
1510 4199 1765 4254 venirent?
1832 4202 1869 4252 ri
1903 4211 2129 4267 tanquam
2177 4203 2235 4252 ad
2283 4203 2488 4266 gentiles

1379 4287 1495 4322 suos
1549 4271 1847 4335 postliminio
1911 4271 2086 4320 reversi
2139 4284 2378 4336 nunquam
2438 4273 2485 4321 in

1377 4338 1592 4390 Ecclesia
1613 4340 1697 4389 Dei
1735 4340 1884 4389 luisse
1910 4339 2312 4391 existimabantur.
2364 4339 2486 4399 Quid

1379 4408 1421 4456 si
1468 4406 1593 4457 banc
1640 4415 1688 4457 et
1731 4407 2045 4456 manifestarii
2096 4406 2359 4457 homicidae
2406 4416 2488 4455 aut

1381 4476 1567 4525 moechi
1603 4471 1928 4538 spernerent?
1988 4474 2024 4524 li
2060 4490 2189 4533 vero,
2242 4474 2332 4523 nisi
2368 4488 2484 4534 gen-

1377 4542 1449 4593 tili
1486 4548 1723 4607 potestate
1759 4548 2110 4600 coercerentur,
2146 4543 2339 4604 impune
2360 4539 2486 4602 apud

1380 4611 1516 4674 ipsos
1567 4608 1771 4673 gentiles
1835 4609 1893 4658 ab
1945 4609 2158 4660 Ecclesia
2217 4606 2486 4665 exulabant,

1380 4677 1580 4742 pudoris
1627 4676 1780 4739 magis
1827 4690 2066 4728 memores
2113 4668 2254 4739 qua'm
2297 4674 2487 4725 salutis.

2072 4757 2186 4809 41*
