3263 5311
1151 433 1631 478 arennoancmr.
2313 421 2322 428 “
2357 429 2362 434 ’
2460 422 2582 487 149

222 591 338 654 nis.
401 587 749 650 ⁸¹Ructatur
790 582 1042 664 proinde
1085 582 1160 646 ab
1202 584 1447 648 homine
1490 604 1629 648 earo
1684 594 1857 667 pasta
1898 586 2030 649 ”de
2073 585 2336 664 bomine.
2383 573 2587 660 (Haec

226 691 323 772 qui
400 688 599 761 editis,
674 693 961 767 quantum
1022 684 1249 748 abestis
1292 686 1381 748 “a
1445 687 1732 749 conviviis
1779 686 2303 751 christianornm?
2386 688 2583 752 Minus
2629 703 2636 724 ¹

222 800 423 855 autem
466 797 530 852 et
570 787 655 850 illi
695 787 919 849 faciunt
958 785 1063 866 qui
1115 785 1359 849 libidine
1424 788 1550 850 sera
1604 789 1883 852 humanis
1925 788 2268 851 “membris
2334 788 2583 865 inhiant,
2631 839 2634 856 1

225 892 361 973 quia
404 890 576 952 viros
616 886 951 965 vorant-r
971 887 1169 950 minua
1214 889 1476 951 humano
1521 890 1810 970 sauguine
1854 889 1983 951 “ad
2030 889 2376 969 spurcitiam
2432 908 2582 954 oon-

229 981 742 1071 seemnmr‚‘quia
785 990 1047 1050 mmmm
1092 989 1442 1069 sanguinem
1494 985 1811 1054 lambunt?
1896 991 2033 1054 Nou
2086 991 2273 1053 edunt
2329 985 2618 1056 infantea'

226 1093 419 1173 plane,
466 1091 573 1153 sed
616 1090 805 1170 mgis
850 1085 1168 1190 puberem)
1215 1090 1543 1154 Erubescat
1585 1111 1758 1154 error
1783 1068 1985 1155 vester
2009 1091 2440 1166 ‘’Chr-isthmia,
2486 1093 2590 1173 qui

226 1213 303 1256 ne
346 1190 690 1255 animalium
754 1190 995 1270 quidem
1055 1191 1404 1270 sanguinem
1459 1192 1520 1254 in
1563 1192 1813 1274 “epulis
1872 1192 2233 1256 esculentis·
2274 1191 2588 1267 habemns,

228 1294 329 1374 qui
382 1300 703 1373 propterea
744 1291 1108 1354 “suffocatis
1168 1311 1405 1373 quoque
1465 1303 1525 1356 et
1566 1293 1953 1356 ⁷‘'morticinia
2009 1293 2398 1368 abstinemu8‚
2454 1295 2590 1356 ⁷¹ne

226 1414 349 1474 quo
395 1393 577 1454 modo
626 1393 912 1473 sanguine
955 1379 1428 1456 contaminemur
1481 1395 1574 1456 vel
1630 1396 1784 1458 intra
1843 1396 2067 1458 viscera
2122 1394 2377 1474 sepulto.
2464 1393 2587 1457 De-

228 1495 454 1574 nique⁰
498 1492 712 1555 ”inter
782 1501 1204 1574 temptamenta
1262 1495 1738 1558 Christianorum
1792 1496 2077 1558 botulos?
2122 1495 2298 1557 etiam
2374 1513 2590 1557 cruore

226 1595 593 1656 ”distensos
634 1594 965 1656 admovetis
980 1608 1028 1668 ’1,
1074 1595 1445 1658 ⁷⁴certissimi
1493 1597 1720 1659 scilicet
1762 1597 2050 1660 inlicitum
2093 1613 2233 1658 esse
2277 1613 2466 1675 penes
2510 1594 2588 1662 il-

230 1696 319 1758 los
366 1714 480 1775 per
522 1696 683 1774 quod
741 1694 1076 1758 exorbitare
1141 1717 1250 1758 eos
1310 1697 1507 1760 vultis.
1595 1699 1788 1761 Porro
1853 1698 2023 1778 quale
2090 1704 2234 1771 est‘,
2309 1702 2375 1756 ut
2435 1713 2590 1776 quoa

230 1797 585 1878 sanguinem
638 1797 930 1876 ”pecoris
998 1797 1248 1861 horrere
1314 1799 1633 1875 confiditis,
1702 1800 1964 1861 humano
2027 1798 2256 1860 inhiare
2314 1795 2588 1869 credatis,

234 1898 345 1961 nisi
420 1900 576 1959 forte
629 1896 1021 1959 ”suaviorem
1085 1916 1220 1960 eum
1288 1898 1565 1980 experti?
1655 1901 1849 1974 Quem
1916 1900 2156 1980 quidem
2209 1898 2328 1959 ”et
2391 1898 2592 1978 ipsum

232 1998 539 2079 ”proinde
572 1998 1038 2061 examinatorem
1067 1998 1545 2072 Christianorum
1586 2000 1910 2063 ”adhiberi
1956 1999 2270 2080 oportebat
2310 2007 2379 2060 ut
2418 2000 2592 2061 focu-

236 2098 373 2174 lum,
419 2107 489 2161 ut
529 2111 843 2162 acerram⁸.
930 2099 1246 2163 ”Proinde
1302 2102 1461 2163 enim
1517 2102 1919 2183 probarentur
1970 2100 2320 2181 sanguinem
2376 2099 2590 2162 huma-

238 2285 317 2336 62.
352 2287 586 2336 Ructatur
619 2286 795 2336 deiude
831 2285 890 2336 ab
928 2302 971 2337 c.
1051 2287 1281 2337 Ructatur
1325 2265 1468 2337 ab).-
1593 2287 1676 2338 63.
1714 2288 1774 2338 de
1810 2287 2006 2339 bomine
2042 2294 2117 2337 eat
2149 2288 2204 2337 F.
2318 2285 2401 2336 64.
2438 2300 2467 2334 a
2502 2301 2592 2336 om.

244 2355 291 2403 F.
330 2355 521 2404 Vindob.
642 2352 725 2403 65.
764 2353 996 2403 membris
1030 2355 1218 2404 vibrant
1255 2356 1304 2405 G.
1421 2353 1503 2405 66.
1542 2370 1568 2404 a
1603 2356 1836 2419 spurcitia
1875 2357 1952 2406 Ge.
2055 2353 2137 2405 67.
2176 2353 2476 2404 Christianos
2513 2353 2596 2418 qui

246 2423 317 2471 eb.
384 2420 674 2471 Christianis
709 2421 942 2470 insultare
977 2423 1058 2487 qui
1095 2423 1147 2471 F.
1302 2421 1383 2473 68.
1422 2422 1580 2486 epulis
1614 2425 1796 2473 inducit
1830 2423 1920 2473 10³.
1959 2423 2181 2486 Scaliger.
2320 2420 2402 2470 69.
2440 2421 2596 2470 suffo-

245 2488 358 2538 catis
392 2501 586 2553 quoque
620 2488 823 2538 ABEFG.
862 2489 1036 2553 Erfurt.
1081 2490 1270 2540 Vindob.
1358 2505 1550 2555 quoque
1587 2491 1636 2540 iu
1672 2492 1920 2541 suffocatis
1955 2491 2012 2542 D.
2117 2502 2313 2554 quoque
2347 2488 2598 2539 suffocatis

246 2558 418 2620 obedes.
554 2555 636 2605 70.
675 2556 960 2605 morticiniis
998 2559 1040 2607 b.
1120 2553 1227 2607 “71.
1267 2572 1326 2607 ne
1364 2572 1459 2622 quo
1497 2559 1643 2614 modo
1678 2558 1843 2608 ABEF.
1874 2559 2024 2608 Ooeon.
2059 2557 2233 2621 Erfurt.
2308 2571 2370 2605 ne
2403 2570 2599 2622 quoque

251 2623 332 2673 Ga.
365 2624 539 2689 aliqum
575 2625 687 2674 libri
724 2624 953 2675 Ρωιιειίί..
999 2639 1059 2674 ne
1096 2639 1193 2688 qno
1229 2624 1457 2690 (mances.
1493 2625 1732 2688 (Vindob.)

251 2690 484 2741 distensos
516 2691 682 2742 ABEF.
730 2693 918 2742 Vindob.
957 2693 1128 2757 Errare.
1215 2693 1451 2744 distentos
1487 2695 1747 2758 DGobedef.

257 2756 393 2806 vultis
425 2774 510 2807 ont.
545 2775 584 2808 c.
653 2758 838 2809 seilicet
874 2775 961 2810 σπι.
999 2761 1293 2825 Heoercomp.

258 2825 436 2885 experti
469 2826 597 2874 estin.
664 2828 817 2885 Quem
855 2827 969 2890 quid
1006 2836 1053 2878 et
1084 2822 1130 2877 λ.

1871 2624 1954 2676 72.
1991 2625 2040 2676 iu
2076 2632 2318 2676 tormenta
2351 2619 2398 2675 λ.
2515 2621 2599 2675 73.

1894 2693 1977 2744 74.
2015 2695 2270 2744 certissimi
2308 2716 2376 2728 -
2410 2717 2476 2728 —
2513 2706 2600 2741 eos

1427 2762 1507 2812 75.
1548 2762 1749 2826 pecudis
1785 2762 1987 2811 horrere
2021 2757 2066 2810 λ.

1270 2828 1353 2877 77.
1390 2838 1438 2878 et
1472 2845 1560 2879 om.
1597 2830 1777 2879 Μοὺθ.

2205 2761 2288 2811 76.
2326 2759 2601 2809 suaviorem

1890 2828 1971 2879 78.
2009 2828 2211 2892 perinde
2233 2826 2286 2879 c.
2393 2824 2473 2876 79.
2512 2824 2602 2874 ad—

263 2889 415 2939 hiberi
448 2892 691 2954 oportebat
724 2901 776 2942 nt
808 2893 1054 2955 foculum,
1092 2903 1140 2944 ut
1177 2909 1394 2945 acerram
1428 2897 1629 2946 ABEFG.
1661 2897 1848 2945 Vindob.
1872 2896 2020 2946 Onon.
2047 2896 2223 2958 Erfurt.
2295 2892 2514 2943 adbiberi
2551 2898 2604 2941 ut

258 2957 505 3017 foculum,
538 2966 589 3008 ut
622 2962 827 3010 aces-ram
866 2962 1122 3025 oportebat
1154 2964 1375 3027 Dobcdes.

331 3105 393 3141 m.
431 3093 537 3157 qnia
559 3094 682 3172 rivos
716 3092 946 3162 rorant?]
983 3097 1219 3147 Notantur
1242 3097 1372 3173 relliff

252 3168 448 3211 tatores.
517 3160 687 3211 Hinuc.
723 3162 824 3212 Fal.
866 3164 972 3214 Oct.
1009 3180 1114 3229 cap.
1152 3163 1217 3214 28
1255 3178 1373 3228 „qni

256 3228 436 3278 medios
472 3229 595 3278 viros
632 3229 867 3290 lambunt,
904 3231 1164 3282 libidinoso
1191 3246 1276 3281 ore
1299 3233 1373 3281 in-

1038 3300 1112 3349 Cf.
1171 3298 1372 3348 Martial.

254 3362 409 3426 Epigr.
443 3364 503 3424 11,
540 3362 624 3414 61.
712 3364 873 3416 luveu.
911 3366 1008 3417 Sat.
1047 3366 1106 3427 ΙΙ,
1145 3366 1225 3417 79.
1265 3378 1373 3416 cum

254 3430 443 3496 interpr.
479 3433 662 3482 Ausou.
696 3432 859 3496 Epigr.
895 3434 1028 3485 CXX.
1098 3433 1268 3485 Senec.
1307 3434 1375 3483 De

172 3546 181 3555 ,
254 3496 410 3549 Renes.
462 3499 549 3559 lv,
587 3499 673 3549 31.
758 3502 973 3559 Quaestt.
1023 3501 1149 3552 Natt.
1204 3501 1254 3560 1,
1297 3499 1376 3550 16.

254 3564 395 3628 Epist.
430 3567 491 3617 ad
526 3566 682 3617 Lucil.
702 3566 955 3617 Lxxxvn.
1008 3569 1373 3619 Firmddateru.

253 3632 431 3684 Astron.
469 3634 647 3695 vum.
685 3634 880 3694 V11‚16.
916 3636 1037 3697 vm,
1054 3634 1101 3686 3.
1156 3636 1372 3685 Eustatb.

252 3701 311 3751 ad
345 3701 395 3752 ll.
429 3701 508 3762 IX,
552 3701 668 3751 129.
741 3702 876 3752 Suid.
913 3717 954 3753 a.
977 3719 1015 3753 v.
1053 3697 1335 3767 Αεσβίσαι.

317 3783 359 3817 ιι.
395 3769 441 3818 iu
478 3770 642 3833 epulis
678 3766 966 3836 esculentia]
1015 3772 1192 3821 Vocem
1229 3772 1377 3836 epulis

250 3838 455 3899 spuriam
491 3837 723 3887 iudicavit
756 3836 852 3886 los.
889 3838 1121 3901 Scaliger.

317 3918 359 3952 o.
405 3899 651 3969 Denique]
706 3904 755 3953 V.
792 3905 954 3955 adnot.
993 3907 1051 3955 ad
1089 3906 1149 3956 de
1186 3905 1377 3956 Corona

254 3983 356 4032 cap.
389 3970 434 4020 3.
516 3972 587 4022 De
626 3985 685 4020 re
721 3973 918 4022 adnotat
952 3973 1193 4024 Heraldus
1231 3974 1378 4023 baec:

254 4036 331 4085 Sic
362 4038 405 4087 in
438 4039 719 4104 asperrima
749 4040 832 4088 illa
853 4042 1190 4103 persecutione
1212 4048 1382 4091 contra

252 3296 470 3357 guinibus
531 3288 887 3348 inhaerescunt.
903 3300 935 3323 “

252 4100 445 4155 iudaeos
467 4105 790 4157 Alexandriae
816 4108 988 4158 flacco
1024 4110 1225 4160 excitata
1259 4107 1382 4158 euil-
1426 4116 1433 4124 ·

254 4169 328 4220 lae
363 4186 521 4225 carues
558 4173 780 4234 oblatae,
815 4174 876 4224 de
912 4177 1086 4240 quibus
1112 4177 1193 4240 qui
1216 4183 1382 4237 gusta-

248 4247 432 4301 ¹verant,
488 4241 893 4302 dimittebantur,
948 4244 1028 4307 qui
1077 4243 1383 4293 abstinebant

248 4307 597 4360 cuciabautur.
674 4308 777 4358 Hae
812 4309 872 4359 de
906 4324 961 4360 re
986 4311 1123 4361 Pbilo
1158 4305 1383 4375 pluribufi

245 4372 292 4422 in
326 4374 481 4425 Flacci
517 4375 747 4425 historia.
1095 4414 1112 4423 -

309 4456 358 4505 p.
401 4439 632 4507 botulos]
670 4440 834 4493 Botuli
858 4453 971 4495 aunt
989 4445 1212 4496 intestina
1237 4458 1384 4494 carne

246 4514 292 4556 et
323 4511 557 4573 sauguine
596 4511 728 4559 ram
776 4526 885 4561 cum
923 4512 1259 4564 condimentis,
1332 4512 1381 4562 V.

245 4573 528 4642 interpretes
578 4577 645 4626 ad
683 4578 813 4629 Fest.
851 4594 892 4631 a.
925 4596 967 4631 r.
1016 4589 1064 4631 et
1109 4581 1171 4631 ad
1204 4579 1382 4632 Arnob.

244 4642 351 4694 Adv.
384 4644 514 4697 Natt-
555 4644 621 4706 11,
662 4643 747 4697 42.
817 4647 949 4711 Apio.
985 4648 1046 4711 11,
1084 4648 1131 4699 5.

1502 2962 1585 3012 80.
1622 2961 1828 3013 Perinde
1863 2979 1906 3013 c.

1542 3111 1591 3159 q.
1653 3091 1943 3157 admovetis]
2008 3093 2251 3157 Sanguine
2301 3093 2608 3144 abstinebant

1476 3163 1755 3217 Christiani.
1809 3163 1858 3212 V.
1892 3162 2046 3211 Clem-
2070 3161 2202 3212 Alex.
2240 3162 2443 3224 Paedag.
2478 3162 2541 3221 ΙΙ,
2560 3161 2608 3211 1.

1476 3231 1630 3281 Clem.
1670 3231 1873 3280 Constit-
1906 3230 2074 3293 Apoat.
2112 3229 2185 3291 Vl,
2226 3229 2305 3280 12.
2355 3228 2605 3292 Angustia.

1477 3299 1531 3351 C.
1566 3300 1728 3348 Faust.
1765 3297 1967 3348 Manicb.
2003 3297 2183 3359 XXXH,
2224 3297 2302 3348 13.
2372 3297 2471 3347 Leo
2508 3297 2608 3346 im-

1476 3382 1582 3431 per.
1617 3365 1803 3416 Novell.
1839 3363 1996 3415 Lvnt.
2078 3365 2256 3418 Enaeb.
2293 3366 2352 3415 Η.
2385 3364 2443 3414 E.
2477 3365 2530 3425 V,
2560 3364 2606 3413 1.

1476 3434 1589 3483 Min.
1639 3433 1740 3483 Fel.
1777 3434 1938 3483 Octav.
1986 3446 2094 3496 cap.
2130 3432 2212 3483 30.
2295 3431 2610 3484 Carcellaeus

1478 3501 1548 3551 De
1584 3501 1683 3552 Bau
1718 3501 1862 3561 Sang.
1900 3515 2005 3564 cap.
2048 3498 2130 3552 13.

1544 3583 1586 3618 ι·.
1643 3569 1795 3618 Porro
1831 3568 1975 3631 quale
2011 3564 2110 3630 est]
2181 3567 2439 3618 Fon-mulae
2473 3567 2612 3631 quale

1476 3643 1562 3698 est,
1602 3650 1695 3700 qua
1731 3635 1862 3684 baud
1898 3649 2014 3685 raro
2047 3636 2213 3695 utitur,
2267 3634 2484 3698 exempla
2521 3633 2610 3683 ad-

1478 3703 1656 3767 scripsi
1691 3703 1753 3753 ad
1788 3702 1857 3751 De
1891 3703 2020 3764 Fuga
2055 3702 2106 3752 in
2140 3702 2387 3752 persecut.
2422 3715 2528 3763 ουρ.
2559 3699 2611 3750 5.

1479 3770 1547 3819 De
1582 3771 1852 3832 significatu
1887 3769 2154 3834 particulae
2185 3785 2323 3834 porro
2369 3784 2410 3817 r.
2446 3768 2613 3817 adnot.

1480 3838 1541 3887 ad
1577 3838 1646 3887 De
1682 3838 1873 3887 Corona
1910 3852 2015 3901 cap.
2052 3837 2102 3886 7.

1546 3920 1587 3953 ιι.
1625 3912 1677 3954 ιιι
1713 3904 1947 3963 foculum,
1983 3911 2037 3954 ut
2060 3898 2319 3968 acerram]
2354 3899 2609 3965 Foculum‚

1480 3963 1743 4036 ἐσχάραν,
1760 3963 2028 4036 ἐσχαρίδα
2051 3983 2120 4019 πε
2158 3962 2452 4036 ιφορητῆν,
2473 3984 2612 4021 acer·
2719 4014 2728 4017 -

1920 4033 1935 4049 1

1481 4053 1586 4089 ram
1634 4032 2022 4102 λιβανωτριδα.

1483 4107 1626 4156 batur
1662 4115 1710 4156 et
1744 4107 2038 4156 offerebatur
2074 4105 2377 4165 Christiania,
2415 4112 2467 4154 ut
2501 4104 2613 4154 inde

1482 4174 1896 4241 thuaqsumerent,
1934 4174 2064 4238 qnod
2096 4173 2171 4223 vel
2209 4173 2257 4223 in
2289 4172 2504 4222 foculum
2539 4169 2616 4221 vel

1486 4243 1533 4291 iu
1570 4256 1785 4291 acerram
1822 4241 1894 4290 vel
1931 4242 1979 4290 in
2009 4241 2202 4291 bustum
2226 4255 2336 4289 arae
2366 4240 2615 4289 inicerent.

1486 4309 1688 4359 Tertull.
1723 4308 1834 4359 Λᾶν.
1871 4307 2099 4358 Marcion.
2137 4308 2175 4368 Ι,
2207 4306 2270 4356 27
2322 4306 2488 4367 „Quid
2519 4320 2617 4355 uon

1482 4377 1535 4426 iu
1571 4375 1991 4440 persecutionibus
2044 4375 2206 4425 statim
2252 4374 2412 4424 oblata
2447 4387 2619 4423 acerra

1484 4443 1695 4493 animam
1743 4443 1998 4505 negatione
2044 4438 2337 4492 lucraris?“
2409 4440 2619 4489 Basilius

2160 4053 2246 4088 aee
2300 4037 2614 4088 circumiere·-

1456 4511 1534 4563 ·in
1571 4510 1762 4561 lulittae
1797 4511 2020 4574 martyria
2057 4510 2309 4560 encomio:
2362 4502 2500 4563 „aeui
2533 4497 2619 4555 εὖ·

1484 4571 1589 4631 θὺς
1621 4571 1924 4642 λιβανωτὸς
1956 4571 2050 4625 καὶ
2082 4568 2305 4644 ἐσχάρα.
2353 4568 2447 4622 καὶ
2478 4567 2618 4638 πρό·

1484 4656 1645 4700 τασις
1689 4643 1806 4699 τοῖς
1852 4639 2225 4710 δικαζομένοις
2269 4634 2616 4710 ἀρνουμένην
