3263 5311
807 469 883 510 DE
929 469 1153 514 intumo
1196 469 1490 518 mmsus
1534 470 1878 514 Pstcmco&

2398 453 2529 520 853

186 619 246 680 in
282 617 374 682 illa
418 617 547 691 die,
594 618 1081 684 exterminabitur
1123 618 1199 681 de
1238 620 1464 701 populo
1510 638 1647 682 suo.
1712 620 1887 684 Certe
1915 619 1976 682 in
2006 617 2343 696 evangelio⁰
2389 617 2526 680 illos

186 718 306 784 dies
349 717 589 781 ieiuniis
635 719 1062 782 determinatos
1106 727 1318 802 putant
1357 720 1420 784 in
1464 721 1683 801 quihus
1727 721 1956 784 ablatus
2002 727 2098 783 est
2122 736 2421 800 sponsus,
2467 727 2527 780 et

181 819 292 882 hos
347 838 485 882 csse
542 819 656 884 iam
715 820 882 891 solos
936 819 1235 900 legitimos
1298 820 1659 886 ieiuniorum
1715 820 2223 894 Christianorum,
2287 818 2524 880 abolitis

179 920 458 1001 legalibus
504 928 564 981 et
604 921 972 1001 propheticis
1014 921 1430 985 vetustatibus.

178 1021 317 1102 quid
361 1019 582 1102 sapiat,
626 1021 750 1086 Lex
795 1030 855 1084 et
893 1021 1221 1103 prophetae
1249 1039 1440 1102 usque
1468 1024 1542 1086 ad
1570 1024 1875 1088 loannem.
1929 1024 2136 1102 ltaque
2170 1020 2245 1082 de
2275 1028 2435 1082 ceter

1516 923 1630 990 Ubi
1674 923 1880 986 volunt
1921 922 2114 997 enim,
2157 920 2528 999 adgnoscunt

179 1121 655 1184 “indifferenter
694 1123 1077 1186 ieiunandum
1107 1142 1180 1185 ex
1207 1123 1484 1200 arbitrio,
1530 1143 1655 1187 non
1684 1144 1754 1187 ex
1784 1123 2068 1204 imperio,
2112 1140 2302 1184 novae
2332 1120 2515 1184 disci·

174 1222 369 1302 plinae
410 1240 522 1302 pro
582 1224 950 1304 temporibus
1010 1232 1071 1286 et
1123 1225 1319 1288 causis
1375 1224 1876 1306 uniuscuiusqne3
1951 1224 2039 1286 sic
2094 1230 2155 1285 et
2208 1220 2803 1304 apostolosicumo.

177 1410 265 1459 lb.
303 1410 582 1460 differenter
615 1411 670 1461 D.

237 1579 359 1642 Cap.
388 1577 447 1628 11.
498 1594 540 1628 a.
578 1579 625 1628 in
662 1575 933 1645 evangelio]
971 1581 1019 1629 ln
1040 1581 1291 1644 erenqelio,

167 1650 264 1699 hoc
284 1655 363 1696 cst
399 1647 560 1706 hodie,
598 1647 726 1710 apud
748 1647 1065 1697 Christianos.
1115 1649 1293 1710 Mans,

165 1727 349 1778 nempe
405 1712 648 1773 catholici,
697 1728 820 1778 quos
857 1715 1110 1778 psychicos
1145 1722 1296 1765 vocat.

163 1786 214 1833 ln
254 1795 368 1831 eam
404 1795 519 1830 vero
554 1781 842 1830 seutentiam
898 1782 1024 1832 libro
1072 1781 1133 1830 de
1169 1782 1294 1832 Ora-

159 1853 298 1902 tione
340 1864 448 1913 cap.
464 1848 545 1898 14.
581 1848 696 1900 dixit
732 1849 809 1899 die
829 1849 1040 1898 Paschae
1073 1863 1295 1900 commu-

159 1932 274 1969 nem
318 1930 439 1980 esse¹
479 1924 526 1965 et
561 1917 698 1980 quasi
733 1916 978 1980 publicam
1016 1916 1178 1966 ieiunii
1214 1932 1296 1966 re-

157 1986 420 2049 ligionem.
512 1983 660 2042 Quasi
697 1984 823 2047 apud
862 1984 1127 2034 catholicos
1165 1990 1295 2033 extra

154 2055 290 2104 diem
338 2050 572 2111 Paschae,
621 2051 721 2101 sive
768 2061 897 2101 extra
947 2052 1060 2101 illos
1107 2052 1210 2101 dies
1247 2052 1294 2101 in

152 2122 349 2186 quibus
385 2118 575 2168 ablatus
612 2127 687 2168 est
720 2133 950 2183 sponsus,
999 2133 1097 2168 non
1133 2125 1298 2167 essent

152 2187 370 2252 legitimi
410 2187 699 2235 ieiuniorum
748 2186 852 2235 dies
898 2200 990 2236 nec
1025 2186 1296 2236 communis

153 2265 242 2307 aut
279 2253 483 2321 publica
520 2253 681 2303 ieiunii
734 2254 925 2316 religio,
978 2253 1064 2303 sed
1104 2262 1155 2302 ut
1191 2253 1297 2317 ipse

153 2338 272 2375 mox
313 2322 464 2382 dicet,
551 2321 705 2370 assive
753 2335 955 2370 currens
1005 2335 1061 2370 ex
1096 2320 1295 2371 arbitrio

152 2392 424 2454 cuiusque.
536 2396 554 2437 t
601 2396 759 2438 tamen
809 2388 1107 2438 auctoritatis
1155 2387 1300 2437 debet

151 2473 273 2509 esse
313 2456 570 2515 maximae,
620 2456 751 2519 quod
785 2455 1106 2519 Hieronymus
1142 2454 1295 2519 Epist.

146 2527 214 2576 ad
258 2521 547 2576 nemetiam
595 2530 799 2573 testatur
834 2524 1088 2573 ecclesiam
1127 2522 1295 2573 catho-

145 2594 304 2645 licam
364 2605 423 2640 ex
460 2591 794 2654 apostolorum
843 2591 1101 2640 traditione
1152 2602 1295 2639 uuam

144 2670 255 2714 toto
296 2674 436 2710 anuo
474 2658 891 2724 quadragesimam
929 2666 1149 2723 tempore
1174 2672 1295 2708 con·

140 2744 278 2793 grue
315 2728 557 2778 ieiunare.
627 2728 747 2777 Nam
785 2727 894 2790 quis
930 2727 1094 2777 audiat
1127 2725 1296 2776 dicen·

139 2808 249 2848 tem
304 2796 422 2847 dies
482 2793 595 2844 illos
653 2794 700 2843 in
750 2795 926 2857 quibus
980 2794 1169 2844 ablatus
1223 2800 1298 2843 est

137 2879 400 2931 sponsus,
441 2862 758 2911 Parasceuam
780 2866 828 2911 et
850 2861 1132 2921 Sabbatum,
1168 2867 1294 2911 tem-

133 2949 242 2997 pus
296 2932 541 2983 horarum
597 2928 908 2993 quadraginta
961 2936 1088 2989 octo,
1149 2941 1293 2979 unam

135 3002 288 3051 illam
329 2996 758 3064 quadragesimam
795 2997 992 3051 fuisse?
1038 2999 1107 3046 An
1138 2996 1295 3045 verius

132 3068 300 3119 tuerit
338 3066 541 3131 priscos
556 3064 877 3120 Christianos,
913 3064 1082 3114 divinis
1106 3071 1153 3112 et
1172 3076 1292 3127 apo·

129 3135 346 3188 stolicis
408 3134 646 3183 formatos
682 3132 928 3192 institutis,
983 3132 1159 3182 ieiunia
1205 3144 1292 3180 sua

129 3206 199 3256 ab
241 3198 672 3268 quadragesimali
710 3199 890 3249 Christi
944 3199 1122 3249 ieiunio
1171 3212 1292 3262 qua-

120 3271 490 3335 dragesimam
527 3281 852 3332 nuncupasse,
888 3273 940 3316 nt
968 3266 1297 3329 significarent

120 3341 348 3391 Iudaica
391 3350 497 3386 non
532 3349 659 3395 esse,
695 3349 858 3385 verum
897 3327 1210 3384 Christiana?
1245 3339 1294 3381 et

119 3409 425 3469 abrogatas
446 3402 746 3452 Christianae
782 3402 1020 3452 libertatis
1056 3398 1291 3451 beneflcio

115 3474 386 3527 Iudaicae
430 3470 549 3531 legis
585 3470 910 3531 morositates,
947 3484 1125 3520 coenas
1143 3481 1293 3533 puras

116 3552 174 3594 et
228 3542 356 3592 dies
419 3550 617 3599 magnos
673 3546 721 3587 et
770 3538 1016 3588 sabbatica
1073 3529 1294 3585 ieiunia?

111 3612 312 3676 ltaque
356 3617 612 3656 memores
647 3605 850 3668 adeptae
898 3605 1138 3656 dominica
1173 3619 1291 3670 pas-

109 3681 275 3731 sione
317 3671 594 3730 libertatis,
633 3672 822 3736 quaein
844 3686 1135 3735 parasceuae
1162 3673 1291 3723 diem

110 3745 417 3801 inciderat,
490 3753 807 3803 parasceuam
859 3738 1053 3804 quidem
1112 3740 1292 3790 ieiunio

109 3823 436 3867 sacravere,
475 3813 529 3856 ut
564 3815 694 3857 esset
727 3820 785 3855 eo
821 3805 899 3856 die
934 3806 1063 3871 quod
1101 3807 1166 3856 ait
1199 3808 1291 3858 Se-

105 3881 352 3949 ptimius
416 3875 503 3925 lib.
553 3874 613 3924 de
649 3874 879 3924 Oratione
928 3875 1198 3925 communis
1246 3882 1298 3923 et

105 3949 272 4016 quasi
319 3942 534 4010 publica
571 3941 733 3991 ieiunii
769 3941 954 4003 religio.
1009 3941 1292 3992 Cuiusmodi

99 4016 388 4070 ieiunium
448 4021 560 4058 mox
589 4008 884 4058 'declarandi
932 4009 1089 4059 luctus
1135 4023 1164 4058 e
1199 4008 1291 4058 do-

99 4086 317 4136 minica
361 4076 609 4144 passione
642 4078 861 4140 concepti
897 4077 1058 4127 studio
1097 4077 1144 4126 iu
1175 4076 1291 4126 sab-

95 4155 302 4204 batum
324 4143 642 4212 produxere.
691 4143 772 4193 Sic
798 4151 958 4193 tamen
995 4150 1048 4193 ut
1082 4150 1131 4193 ct
1165 4143 1287 4193 ieiu-

95 4222 193 4273 nia
237 4214 478 4283 quidem
508 4209 602 4260 alia
633 4210 1029 4262 commendandis
1057 4210 1292 4261 orationi-

92 4291 209 4340 bus
252 4284 384 4335 suis
427 4278 569 4328 utilia
604 4285 867 4339 servarent,
903 4277 990 4329 sed
1012 4292 1069 4328 ex
1092 4277 1292 4328 arbitrio

92 4356 390 4417 cuiusque
434 4345 644 4405 ἀῆναι,
707 4345 910 4395 maxime
955 4354 1118 4397 autem
1167 4340 1291 4397 ritus

91 4424 266 4476 illius
322 4412 590 4466 ssbbatici
636 4413 746 4475 iugo
793 4412 963 4463 libera.
1030 4413 1179 4473 Adeo,
1231 4426 1294 4463 ne

90 4489 235 4557 quid
306 4483 581 4535 iudaizare
654 4479 927 4531 viderentur
997 4494 1293 4544 parasceuae

89 4553 490 4612 Christianae,
514 4561 602 4597 seu
623 4546 855 4608 Paschae,
881 4541 1290 4614 σταυρωσίμου.

85 4637 146 4678 et
188 4617 434 4676 sabbat-i
475 4615 726 4679 sequentis
770 4614 1020 4676 ieiunium,
1069 4629 1168 4666 non
1204 4630 1296 4680 pa·

83 4699 431 4747 resecem,
490 4695 649 4748 neque
682 4681 939 4734 sabbatum
971 4681 1296 4749 appellavere,

1398 1582 1485 1631 sed
1524 1582 1961 1647 quadragesimam,
2000 1589 2051 1632 ut
2086 1583 2178 1632 iam
2218 1590 2347 1633 esset
2382 1583 2522 1634 Chri-

1398 1649 1608 1699 stianum
1644 1649 1892 1710 ieiunium,
1930 1665 2026 1700 non
2054 1664 2348 1713 parascenae
2367 1665 2525 1714 nequa

1399 1716 1604 1777 sabbati,
1642 1717 1731 1766 sed
1764 1718 2163 1782 quadragesimae
2186 1717 2319 1767 illins
2346 1717 2521 1767 ieiunio

1399 1783 1577 1833 Christi
1625 1783 1772 1847 plane
1832 1784 1989 1835 divino
2039 1792 2310 1835 transactae
2356 1799 2525 1835 sacra-

1398 1858 1631 1901 mentum.
1704 1851 1805 1901 Hoc
1838 1866 1957 1901 sane
1992 1866 2140 1902 sensu
2178 1852 2306 1916 quod
2343 1853 2403 1901 ab
2441 1869 2522 1902 ca-

1399 1918 1593 1968 tholicis
1629 1933 1745 1969 aevo
1782 1918 2062 1969 Tertulliani
2114 1920 2364 1969 dicebatur
2400 1934 2524 1979 „eos

1398 1984 1522 2045 dies,
1591 1988 1641 2035 ln
1694 1987 1869 2050 quibus
1922 1985 2111 2036 ablatus
2164 1994 2240 2036 est
2292 2001 2524 2050 sponsus,

1398 2067 1509 2103 esse
1561 2053 1667 2102 dies
1715 2054 1904 2103 ieiuniis
1952 2054 2316 2114 determinatos,
2373 2068 2429 2104 ac
2464 2055 2525 2103 de

1400 2130 1561 2170 cetero
1599 2121 1880 2171 differenter
1928 2122 2255 2182 ieiunandum,
2303 2135 2356 2169 cx
2393 2120 2525 2171 arbi-

1398 2189 1510 2246 trio,
1566 2201 1662 2237 non
1700 2203 1755 2236 ex
1804 2190 2025 2251 imperio,
2076 2203 2167 2252 pro
2221 2189 2525 2252 temporibus

1398 2262 1446 2303 et
1483 2255 1643 2304 causis
1679 2256 2088 2320 uniuscuiusque;
2135 2255 2209 2306 sic
2242 2265 2289 2305 et
2323 2264 2525 2318 aposto-

1397 2322 1474 2371 los
1509 2336 1746 2382 servasse,
1797 2322 1982 2371 nullum
2032 2322 2180 2370 alium
2219 2322 2525 2385 imponentes

1400 2389 1562 2451 iugum
1601 2398 1844 2438 certorum
1893 2395 1941 2438 et
1990 2389 2034 2438 in
2069 2402 2327 2439 commune
2363 2389 2523 2438 omni-

1396 2456 1488 2507 bus
1509 2456 1843 2506 obeundorum
1866 2455 2209 2516 ieiuniorum,“
2246 2455 2523 2518 Hieronymi

1397 2525 1637 2575 sententia
1703 2524 2066 2574 confirmabitur
2129 2522 2189 2573 ad
2251 2523 2521 2573 Marcellam

1399 2591 1657 2642 scribentis
1693 2590 1949 2641 ecclesiam
1987 2591 2270 2641 catholicam
2310 2605 2364 2640 ex
2401 2604 2525 2654 apo-

1396 2659 1636 2710 stolorum
1673 2661 1928 2710 traditione
1955 2674 2098 2709 unam
2126 2666 2228 2709 toto
2256 2674 2382 2708 anno
2404 2674 2523 2723 qua-

1397 2728 1719 2790 dragesimam
1756 2735 1976 2791 tempore
2022 2740 2239 2789 congruo
2290 2726 2523 2776 ieiunare.

1395 2795 1584 2844 Etenim
1631 2795 1861 2858 quicquid
1909 2794 2168 2844 Christiani
2229 2794 2525 2852 ieiunabant,

1397 2862 1526 2927 quod
1577 2862 1806 2912 irenaeus
1854 2861 1981 2926 apud
2017 2860 2276 2911 Eusebium
2314 2861 2434 2911 ilist.
2470 2862 2522 2910 V.

1396 2937 1493 2979 tam
1523 2929 1650 2977 varie
1670 2944 1726 2979 ac
1747 2928 2026 2979 differenter
2045 2927 2346 2979 observatum
2371 2930 2521 2979 luisse

1395 2996 1610 3056 tradidit,
1662 3003 1714 3045 ut
1750 3004 1911 3045 essent
1960 2997 2041 3060 qui
2079 3010 2228 3045 unum
2263 2996 2355 3045 sibi
2394 2997 2521 3047 diem

1397 3063 1708 3113 ieiunandum
1764 3077 1875 3119 esse
1921 3064 2191 3124 crederent,
2247 3062 2329 3111 alii
2377 3063 2521 3123 duos,

1395 3131 1476 3182 alii
1512 3130 1700 3195 plures,
1735 3130 1816 3180 alii
1853 3144 1965 3180 vero
2001 3131 2129 3180 diem
2165 3144 2307 3180 suum
2331 3129 2517 3179 esuria-

1394 3199 1489 3248 lem
1526 3212 1615 3261 per
1650 3198 1965 3263 quadraginta
2004 3197 2201 3247 diurnas
2228 3208 2518 3248 nocturnas-

1395 3281 1489 3331 que
1525 3267 1671 3316 horas
1707 3265 1955 3325 ducerent,
2009 3264 2254 3330 quicquid,
2305 3266 2519 3329 inquam,

1394 3342 1443 3385 et
1477 3334 1915 3397 quomodocunque
1954 3332 2246 3392 ieiunabant,
2299 3332 2522 3392 Quadra-

1394 3401 1627 3463 gesimam
1665 3416 1776 3451 sese
1811 3401 2024 3450 ieiunare
2048 3400 2415 3464 profitebantur.
2464 3399 2521 3451 ld

1393 3483 1504 3518 vero
1540 3470 1769 3518 Socrates
1805 3468 1970 3532 quinto
2017 3469 2160 3517 etiam
2198 3466 2522 3517 Historiarum

1393 3535 1520 3586 libro
1557 3536 1732 3585 mirum
1768 3535 1861 3585 sibi
1896 3535 2045 3585 videri
2081 3534 2160 3585 ait.
2216 3534 2370 3584 Minus
2392 3541 2521 3585 certe

1393 3603 1523 3667 quod
1561 3603 1819 3653 miraretur
1844 3603 2113 3664 habiturus,
2149 3602 2190 3653 si
2218 3603 2521 3654 meminisset

1393 3671 1486 3720 hoc
1520 3671 1675 3721 fuisse
1709 3671 1946 3734 apostolis
1981 3669 2257 3731 consilium,
2303 3679 2355 3721 nt
2390 3671 2517 3721 obli·

1391 3739 1560 3788 tei-atis
1606 3737 1893 3789 Iudaeorum
1939 3738 2157 3790 sabbatis
2207 3738 2382 3789 ieiunia
2431 3753 2521 3795 sua

1394 3804 1674 3865 Christiani,
1711 3818 1834 3868 quae
1870 3805 2068 3854 domino
2104 3820 2195 3855 suo
2220 3804 2403 3855 tantula
2428 3820 2519 3868 pro

1391 3872 1537 3922 tantis
1573 3872 1823 3932 offerrent,
1859 3872 1919 3922 de
1956 3871 2119 3922 ieiunii
2151 3871 2378 3922 dominici
2401 3887 2518 3936 spa-

1391 3940 1459 3989 tio
1496 3939 1789 4001 vocitarent3
1837 3945 1890 3989 ut
1923 3938 2006 4003 qui
2043 3939 2201 3989 miuus
2237 3953 2293 3988 ea
2328 3940 2523 4002 quirent

1369 4006 1586 4071 ‘assequi
1621 4020 1815 4070 reapse,
1850 4005 2024 4056 saltem
2059 4007 2294 4056 memoria
2317 4020 2519 4057 venera-

1391 4080 1574 4139 rentur.
1624 4070 1706 4123 Sic
1742 4072 1810 4122 illi
1847 4074 1992 4123 unius
2028 4072 2142 4134 diei,
2177 4071 2260 4124 alii
2291 4072 2519 4134 duorum,

1393 4140 1472 4190 alii
1493 4138 1708 4204 plurium
1727 4139 1905 4190 ieiunio
1926 4140 2353 4203 Quadragesimam
2376 4141 2517 4191 Chri-

1392 4208 1454 4259 sti
1488 4221 1757 4273 pacemque
1790 4222 1971 4286 ’secum
2019 4207 2362 4288 nihilominust
2384 4209 2519 4260 cole·

1393 4276 1572 4409 ’ᾇῗῖὲεα
1587 4274 2218 4402 Ηὲἒέῗῒσὲὲὲαέἐῖΐῗ
2234 4269 2520 4409 ‘⁶212AE

1392 4407 1492 4471 τῆς
1522 4404 1760 4464 πίστεως
1781 4404 2163 4469 συνίστησιν.“
2180 4410 2393 4473 (Rigalt.)
2442 4409 2518 4461 cf.

1394 4479 1539 4529 etiam
1600 4476 1819 4529 fluenter
1874 4478 2112 4533 Primord.
2167 4476 2353 4561 Eccles-
2416 4477 2521 4527 Ast.

1393 4544 1863 4680 “iwaiff'oemq
1924 4612 2000 4665 cr·
2033 4611 2197 4665 adnot.
2233 4609 2294 4663 aa
2329 4608 2416 4662 lit».
2451 4610 2523 4663 aa

1398 4679 1598 4747 Scapul.
1635 4694 1741 4746 cap.
1764 4678 1813 4732 3.

2439 1038 2473 1081 ο
2488 1020 2515 1057 t,
2528 1018 2638 1062 Luc.
2652 1015 2828 1060 XVMB.

2526 1069 2676 1112 Hattb.
2688 1066 2829 1116 ΧΙ,13.
