3263 5311
1083 486 1159 527 nr.
1203 445 1571 530 uouosadu.
2379 475 2507 540 ⁷6?

161 634 332 716 gamin
373 633 856 712 recognoscitur,
921 652 1000 696 ne
1042 633 1135 697 vel
1176 634 1402 697 bestiae
1460 634 1534 698 de
1588 636 1860 699 moechia
1913 648 2319 702 nascerentur.
2408 640 2501 704 Ex
2524 637 2716 743 ἣξζςζῐ·

160 735 457 809 omnibus,
501 734 724 814 inquit,
788 734 1001 798 bestiis
1047 753 1120 798 ex
1161 737 1322 797 omni
1368 754 1544 799 earne
1588 738 1707 799 duo
1749 737 1997 800 induces
2042 738 2106 799 in
2149 757 2379 818 arcam,
2424 750 2489 804 ut

157 838 336 899 vivant
381 844 573 898 tecum
618 836 917 898 masculus
962 845 1024 899 et
1063 836 1312 899 femina:
1378 846 1553 899 erunt
1607 838 1683 900 de
1739 837 2090 901 animalibus
2152 829 2487 905 volatilibus

160 938 470 1001 seeundum
512 956 732 1017 genus,
777 945 838 999 et
879 936 956 999 de
997 938 1274 1000 omnibus
1306 939 1687 1017 serpentibus
1720 948 1913 1002 terrae
1945 941 2273 1003 secundum
2304 960 2491 1021 genus

151 1040 439 1119 ipsorum.
503 1038 622 1099 duo
665 1057 737 1100 ex
782 1039 1060 1101 omnibus
1097 1038 1434 1102 introibunt
1487 1041 1561 1102 ad
1601 1048 1697 1115 te,
1771 1040 2071 1104 masculus
2131 1050 2192 1104 et
2247 1043 2485 1106 femina.

151 1141 359 1204 Eadem
401 1141 589 1201 forma
631 1149 691 1200 et
732 1147 978 1218 septena
1021 1159 1094 1200 ex
1134 1139 1304 1201 binis
1339 1140 1530 1220 adlegi
1573 1141 1812 1204 mandat
1855 1161 1926 1203 ex
1970 1141 2234 1204 masculo
2282 1151 2342 1204 et
2383 1145 2476 1206 se-

151 1242 330 1314 mina,
375 1259 496 1302 uno
540 1248 600 1301 et
643 1259 777 1302 ma.
844 1240 999 1313 Quid
1031 1241 1284 1319 annilius
1315 1239 1556 1303 dicam?
1619 1241 1951 1306 Immundis
1984 1261 2221 1362 quoque
2251 1243 2484 1307 alitibus

155 1361 282 1405 oum
319 1342 478 1404 binis
523 1341 760 1403 femim‘s
803 1341 1054 1403 introire
1097 1361 1220 1404 non
1264 1342 1444 1403 licuit.

308 1443 466 1505 Haec
509 1450 791 1523 quantum
836 1442 910 1505 ad
938 1443 1402 1521 primordiorum
1433 1442 1845 1505 testimonium
1876 1451 1936 1504 et
1965 1443 2213 1522 originis
2246 1453 2489 1508 nostrae
2526 1462 2634 1520 cap.
2655 1464 2704 1509 v.

148 1543 530 1625 patrocinium
575 1551 636 1605 et
677 1542 908 1606 divinae
950 1543 1347 1606 institutionis
1391 1544 1838 1624 praeiudicium.
1939 1544 2106 1617 Quae
2151 1544 2351 1624 utique
2397 1546 2489 1608 lex

150 1654 268 1718 est,
324 1663 447 1706 non
511 1644 1010 1717 ¹monimentum3
1073 1645 1354 1724 quoniam
1408 1646 1461 1706 si
1518 1645 1598 1706 ita
1657 1647 1875 1708 factum
1920 1655 2013 1707 est
2056 1665 2091 1706 a
2132 1645 2489 1724 primordio,

150 1746 471 1808 invenimus
513 1763 630 1806 nos
675 1746 748 1806 ad
791 1744 1024 1808 'mitium
1069 1746 1242 1825 dirigi
1286 1766 1318 1807 a
1364 1745 1637 1820 Christ03
1694 1746 1849 1808 sieut.
1891 1745 1951 1807 in
1994 1745 2343 1825 quaestione
2386 1766 2487 1809 re·

145 1846 305 1928 pudii
348 1846 548 1908 disens
590 1845 729 1908 iliud
773 1855 1022 1925 propter
1065 1846 1340 1909 duritiam
1385 1847 1693 1927 ipsorum·
1739 1866 1771 1907 a
1803 1849 2005 1927 Moyse
2049 1865 2185 1908 esse
2228 1849 2487 1927 permis-

144 1967 305 2022 sum,
348 1947 456 2008 'ab
499 1946 668 2008 initio
711 1954 906 2010 autem
951 1966 1074 2009 non
1116 1948 1195 2010 ita
1239 1947 1457 2021 fuisse,
1504 1950 1637 2010 sine
1681 1947 1863 2012 dubio
1909 1948 1981 2009 ad
2026 1947 2259 2009 initium
2304 1967 2486 2011 revo-

144 2057 236 2111 eat
276 2048 631 2110 matrimonii
670 2047 1764 2129 inffividuitatem.1deoque³quos
1808 2049 1957 2110 deus
2001 2048 2073 2110 ab
2117 2048 2287 2112 initio
2333 2069 2482 2112 con-
2501 2030 2770 2136 ”“ἑξ“ςᾷ“’

143 2150 329 2212 iunxit
369 2149 431 2210 ia
475 2167 652 2211 unam
695 2167 931 2211 earnem
978 2150 1162 2222 duos,
1207 2150 1387 2211 hodie
1430 2150 1610 2212 homo
1657 2168 1779 2211 non
1824 2149 2143 2230 separabit.
2232 2151 2385 2212 Dicit
2430 2161 2489 2213 et

142 2250 448 2332 apostotus
491 2250 760 2312 scribens
804 2250 878 2311 ad
921 2250 1216 2330 Ephesios
1260 2251 1436 2311 deum
1479 2250 1875 2331 proposuisse
1934 2251 1995 2311 in
2039 2251 2363 2330 semetipso
2408 2254 2481 2314 ad
2508 2263 2615 2319 εριι.
2630 2266 2663 2318 ι.
2673 2269 2715 2310 9.

143 2349 646 2430 dispensationem
689 2350 1129 2431 adimpletionis
1177 2358 1512 2431 temporum
1558 2351 1634 2411 ad
1678 2359 1878 2429 eaput,
1924 2350 1983 2411 id
2015 2358 2110 2412 est
2138 2351 2210 2412 ad
2255 2351 2488 2413 initium

139 2453 506 2532 reciprocare
549 2452 827 2514 universa
870 2453 932 2514 in
978 2452 1250 2526 Christo,
1319 2471 1468 2531 quae
1526 2460 1667 2513 sunt
1722 2470 1906 2530 super
1959 2450 2157 2512 caelos
2201 2461 2261 2513 et
2304 2472 2487 2532 super

141 2563 332 2616 terras
372 2553 435 2614 in
476 2553 631 2632 ipso.
695 2553 798 2616 Sie
838 2560 900 2614 et
941 2552 1086 2614 duas
1132 2553 1411 2615 Graeciae
1452 2553 1712 2626 litteras,
1760 2571 2051 2616 summam
2098 2561 2156 2614 et
2200 2553 2483 2628 ultimam,

141 2655 259 2718 sibi
300 2653 492 2717 induit
531 2653 841 2728 dominus,
884 2654 1038 2717 initii
1083 2664 1142 2717 et
1183 2654 1318 2717 finis
1363 2655 1844 2719 concurrentium
1887 2654 1948 2715 in
1979 2674 2047 2716 se
2078 2654 2332 2732 figurem,
2380 2655 2485 2727 uti,

139 2756 636 2836 quemadmodum
678 2756 756 2819 A
795 2756 902 2818 ⁴ad
948 2755 1012 2819 Ω
1056 2755 1280 2835 ⁸usque
1323 2756 1578 2818 volvitur
1620 2765 1681 2819 et
1724 2775 1935 2818 rursus
1980 2755 2044 2818 Ω
2074 2755 2147 2816 ad
2176 2757 2254 2817 A
2296 2757 2482 2834 repli-
2512 2753 2747 2859 &gl-¹13·

138 2864 338 2929 eamr,
403 2856 517 2917 ⁶ita
563 2854 910 2919 ostenderet
952 2857 1014 2918 in
1060 2876 1124 2919 se
1170 2876 1308 2919 esse
1352 2864 1412 2918 et
1462 2857 1647 2917 ''initii
1703 2858 2024 2918 decursum
2076 2855 2150 2917 ad
2204 2856 2383 2917 finem
2428 2866 2485 2918 et

137 2958 277 3018 finis
321 2975 629 3018 recursum
675 2957 745 3017 ad
791 2957 1056 3031 initium,
1122 2968 1187 3018 ut
1241 2957 1435 3018 omnis
1490 2957 1801 3037 dispositio
1858 2958 1953 3017 r'in
2010 2966 2143 3018 eum
2202 2957 2486 3020 desinens

131 3066 252 3139 pet·
293 3076 469 3137 quem
512 3066 720 3137 coepta
764 3068 886 3146 est,
953 3074 1065 3138 per
1108 3077 1450 3119 sermonem
1495 3058 1719 3119 seilicet
1775 3057 1870 3121 dei
1932 3057 2068 3136 ⁹qui
2112 3075 2249 3118 caro
2295 3060 2484 3120 sactus

131 3168 265 3232 est,
309 3157 560 3237 proinde
602 3159 836 3221 desinat
875 3152 1374 3240 quemadmodum
1417 3166 1478 3220 et
1520 3159 1737 3237 co‘epit.
1801 3158 1878 3221 Et
1919 3158 2119 3219 ¹⁰adeo
2152 3158 2213 3218 in
2243 3158 2483 3220 Christo

128 3259 336 3323 omnia
383 3260 790 3321 ¹²revooantur
832 3259 906 3322 ad
949 3258 1211 3335 initium,
1277 3269 1345 3322 ut
1395 3268 1452 3321 et
1508 3260 1659 3322 fides
1716 3277 1956 3321 reversa
2014 3259 2094 3318 sit
2150 3279 2183 3320 a
2228 3259 2485 3321 eircum-

125 3360 366 3422 cisione
411 3361 484 3422 ad
529 3360 920 3439 integritatem
956 3361 1203 3422 ¹'earnis
1233 3361 1428 3435 iuius,
1474 3362 1627 3422 sicut
1657 3360 1730 3422 ab
1758 3361 1928 3421 initio
1961 3360 2098 3430 ruit,
2149 3368 2208 3421 et
2244 3360 2284 3392 ¹³
2298 3361 2482 3422 liber-

123 3469 224 3523 tas
274 3459 546 3521 ciborum
592 3470 652 3522 et
695 3462 1000 3542 sanguinis
1049 3461 1674 3536 soliusabstinentia,
1719 3460 1871 3523 siout
1914 3460 1985 3521 ab
2029 3460 2198 3521 initio
2241 3462 2381 3537 fuit,
2426 3470 2487 3524 et

119 3560 502 3623 matrimonii
545 3561 958 3636 individuitaS,
1027 3563 1180 3625 sieut
1223 3563 1295 3623 ab
1341 3562 1507 3623 initio
1568 3564 1710 3637 fuit,
1780 3569 1840 3623 et
1892 3562 2122 3641 repudii
2179 3554 2483 3634 cohibitio,

121 3661 358 3742 “qnod
403 3650 688 3724 ab'initio
731 3680 855 3723 non
899 3664 1038 3738 fuit,
1109 3672 1168 3725 et
1220 3673 1530 3745 postremo
1587 3672 1749 3725 totus
1793 3664 1973 3725 homo
2028 3663 2090 3723 in
2146 3664 2485 3743 paradisum

118 3763 530 3836 stremonium
591 3763 692 3824 ubi
735 3763 808 3825 ab
852 3764 1022 3827 initio
1067 3766 1197 3827 ruit.
1287 3763 1405 3825 Cur
1461 3782 1603 3843 ergo
1667 3765 1755 3826 vel
1810 3783 2230 3845 monogamum
2289 3765 2484 3826 ¹⁶illob

270 3947 392 4012 Cap.
428 3948 476 3997 V.
551 3949 597 3998 1.
635 3950 829 4000 nomine
865 3959 978 4001 tnnc
1011 3950 1134 4002 Aac.
1224 3949 1270 4000 2.
1309 3950 1369 3998 ab
1405 3949 1540 3999 initio
1577 3959 1733 3998 antem
1768 3964 1869 3998 non
1907 3951 1968 3999 ita
1994 3950 2160 4007 fuisse,
2196 3951 2301 3998 sine
2338 3948 2485 3998 dubio

111 4015 184 4065 ad
225 4015 420 4065 initium
457 4025 648 4067 revocat
684 4020 977 4075 matrimonii
1014 4017 1403 4068 individuitatem.
1470 4018 1681 4081 ideoque
1728 4031 1851 4081 quos
1900 4018 2018 4065 deus
2046 4033 2160 4071 ,om.
2196 4016 2347 4066 Aac«.
2436 4016 2485 4066 3.

108 4084 264 4148 qnod
303 4086 350 4132 ὸ.
455 4084 503 4133 4.
542 4092 589 4134 et
623 4086 778 4136 Asca.
884 4086 931 4135 5.
971 4101 1122 4150 usque
1160 4086 1360 4134 volvitur
1394 4093 1442 4134 et
1477 4098 1648 4134 rursus
1682 4082 1736 4131 Ω
1774 4086 1830 4132 ad
1869 4082 1914 4130 A
1952 4099 2039 4134 om.
2075 4084 2228 4133 Asea.
2335 4083 2381 4133 6.
2422 4086 2487 4133 ita

107 4158 173 4200 ut
213 4150 504 4199 ostenduet
540 4168 577 4202 c.
683 4152 731 4202 7.
770 4154 954 4203 initium
992 4155 1079 4203 AB.
1184 4154 1230 4202 8.
1269 4154 1316 4201 in
1354 4166 1397 4198 ω
1435 4153 1663 4201 desinens
1703 4153 1746 4201 C.
1818 4153 1865 4201 in
1901 4166 1959 4200 eo
1997 4152 2224 4202 desinens
2259 4152 2347 4202 AB.
2434 4151 2483 4203 9.

105 4220 244 4281 quia
283 4217 408 4266 Asc.
501 4219 578 4268 10.
616 4234 642 4267 a
680 4221 772 4269 deo
814 4223 890 4270 Ca.
993 4220 1070 4269 11.
1110 4228 1449 4270 revocarentur
1482 4220 1635 4270 Auca.
1745 4218 1821 4268 12.
1862 4220 2021 4268 carnis
2055 4235 2143 4269 οηι.
2178 4219 2330 4270 Aaou.
2406 4218 2483 4271 13.

103 4286 340 4335 libertas
379 4285 594 4335 ciborum
633 4294 680 4337 et
716 4304 803 4337 om.
838 4288 991 4338 Asea.
1077 4288 1155 4337 14.
1193 4302 1315 4351 quae
1351 4286 1473 4337 ABG.
1575 4288 1655 4337 15.
1690 4294 1996 4337 revocaretur
2030 4304 2077 4337 a.
2160 4285 2240 4336 16.
2276 4286 2361 4336 1110
2387 4301 2484 4336 non

103 4356 187 4414 d..
234 4352 377 4403 Fufio.
421 4350 628 4404 Ursinus.
701 4354 846 4406 iilum
879 4356 957 4407 Ga.
1027 4355 1112 4405 itto
1145 4356 1333 4419 reliqui.

182 4488 320 4550 cap.
360 4485 408 4537 V.
463 4504 502 4537 a.
542 4498 744 4553 propter
766 4489 989 4540 duritiam
1017 4484 1257 4557 ipsorum]
1365 4498 1450 4550 „et
1483 4503 1538 4538 ex
1575 4488 1745 4541 diebus
1780 4492 1985 4553 ipsorum
2020 4486 2378 4553 praelegistis‚“
2423 4486 2486 4537 ad

91 4556 287 4607 Locus
341 4562 418 4604 est
453 4555 612 4606 Plauti.
651 4557 770 4615 ΧΙΧ,
794 4556 844 4608 8.
914 4558 1007 4607 Pro
1054 4560 1261 4622 ipsorum
1365 4572 1489 4621 quae
1527 4572 1568 4606 v.
1606 4571 1728 4619 quae
1765 4557 1998 4606 adnotavi.
2049 4558 2350 4619 Quamquam
2388 4569 2486 4605 non

91 4624 437 4686 reposuerim
461 4625 750 4685 Iudaeorum,
791 4640 914 4689 quae
952 4627 1124 4674 menda
1148 4628 1265 4676 tutet
1365 4624 1640 4675 necessaria
1679 4632 1754 4673 est
1788 4639 1843 4672 ea
1879 4624 2167 4676 emendatio.

89 4692 344 4741 sortasse
382 4692 526 4741 etiam
562 4694 630 4741 Ad
668 4692 792 4742 Natt.
830 4693 869 4755 1,
902 4691 980 4742 13.
1019 4694 1065 4742 ιιι
1104 4693 1260 4742 veihis
1432 4692 1480 4741 b.
1518 4688 1629 4758 iilo]
1665 4692 1718 4742 Ιιι
1754 4693 2049 4756 paradisum.
