3263 5311
1154 432 1634 477 srocoosncmi.
1682 433 1694 454 ⁸
2457 423 2577 488 169

210 582 459 646 fulmine
504 579 897 642 ²⁸iudicatum.
986 580 1173 642 Malus
1218 581 1516 663 luppiter,
1583 584 1636 644 si
1682 582 1906 646 fulmen
1950 584 2109 646 illius
2154 594 2249 648 est
2261 587 2301 660 ¹,
2358 588 2580 668 impius

207 685 275 745 in
316 689 631 764 nepotem,
688 682 927 742 invidus
980 682 1043 742 in
1087 683 1391 745 artificem.
1493 683 1711 746 ¹⁸Haec
1751 703 1944 765 neque
1987 705 2125 746 vera
2167 688 2340 767 prodi
2385 707 2578 769 neque

208 785 358 846 falsa
403 783 664 862 confingi
708 783 865 863 apud
890 783 1398 863 *religiosissimos
1445 786 1778 864 oportebat.
1869 786 2046 846 ¹⁷Nec
2089 788 2293 867 tragici
2337 787 2577 869 quidem

208 895 315 948 ant
357 884 573 947 comici
613 892 893 963 parcunt,
962 885 1004 916 ¹⁸
1017 893 1080 946 ut
1122 904 1245 946 non
1288 904 1601 947 aerumnas
1647 886 1738 948 vel
1781 905 2020 949 errores
2066 888 2281 949 domus
2325 890 2576 952 alicuius

210 987 307 1048 dei
352 986 823 1065 ²⁹praefentur-¹¹¹.
881 986 1076 1047 Taceo
1122 987 1194 1068 dp
1236 987 1648 1067 philosophis,
1698 987 1943 1049 Socrate
1988 997 2335 1063 contentuS,
2384 991 2483 1070 qui
2515 992 2576 1053 in

210 1086 633 1150 contumeliam
688 1087 938 1148 deorum
993 1106 1277 1167 quercum
1344 1085 1498 1150 ¹⁹¹’et
1550 1088 1781 1149 hircum
1838 1098 1898 1150 et
1953 1108 2158 1151 canem
2216 1090 2514 1153 deierabat
2526 1106 2573 1154 ¹.

219 1274 301 1325 15.
338 1274 595 1323 iudicatum
631 1269 917 1338 ABnEFcas.
944 1275 1115 1338 Ernart.
1157 1276 1306 1325 Oaeon.
1348 1276 1537 1326 Vindob.
1567 1276 1863 1339 Havercmnp.
1934 1276 2220 1324 vindicatum
2256 1279 2415 1328 abcde.
2453 1279 2576 1328 Bon-

214 1345 461 1405 garsias-m
496 1343 628 1389 liber.

222 1409 297 1459 18.
336 1417 385 1458 et
418 1424 517 1457 non
556 1413 592 1471 [-
630 1409 820 1458 Heverc.

215 1493 384 1526 omnes.
480 1476 726 1539 profertur
764 1477 813 1524 G.

215 1620 265 1662 et
298 1612 485 1661 hircum
522 1626 610 1661 om.
645 1606 691 1657 λ.

292 1746 326 1793 l.
379 1746 421 1793 si
468 1745 645 1794 fulmen
697 1745 831 1794 illius
887 1741 984 1810 est]
1048 1746 1133 1795 His
1187 1746 1343 1796 verbis

221 1813 374 1862 innuit
396 1812 653 1875 Septimius
690 1812 813 1861 falso
851 1814 1062 1874 gentium
1101 1828 1343 1863 consensu

220 1880 341 1929 tradi
377 1880 559 1928 fulmen
596 1880 747 1928 ullum
785 1895 895 1929 esse
930 1881 1071 1942 loviS,
1110 1883 1190 1945 qui
1230 1895 1343 1930 avus

221 1946 484 2011 Aesculapii
521 1948 683 1996 fuerit.
752 1947 872 1997 Esse
909 1957 1068 1997 autem
1106 1950 1181 1997 dei
1207 1963 1344 1997 sum-

224 2016 301 2073 mi,
335 2016 409 2065 dei
445 2016 560 2075 veri,
598 2015 673 2063 dei
712 2016 871 2074 unius,
928 2017 1004 2065 dei
1042 2016 1347 2065 Christiano-

224 2097 341 2142 rum,
389 2083 468 2146 qui
519 2082 858 2145 Aesculapium
909 2085 1148 2147 quendam
1186 2084 1341 2133 medi·

227 2163 326 2198 cum
361 2165 417 2198 eo
454 2152 566 2213 quia
606 2151 1010 2213 praevaricatione
1038 2152 1218 2201 venalis
1242 2165 1343 2201 me-

229 2218 403 2266 dicinae
423 2219 552 2266 viros
572 2219 633 2266 ad
660 2225 882 2276 mortem,
922 2233 1016 2267 non
1042 2229 1259 2268 mortuos
1285 2219 1343 2267 ad

228 2284 356 2332 vitam
392 2293 570 2346 ageret,
607 2286 809 2335 fulmine
834 2287 1144 2349 percusserit.
1180 2287 1346 2351 ltaque

230 2353 541 2415 AsclepiadaS,
578 2353 723 2401 buius
757 2354 988 2403 facinoris
1024 2354 1270 2403 infamiam
1298 2362 1349 2404 ut

232 2418 505 2480 obruerent,
570 2420 784 2469 fabulam
845 2422 1056 2483 posteris
1106 2436 1348 2482 narrasse,

232 2486 490 2550 Asclepium
538 2505 562 2537 a
603 2487 713 2536 lore
748 2496 925 2537 tactum
961 2489 1179 2549 fulmine,
1236 2491 1349 2553 quia

231 2563 437 2603 mortuos
471 2556 528 2612 ad
566 2557 707 2604 vitam
744 2565 1035 2605 revocasset.
1086 2557 1345 2606 Fabulato·

231 2635 307 2671 res
339 2638 444 2672 iero
481 2624 858 2673 scelestissimos
895 2625 1049 2674 fuisse
1087 2626 1344 2686 arguitSe-

230 2689 435 2752 pumina,
486 2691 597 2740 talia
634 2692 694 2740 de
731 2692 839 2740 love
875 2707 964 2742 suo
1002 2695 1244 2753 mentitos,
1296 2702 1346 2742 ut

234 2757 375 2819 impio
409 2761 455 2807 in
490 2767 731 2821 nepotem,
786 2760 945 2809 invido
995 2761 1042 2809 in
1094 2762 1342 2809 artificem.

232 2824 429 2940 Notatpr
462 2826 599 2874 etiam
633 2828 751 2876 baec
774 2827 939 2876 fabula
960 2828 1026 2877 Ad
1044 2828 1246 2888 Natt.1l,
1267 2828 1344 2877 14.

236 2891 368 2952 (Riga
391 2892 443 2949 t.)

306 2973 367 3007 m.
405 2967 454 3007 ut
488 2974 583 3008 non
619 2976 865 3012 aerumnas
914 2962 986 3010 rel
1024 2976 1219 3012 errores
1255 2965 1345 3013 do·

234 3040 344 3074 mus
377 3026 577 3089 alicuius
613 3027 685 3076 dei
721 3025 1036 3094 praefentur]
1109 3031 1235 3089 Quid
1270 3032 1344 3080 di·

232 3108 336 3142 cam
383 3093 443 3143 de
478 3096 690 3156 tragicis,
742 3098 898 3160 qualis
947 3106 1021 3146 est
1057 3098 1345 3161 Sophocles,

228 3161 340 3224 quid
375 3162 434 3211 de
481 3164 707 3223 comicis,
752 3165 909 3229 qualis
958 3174 1032 3214 est
1068 3167 1349 3230 Aristopha-

230 3226 354 3291 nes?
386 3231 466 3294 qui
502 3232 571 3280 vix
596 3232 833 3294 incipiunt
862 3247 989 3296 opus
1005 3236 1188 3296 absque
1205 3249 1350 3297 prae·

229 3297 321 3345 fatu
357 3298 555 3348 alicuius
593 3299 882 3349 calamitatis
934 3316 1057 3364 quae
1092 3301 1182 3349 deo
1221 3302 1351 3351 acci-

230 3364 357 3412 derit.
392 3366 473 3424 (La
511 3366 707 3426 Cei-da).
789 3368 856 3415 Ad
892 3368 1017 3417 Natt.
1058 3368 1106 3427 l,
1150 3369 1208 3417 10
1257 3368 1351 3429 „Et

228 3431 380 3494 tragici
428 3434 627 3498 quidem
676 3443 758 3483 aut
794 3436 963 3484 comici
1012 3444 1350 3498 pepercerunt,

228 3506 395 3550 utnon
430 3516 695 3551 aerumnas
750 3517 806 3551 ac
841 3518 1024 3567 poenas
1076 3504 1153 3552 dei
1202 3518 1349 3568 prae-

225 3566 476 3618 farentur.“
567 3571 641 3619 La
682 3570 886 3619 Cei-dam
935 3572 1154 3633 Septimii
1207 3572 1347 3620 verba

225 3648 314 3683 non
346 3645 470 3686 recte
506 3636 815 3687 intellexisse
853 3639 899 3686 in
929 3648 1095 3700 aperto
1117 3646 1205 3687 est.
1256 3640 1348 3687 Ce-

226 3703 305 3750 teri
339 3705 546 3754 editores
602 3714 657 3754 et
696 3706 986 3767 interpretes
1022 3707 1182 3755 silent.
1252 3706 1350 3755 No-

229 3769 331 3818 dum
364 3773 587 3833 agnoscis
624 3775 678 3823 in
718 3773 863 3821 verbo
888 3776 1109 3837 praefari,
1150 3789 1247 3838 qno
1273 3773 1351 3822 hic

226 3838 363 3886 utitur
394 3855 513 3902 pro:
552 3842 601 3890 in
640 3841 878 3904 primaria
917 3856 1059 3890 causa
1098 3857 1224 3899 esse,
1261 3856 1349 3890 au·

229 3910 393 3954 ctorem
420 3918 537 3956 'esse
574 3918 623 3958 et
663 3917 894 3972 tanquam
943 3918 1113 3971 caput,
1163 3923 1218 3958 ex
1254 3922 1348 3972 quo

227 3985 467 4023 aerumnae
502 3976 618 4025 illae
661 3982 714 4024 et
749 3986 945 4024 errores
996 3976 1223 4025 defluant.
1296 3976 1355 4025 Ut

228 4041 347 4087 enim
379 4044 715 4104 praefationes
753 4051 800 4093 et
837 4043 1027 4106 prologi
1079 4043 1352 4093 fabularum

227 4104 272 4152 in
307 4106 441 4157 initiis
476 4120 522 4161 et
569 4111 725 4161 veluti
776 4104 1015 4173 capitibus
1066 4125 1353 4175 proponun-

224 4180 315 4232 tur,
349 4174 407 4224 ita
441 4178 648 4228 deorum
693 4178 880 4227 scelera
921 4186 967 4226 et
1003 4178 1131 4227 rixae
1167 4180 1213 4227 in
1250 4185 1353 4227 tra-

221 4241 425 4302 gicorum
462 4253 506 4296 et
545 4246 855 4296 comicorum
884 4246 1062 4294 fabulis
1091 4259 1353 4308 earumque

218 4312 421 4361 materiis
458 4314 565 4362 fere
602 4322 976 4376 repraesentant
1001 4314 1130 4362 initia
1164 4326 1357 4362 aerum-

218 4390 378 4427 narum
416 4389 463 4429 et
500 4395 735 4430 errorum
775 4394 1058 4442 magnorum
1103 4382 1351 4430 domuum.

217 4444 293 4493 Sic
322 4448 469 4496 trium
507 4449 719 4498 dearum
758 4449 856 4497 rixa
884 4463 1027 4497 causa
1053 4450 1142 4497 fuit
1156 4447 1354 4498 Troiani

216 4509 323 4562 belli
358 4516 744 4578 Atridarumque
792 4517 1021 4578 deinceps
1068 4517 1242 4565 domus
1277 4516 1355 4564 in·

216 4579 465 4632 felicitatis.
541 4584 627 4633 Sic
660 4583 857 4632 Herculi
895 4592 965 4632 tot
1000 4598 1243 4648 nunqnam
1281 4583 1353 4631 la-

214 4643 352 4698 bores
388 4658 438 4700 at
472 4664 749 4700 aerumnae
795 4651 1083 4715 perferenda
1132 4652 1356 4711 fuissent,

774 1341 849 1389 16.
890 1342 1018 1390 Haec
1066 1357 1222 1406 neque
1272 1357 1381 1392 vero
1432 1344 1634 1405 proinde
1669 1340 1715 1389 λ.

1864 1342 1941 1390 17.
1982 1343 2050 1391 Ne
2086 1345 2252 1404 tragici
2290 1345 2485 1407 quidem
2521 1341 2568 1392 λ.

943 1407 1019 1458 19.
1056 1410 1338 1471 praefentur
1372 1410 1556 1460 Assae.
1601 1411 1791 1462 vindob.
1829 1411 2003 1468 Errare.
2044 1413 2190 1460 Oxou.
2243 1413 2355 1462 libri
2388 1414 2576 1463 Pamelii

907 1478 1189 1540 praefamur
1222 1481 1256 1540 s.
1296 1478 1485 1528 Havete.

214 1544 552 1608 praeferentur
588 1544 638 1592 D.
674 1543 881 1593 Amator.
966 1549 1214 1607 proferant
1247 1545 1298 1593 F.
1382 1559 1499 1608 prae
1535 1558 1591 1594 sa
1626 1546 1786 1594 ferant
1820 1561 1860 1594 c.
1942 1545 2220 1608 praeferant
2255 1548 2328 1596 ab.

1586 1479 1926 1540 praeferantur
1960 1480 2024 1534 (lt.
2053 1494 2093 1527 e.
2131 1475 2570 1597 praefarentniiz}

1446 1745 1538 1794 nisi
1576 1745 1810 1794 lunonem
1859 1746 2091 1796 maritalis
2144 1746 2366 1796 adulterii
2418 1749 2576 1799 vindi-

1446 1827 1552 1861 cem
1588 1813 1636 1860 in
1673 1827 1728 1861 se
1765 1814 2029 1872 habuisset,
2064 1828 2154 1863 nec
2190 1815 2342 1876 magis
2360 1815 2576 1880 Oedipus

1446 1880 1494 1929 in
1544 1888 1745 1928 matrem
1795 1881 2098 1939 aberrasset,
2165 1882 2256 1930 nisi
2306 1884 2441 1945 prius
2488 1898 2578 1947 per

1444 1946 1682 2010 Apollinis
1737 1963 1917 2012 anceps
1976 1957 2024 1997 et
2075 1949 2222 1998 fallax
2286 1965 2578 2014 responsum

1446 2015 1608 2064 domui
1659 2029 1776 2063 suae
1823 2017 1872 2065 in
1909 2017 2087 2067 multos
2136 2031 2292 2066 anuos
2340 2019 2577 2070 alienatus

1447 2082 1634 2131 fuisset.

1515 2163 1564 2197 n.
1611 2163 1840 2213 quercum
1877 2158 1925 2200 et
1962 2152 2146 2200 hircum
2183 2160 2230 2200 et
2266 2167 2433 2202 cauam
2489 2153 2578 2203 de·

1449 2212 1676 2282 ierabat]
1715 2217 1805 2266 Pro
1842 2233 2024 2281 quercu
2060 2220 2304 2283 platanum
2344 2221 2580 2269 habemus

1448 2284 1576 2347 apud
1612 2283 1855 2347 plurimos
1887 2287 2168 2350 scriptores.
2261 2288 2478 2352 Theoph.
2515 2288 2578 2337 ad

1448 2352 1665 2415 Autolyc.
1712 2352 1835 2401 libro
1876 2352 1968 2403 lll:
2028 2345 2117 2411 υῆ
2165 2348 2470 2419 Σωκράτην
2526 2368 2578 2402 τι

1450 2411 1675 2496 ὀμνύειν
1709 2412 1808 2466 τὸν
1841 2412 1977 2467 κύνα
2026 2414 2120 2468 καὶ
2165 2414 2264 2468 τὸν
2288 2417 2577 2487 χῆναπεαὶ

1449 2500 1551 2544 την
1582 2479 1932 2534 πλάτανον.“
1980 2489 2140 2538 Habea
2175 2489 2253 2539 bic
2275 2505 2466 2551 canem,
2488 2505 2577 2539 an-

1449 2567 1606 2604 serem
1657 2563 1704 2603 et
1739 2557 2002 2617 platanum.
2076 2556 2253 2606 Eadem
2302 2559 2430 2621 apud
2466 2557 2582 2607 Phi·

1446 2624 1636 2673 lostrat.
1686 2623 1735 2672 V.
1761 2624 1918 2687 Apoll.
1959 2624 2029 2677 Vl.
2054 2621 2576 2705 l9[p.257.0lear.]:

1447 2684 1706 2753 ,,ἐγένετό
1731 2705 1815 2744 τις
1831 2686 2129 2755 Σωκράτης
2147 2693 2429 2751 Αθηναῖος
2450 2684 2576 2739 ἀνό-

1448 2772 1593 2816 ητος,
1645 2747 1705 2809 ὃς·
1752 2753 1849 2804 τὸν
1881 2752 2017 2806 κύνα
2051 2755 2144 2806 καὶ
2177 2755 2277 2807 τὸν
2303 2760 2452 2824 χῆνα
2485 2754 2579 2806 καὶ

1446 2819 1547 2882 τὴν
1592 2817 1874 2872 πλάτανον
1921 2820 2085 2879 θεούς
2140 2840 2200 2876 τε
2258 2820 2439 2889 ἡγεῖτο
2487 2820 2584 2904 xa}

1448 2884 1671 2951 ὥμνυ.“
1717 2894 1955 2942 Lucienus
1980 2894 2441 2957 inlcaromenippo:
2480 2907 2582 2947 »οι
2645 2926 2650 2932 -

1448 2954 1509 3008 δὲ
1541 2953 1682 3006 κατὰ
1716 2958 1896 3006 κυνῶν
1944 2953 2038 3007 καὶ
2072 2960 2266 3025 χηνῶν
2312 2956 2404 3007 καὶ
2447 2957 2580 3007 πλα-

1448 3019 1634 3073 τάνων
1666 3018 2056 3091 ἔπώμνυντο.“
2093 3029 2237 3077 Canis
2274 3036 2322 3077 et
2355 3028 2580 3090 platanus

1449 3095 1577 3158 apud
1624 3095 1832 3143 eundem
1895 3095 1941 3143 in
1988 3088 2138 3141 Βίων
2185 3087 2423 3160 Πράσει,
2498 3096 2578 3144 ubi

1455 3162 1638 3212 deierat
1672 3161 1926 3210 Socrates:
1977 3157 2110 3216 „nai
2143 3157 2258 3228 μὴν
2293 3153 2479 3230 ὀμνύω
2513 3157 2580 3226 γέ

1455 3241 1546 3277 σοι
1584 3223 1681 3275 τὸν
1713 3221 1849 3276 κύνα
1894 3223 1984 3276 καὶ
2019 3223 2122 3289 τὴν
2167 3224 2444 3278 πλάτανον
2493 3221 2582 3277 oii-

1453 3311 1562 3349 τως
1607 3295 1782 3345 ταῦτα
1830 3289 2041 3361 ἔχειν.“
2139 3299 2284 3348 Canis
2339 3306 2386 3347 et
2438 3312 2582 3347 anser

1454 3382 1478 3414 a
1519 3365 1579 3414 nd
1634 3365 1865 3427 Porphyr.
1915 3359 2049 3432 Περὶ
2086 3356 2296 3445 ἀποχῆς
2333 3366 2456 3415 libro
2497 3365 2577 3427 lll.

1452 3382 1844 3509 [gia-2250.
1880 3428 2109 3509 Rhoer.]:
2148 3429 2332 3489 „Ovdi's
2355 3426 2580 3513 Σῳκρᾴ-

1451 3514 1548 3558 της
1602 3514 1700 3547 τον
1752 3495 1887 3546 κύνα
1935 3514 2030 3547 και
2081 3495 2182 3548 τὸν
2213 3500 2364 3568 χῆνα
2401 3514 2582 3566 ,ομνυς

1450 3560 1734 3623 ἔπαιζεν.“
1783 3568 1851 3616 De
1889 3568 2022 3618 hirco
2059 3572 2387 3619 testimouium
2427 3570 2580 3619 babe-

1452 3650 1561 3685 mus
1597 3637 1725 3699 apud
1761 3636 2056 3686 scholiasten
2076 3638 2411 3700 Aristophanis
2438 3652 2464 3685 e
2486 3636 2579 3684 So·

1451 3704 1595 3753 cratis
1633 3703 1757 3754 libro
1795 3704 1894 3753 xu.
1945 3702 2264 3767 Κρητικῶν,
2318 3706 2397 3753 ubi
2451 3702 2581 3751 Rha-

1450 3771 1761 3820 damanthum
1801 3772 1940 3819 huius
1985 3772 2295 3820 iurisiurandi
2334 3777 2582 3818 auctorem

1451 3838 1646 3887 laudat:
1703 3830 2121 3903 ,,Ῥαδάμανι9υς
2155 3832 2306 3885 δοκεῖ
2337 3828 2582 3891 διαδεξά-

1449 3917 1616 3971 μενος·
1651 3899 1749 3963 τὴν
1781 3900 2063 3968 βασιλείαν
2108 3897 2452 3958 δικαιότατος
2494 3916 2583 3967 γε·

1454 3971 1726 4037 γενῆσθαι
1760 3966 1985 4020 πάντων
2020 3963 2352 4038 ἀνθρώπιον.
2422 3972 2469 4018 Δ
2535 3984 2582 4020 ε·

1456 4053 1549 4088 ται
1584 4035 1646 4089 δὲ
1682 4033 1851 4088 αὐτὸν
1883 4039 2110 4106 πρῶτον
2140 4031 2336 4088 οὐδένα
2370 4033 2469 4102 ἐᾷν
2527 4053 2586 4106 ρ·

1456 4121 1583 4160 κους
1615 4108 1900 4167 παρεῖσθαι
1933 4105 2073 4156 κατὰ
2107 4106 2221 4155 τῶν
2243 4106 2409 4163 θεῶν,
2450 4098 2583 4155 ἀλλὰ

1458 4168 1694 4241 ὀμνῦναι
1727 4173 1970 4225 κελεῦσαι
1997 4175 2147 4242 χῆνα
2199 4169 2290 4223 καὶ
2322 4169 2457 4224 κύνα
2491 4168 2585 4223 καὶ

1455 4239 1613 4307 κρίον
1661 4239 1754 4291 καὶ
1799 4237 1869 4292 τὰ
1916 4236 2152 4309 ὅμοια.“
2230 4245 2351 4293 Nota
2386 4237 2478 4291 καὶ
2515 4236 2584 4290 τὰ

1458 4302 1641 4376 ὅμοια.
1732 4313 1850 4362 Nam
1912 4328 1999 4376 per
2059 4312 2283 4362 animalia
2343 4312 2587 4376 quaelibet

1456 4380 1693 4429 iurabant.
1766 4380 2059 4442 Porphyrius
2096 4380 2208 4429 l.l.:
2246 4371 2590 4455 ηΣωκράτης

1456 4441 1517 4493 δὲ
1560 4441 1653 4493 καὶ
1700 4438 1881 4511 ὦμνυς
1924 4438 2049 4493 κατ’
2103 4436 2318 4493 αὐτῶν·
2365 4458 2458 4493 και
2502 4438 2588 4491 ἔτι

1454 4509 1561 4581 πρὸ
1624 4506 1792 4561 αὐτοῦ
1834 4506 2283 4579 Ῥαδάμανθυςό*
2377 4513 2584 4561 Causam

1456 4592 1612 4631 autem
1652 4584 1792 4630 huius
1830 4581 2137 4630 iurisiurandi
2190 4580 2348 4627 adfert
2381 4578 2583 4641 Apollo-

1457 4651 1564 4699 nius
1600 4650 1731 4713 apud
1766 4650 2110 4699 Philostratum
2145 4646 2179 4695 l.
2207 4647 2259 4705 1.,
2311 4658 2486 4709 nempe
2523 4658 2598 4695 ne-
