3263 5311
665 419 795 483 308
1190 433 1390 485 Quam
1436 426 1696 474 serrum
1741 429 2068 473 nonanus
2116 428 2506 472 rauranum

664 586 794 648 tati.
880 581 1110 645 Porro*
1153 583 1227 643 de
1282 580 1492 654 nobiS,
1559 597 1712 659 quos
1768 577 2161 640 atrocioribus
2224 595 2294 639 ac
2347 575 2617 655 pluribus
2671 575 3012 638 criminibus

666 684 1013 766 deputatis³‚
1057 682 1330 745 breviora
1374 700 1445 743 ac
1484 680 1706 743 leviora
1750 678 1981 757 elogia*
2023 677 2333 740 conficitis.
2409 677 2632 752 Credo,
2675 694 2799 741 non
2837 676 3010 739 vultis
3159 721 3182 748 .

666 785 979 849 oneratos¹
1024 803 1177 863 quos
1222 785 1385 845 omni
1430 799 1612 863 opere
1653 771 1922 860 perditos
1965 779 2171 854 vultis,
2226 786 2328 842 aut
2381 793 2510 839 non
2545 779 2765 858 putatis
2808 777 3008 857 requi-
3209 793 3210 796 ’

664 887 850 948 reuda
893 904 1041 965 quae
1085 885 1302 947 nostis,
1376 884 1505 947 Hoc
1546 899 1689 960 ergo
1732 881 2109 961 perversius,
2158 880 2211 940 si
2255 878 2467 957 cogitis
2511 881 2727 960 negare
2772 878 2846 939 de
2875 880 3007 959 qui-

663 988 777 1049 bus
822 985 1153 1050 certissime
1197 981 1385 1044 scitis.
1474 983 1699 1055 Immo,
1759 981 1917 1061 ‘quo
1961 981 2333 1059 magis-odio
2387 988 2589 1041 vestro
2643 978 3018 1060 competebat

664 1084 928 1166 seposita
973 1086 1162 1146 forma
1206 1082 1502 1144 iudicandi
1543 1083 1790 1163 proprio
1836 1082 2034 1143 studio
2080 1100 2199 1143 non
2245 1080 2320 1142 ad
2357 1080 2732 1160 negationem
2763 1090 3011 1154 certare,

664 1205 742 1248 ne
785 1204 938 1266 quos
984 1185 1204 1257 odistis
1240 1182 1601 1257 liberaretis,
1630 1182 1757 1252 ,sed
1801 1182 1873 1243 ad
1918 1182 2359 1244 confessionem
2403 1181 2774 1261 singulorum
2819 1181 3013 1243 scele-

663 1305 795 1348 rum
814 1334 828 1358 ,
903 1304 1020 1365 quo
1074 1284 1270 1363 *magis
1336 1283 1678 1346 inimicitiae
1742 1282 2097 1344 satiarentur
2161 1283 2611 1362 exaggeratione
2663 1300 3012 1362 poenarum,

666 1388 806 1449 dum
850 1385 1297 1465 recognoscitur
1340 1394 1488 1464 quot
1527 1385 1782 1464 quisque
1825 1383 1949 1467 iam·
1986 1382 2250 1444 convivia
2293 1373 2389 1443 illa
2418 1383 2809 1457 celebrasset,
2856 1402 3012 1463 qno-

666 1489 823 1549 tiens
888 1488 950 1547 in
1022 1485 1284 1547 tenebris
1356 1486 1726 1547 incursasset
1796 1482 2066 1545 incesta?
2175 1482 2383 1556 Quid?
2454 1484 2613 1563 quod
2678 1483 3012 1545 eradicandi

665 1575 901 1669 generis
946 1586 1323 1648 diffundenda
1369 1593 1494 1648 erat
1546 1584 1888 1664 requisitio,
1955 1584 2311 1665 porrigenda
2367 1584 2638 1664 quaestio
2692 1583 2756 1646 in
2813 1584 3014 1646 socios

665 1689 1112 1765 'consciosque
1183 1686 1658 1748 Perducerentur
1700 1684 2129 1746 ‘infantariae'-
2175 1693 2236 1745 et
2275 1685 2436 1759 coci,
2484 1686 2602 1764 ipsi
2643 1703 2821 1747 canes
2863 1704 3011 1765 pro-

666 1789 883 1861 nubi¹³‚
932 1783 1233 1848 emendata
1278 1803 1377 1867 res
1422 1796 1604 1849 esset.
1703 1786 1894 1868 Etiam
1937 1785 2288 1866 spectaculis
2345 1786 2531 1865 gratia
2573 1787 3014 1866 adgregat-etur.

669 1890 907 1962 Quanto
952 1888 1109 1950 enim
1155 1886 1351 1948 studio
1396 1888 1458 1948 in
1502 1906 1733 1949 caveam
1779 1887 2198 1948 conveniretur
2243 1887 2647 1966 depugnaturo
2682 1887 2880 1967 aliquo
2914 1886 3013 1966 qui

666 1998 902 2052 centum
947 1988 1201 2049 infantes
1246 1988 1637 2070 devorasset?
1698 1987 1795 2049 ”Si
1841 1989 2034 2048 enim⁰
2077 1995 2196 2048 tam
2239 1987 2538 2049 horrenda
2566 1996 2804 2067 tamque
2834 2006 3011 2049 mon-

666 2100 906 2156 struosa
950 2090 1023 2151 de
1068 2088 1243 2151 nobis
1287 2088 1667 2163 deferuntur,
1714 2088 1916 2167 utique
1963 2088 2088 2150 erui
2135 2087 2498 2161 debuerunt,
2544 2106 2619 2149 ne
2648 2087 3014 2149 incredibilia

664 2192 1006 2253 viderentur
1051 2198 1111 2250 et
1155 2188 1354 2270 odium
1398 2191 1461 2252 in
1503 2205 1618 2251 nos
1649 2188 1950 2269 publicum
1977 2188 2407 2267 refrigesceret.
2479 2189 2718 2250 Nam·et
2745 2188 3016 2269 plerique

664 2290 843 2368 fidem
887 2289 1087 2350 talium
1133 2298 1494 2370 temperant,
1543 2291 1587 2323 ¹⁰
1600 2290 1917 2352 horrentes
1948 2297 2216 2360 naturam
2247 2307 2531 2368 quaerere
2558 2289 2840 2369 pabulum
2870 2289 3014 2351 feri·-

664 2409 810 2452 num
855 2390 1067 2468 ¹¹quod
1113 2390 1483 2453 ¹'concubitu
1528 2390 1600 2451 ab
1646 2391 1904 2452 humano
1948 2407 2164 2469 genere
2206 2390 2584 2470 praeclusitv.

664 2510 713 2560 6.
751 2522 846 2572 quo
882 2509 962 2558 Aa.
1044 2508 1173 2572 quod
1210 2512 1255 2560 b.
1337 2510 1415 2559 aio
1454 2509 1582 2574 σαψ.
1620 2509 1852 2560 nortatus.
1970 2509 2017 2558 ¹¹1.
2055 2510 2310 2578 consocios
2359 2525 2486 2573 quae
2519 2509 2905 2573 perducerentur
2937 2510 3014 2559 Aa.

664 2576 713 2628 8.
752 2576 1036 2625 infantariae
1071 2584 1119 2625 et
1167 2578 1269 2626 coci
1306 2578 1399 2640 ipsi
1437 2591 1581 2626 canes
1627 2577 1707 2626 Aa.
1795 2576 2039 2626 infantarii
2075 2583 2123 2625 et
2158 2577 2299 2640 coqui
2338 2586 2386 2626 et
2419 2577 2513 2642 ipsi
2550 2579 2595 2627 b.
2710 2575 2758 2625 9.
2795 2577 2848 2625 Si
2888 2576 3014 2626 enim

665 2661 761 2709 eye.
835 2642 930 2694 Sed
968 2643 1095 2693 enim
1128 2644 1242 2694 Aah.
1363 2644 1440 2694 10.
1479 2644 1735 2694 horrentes
1770 2645 1814 2695 b.
1887 2645 2180 2693 honorantes
2213 2646 2318 2711 Aa„
2416 2644 2493 2695 11.
2530 2642 2660 2709 quod
2696 2660 2794 2709 eqo.
2868 2658 3012 2708 quam

664 2714 776 2763 Aah.
883 2710 960 2760 12.
995 2712 1250 2761 concubitu
1287 2713 1368 2762 Aa.
1439 2712 1722 2762 concubitus
1760 2714 1804 2761 b.
1876 2712 2136 2775 concupita
2170 2713 2261 2762 Iac.
2301 2713 2623 2776 Gothori-edus.

1891 2812 2058 2861 unisse
2093 2818 2168 2862 sat
2204 2821 2294 2863 est.
2359 2813 2435 2862 ct.
2473 2814 2580 2864 adn.
2620 2813 2680 2862 ad
2716 2811 2786 2863 De
2820 2813 3014 2862 Corona

1892 2894 1996 2942 cap.
2030 2879 2107 2928 tt.

1959 2960 2005 2995 o.
2029 2946 2081 2995 Si
2114 2942 2266 3011 euim]
2304 2946 2653 3008 corrigendum
2688 2955 2792 2996 erat
2812 2948 2866 2996 Si
2899 2948 3017 2998 enan

1891 3027 1980 3076 pro
2001 3015 2095 3063 Sed
2130 3016 2266 3075 enim,
2306 3014 2435 3076 quod
2458 3013 2582 3064 liber
2602 3013 2840 3076 Agobardi
2869 3028 3017 3079 prae-

1890 3082 1985 3130 bet.
2024 3081 2320 3141 Saepissime
2358 3082 2404 3130 iu
2441 3081 2680 3131 veteribus
2715 3081 3016 3130 membranis

1890 3148 2093 3210 reperiri
2149 3148 2410 3211 particulas
2463 3150 2546 3199 sed
2597 3156 2645 3198 et
2696 3151 2739 3199 si
2786 3150 3022 3198 confusas

1891 3222 2057 3263 notum
2095 3223 2184 3264 est.

1958 3297 2004 3345 p.
2045 3282 2174 3344 quod
2218 3296 2337 3330 conc

734 2812 778 2860 h.
819 2808 999 2874 Porro]
1033 2812 1082 2860 h.
1105 2827 1145 2861 e.
1169 2812 1366 2875 atenim,
1397 2812 1563 2873 immo,
1602 2819 1786 2862 contra.

660 2879 714 2928 V.
739 2894 862 2943 quae
897 2879 1113 2928 adnotavi
1142 2880 1358 2945 exempla
1390 2879 1449 2929 ad
1486 2879 1553 2928 De
1597 2880 1787 2930 Corona

662 2961 768 3011 cap.
805 2946 851 2996 7.
903 2947 976 2996 Cf.
1013 2946 1261 3010 Spalding.
1308 2946 1370 2997 ad
1407 2947 1634 3007 Quinctil.
1668 2946 1784 2996 lust.

666 3014 798 3064 Orat.
835 3012 897 3074 ll,
936 3013 984 3073 3,
1023 3015 1071 3063 5.

733 3106 762 3154 i.
801 3100 1064 3171 deputatis]
1136 3107 1208 3156 ct.
1247 3120 1369 3171 quae
1415 3106 1477 3156 de
1511 3106 1605 3156 hoc
1641 3108 1785 3155 verbo

662 3170 886 3230 adnotata
924 3182 1036 3221 sunt
1071 3174 1130 3223 ad
1167 3162 1236 3223 sse
1271 3174 1392 3223 ldol.
1434 3190 1538 3237 cap.
1575 3175 1622 3224 4.

731 3265 776 3312 k.
814 3259 994 3328 elogia]
1069 3264 1140 3312 Cf.
1178 3264 1345 3313 adnot.
1394 3265 1453 3314 ad
1489 3265 1559 3314 De
1595 3266 1786 3316 Corona
2406 3282 2473 3331 ξω
2499 3282 2559 3331 ab
2590 3283 2800 3332 hnmano
2836 3297 3018 3343 genere

664 3347 771 3394 <²⁸9-
804 3329 853 3378 5·
1890 3344 2195 3414 praeclusit]
2242 3350 2355 3410 Riga
2379 3349 2473 3398 tius
2509 3349 2739 3400 correxit:
2775 3352 3018 3411 „honen-

734 3421 765 3469 l.
806 3416 1057 3486 oneratos]
1097 3420 1171 3470 Cl'.
1197 3420 1360 3471 adnot,
1395 3421 1455 3471 ad
1475 3422 1544 3472 De
1566 3423 1787 3487 Spectac.
1891 3424 1960 3466 1e³
1995 3423 2215 3465 naturam
2252 3431 2487 3479 quaerere
2519 3418 2751 3480 Pabulum
2788 3418 3024 3477 fesium*

667 3502 772 3551 cap.
812 3486 893 3537 26.
1893 3498 2030 3547 quem
2053 3486 2322 3534 concubitus
2347 3484 2407 3532 ab
2433 3484 2643 3534 humano
2666 3498 2846 3547 genere
2863 3499 3017 3549 prae-

732 3592 796 3627 m.
834 3578 1217 3628 Perducerentur
1239 3576 1549 3643 infantariae]
1585 3581 1788 3631 Martial.

660 3644 825 3709 Epigr.
857 3646 928 3706 lv,
964 3644 1047 3696 88.
1085 3645 1357 3706 „Infantem
1393 3661 1557 3697 secum
1594 3662 1791 3711 semper

662 3722 740 3763 tua
780 3713 955 3775 Bassa,
991 3712 1221 3772 Fabulle,
1269 3714 1517 3774 Collocat,
1569 3725 1617 3765 et
1650 3715 1789 3766 lusus

602 3824 608 3829 .
660 3782 956 3846 deliciasque
992 3789 1143 3841 vocat,
1196 3782 1255 3832 Et
1289 3782 1418 3846 quod
1456 3783 1646 3833 mireris
1683 3797 1787 3832 mu-

658 3850 763 3910 gis‚
816 3852 1071 3913 infantaria
1105 3863 1200 3899 non
1239 3858 1327 3899 est.
1397 3850 1522 3913 Ergo
1571 3851 1685 3916 quid
1738 3853 1784 3901 in

661 3932 804 3966 causa
843 3913 958 3967 est?
1028 3917 1208 3967 Pedere
1242 3916 1391 3967 Bassa
1428 3919 1569 3968 solet.
1585 3920 1652 3979 “,
1705 3920 1783 3968 ubi

658 3985 960 4046 insanias-ium
984 3992 1112 4033 recte
1142 3985 1520 4050 interpretantur
1547 4000 1671 4050 quae
1707 3986 1782 4034 in-

660 4050 819 4098 lantes
844 4058 1001 4123 ¹amat.

729 4163 776 4199 n.
814 4162 958 4198 canes
994 4146 1227 4215 pronubi}
1261 4151 1315 4200 ln
1349 4151 1662 4215 Apologetico
1694 4168 1782 4216 ap-

657 4215 903 4278 pellantur
939 4216 1154 4265 lenoncs.
1210 4219 1413 4281 Apolog.
1449 4234 1554 4284 cap.
1592 4219 1620 4267 7
1659 4220 1782 4281 „Di-

658 4283 813 4331 cimus
849 4283 1211 4332 sceleratissimi
1259 4286 1319 4334 de
1364 4294 1668 4336 sacramento
1704 4289 1779 4336 iu-

657 4348 887 4399 fanticidii
924 4358 972 4399 et
1017 4351 1194 4413 pabulo
1241 4351 1381 4412 iude,
1433 4360 1480 4403 et
1514 4361 1626 4419 post
1661 4369 1779 4404 con-

657 4417 825 4466 vivium
864 4419 1077 4478 incesto,
1124 4422 1254 4482 quod
1291 4434 1521 4472 mersores
1556 4422 1780 4472 luminum

656 4501 811 4543 cunm,
847 4486 1033 4535 lenones
1069 4487 1246 4537 scilicet
1271 4490 1574 4551 tenebrarum,
1614 4489 1778 4540 libidi-

655 4566 769 4601 num
786 4552 1038 4616 impiarum
1055 4553 1102 4602 in
1118 4554 1450 4605 verecundiam
1466 4556 1780 4619 procurent.“

654 4618 724 4666 De
762 4620 921 4685 ellipsi
970 4620 1319 4674 condicionalis
1368 4624 1633 4688 particulae
1669 4638 1777 4674 mo-

1858 3550 2089 3600 ·clusit.“
2160 3551 2254 3600 Sed
2303 3552 2456 3613 magis
2510 3549 2710 3602 mirifica
2748 3552 2893 3602 buius
2930 3554 3018 3614 flg-

1892 3618 2038 3667 menti
2090 3618 2437 3681 interpretatio.
2507 3618 2577 3668 En
2631 3618 2785 3682 ipsius
2839 3621 3022 3669 verba:

1892 3684 2003 3744 „Ait
2027 3685 2396 3751 ‘Tel-tullianus:
2432 3685 2548 3734 Tam
2587 3686 2846 3747 horrenda,
2893 3696 3018 3736 um-

1891 3766 1985 3815 que
2022 3761 2296 3801 moustrosa
2333 3752 2392 3801 de
2429 3754 2569 3802 nobis
2615 3754 2930 3813 deteruntur,
2969 3762 3024 3801 ut

1890 3819 2112 3882 plerique
2159 3819 2301 3868 fldem
2351 3819 2522 3870 talium
2570 3828 2870 3886 temperent,
2922 3822 3020 3870 boc

1888 3894 1962 3935 est
1996 3886 2137 3935 fldem
2167 3887 2344 3937 talibus
2372 3902 2472 3937 nou
2495 3887 2770 3947 adhibeant,
2805 3886 3018 3937 borreu-

1888 3961 1961 4002 tes
1999 3961 2215 4003 naturam
2244 3969 2479 4019 quaerere
2503 3955 2738 4021 ‘pabulum
2767 3952 3016 4015 ferinum3

1887 4034 2062 4085 nempe
2109 4021 2333 4070 homiues
2368 4024 2433 4071 ita
2467 4030 2638 4083 natos,
2693 4033 2746 4073 ut
2778 4028 3017 4086 quaerant

1886 4096 1935 4137 et
1968 4096 2198 4152 appetant
2229 4089 2461 4151 pabulum
2499 4090 2739 4151 lerinum,
2789 4097 3014 4140 naturam

1882 4155 2002 4205 adeo
2040 4156 2272 4214 lerinam,
2319 4165 2371 4207 ut
2417 4158 2644 4207 carnibus
2687 4157 2916 4209 humanis
2952 4156 3016 4207 li-

1883 4223 2054 4273 beuter
2086 4232 2370 4284 vescantur,
2405 4239 2529 4288 quae
2564 4231 2733 4274 natura
2768 4231 2842 4274 est
2875 4226 3018 4274 t'era-

1881 4302 2008 4341 rum.
2080 4291 2196 4340 Eam
2232 4305 2343 4340 vero
2394 4300 2613 4343 naturam
2668 4292 2913 4351 fernum,
2964 4291 3014 4341 id

1883 4364 1957 4408 est
1994 4358 2123 4408 seras
2158 4358 2321 4423 ipsas,
2376 4359 2662 4410 concubitus
2697 4360 2757 4409 ab
2794 4358 3013 4413 humano

1881 4426 2377 4555 cremauere
2412 4428 2636 4545 nme
2653 4494 3010 4558 m„

1882 4560 2065 4609 Graeco
2086 4574 2241 4621 more,
2278 4560 2408 4625 quod
2441 4562 2508 4613 ita
2545 4562 2724 4615 saa-m
2759 4569 2807 4612 et
2835 4569 3016 4624 natum

1881 4633 1954 4675 est
1985 4634 2038 4676 ut
2071 4630 2324 4692 quaerat.“

2785 5202 2918 5273 ..ε..ὲ
2993 5104 3211 5274 A
