3263 5311
638 399 763 462 166
1171 415 1373 465 omar!
1419 413 1680 457 serrum
1722 413 2051 458 nonanus
2097 413 2488 457 reni-unnim

632 563 679 596 ²¹¹
690 563 873 643 gratis
916 581 1133 637 nosse;
1197 562 1433 626 venales
1491 571 1653 625 sunt.
1751 562 1970 636 ”Quid
2012 563 2255 625 omniuo
2315 564 2390 625 ad
2430 563 2818 630 honorandos
2875 583 2990 626 eos

631 665 824 730 facitis
865 664 1026 743 quod
1067 681 1193 724 non
1234 663 1415 725 etiam
1453 664 1708 726 mortuis
1752 663 1969 725 vestris
2015 662 2380 726 conferatis?
2471 664 2663 727 Aedes
2705 666 2986 745 proinde,

633 785 765 829 aras
807 763 1119 846 proindek.
1204 763 1369 826 Idem
1412 763 1653 827 habitus
1699 775 1759 828 et
1800 765 2054 845 iusignia
2095 765 2160 826 iu
2203 766 2435 852 stamiS.
2525 766 2600 827 Ut
2631 773 2812 840 actas,
2857 765 2990 827 ”ut

631 886 761 939 ars,
806 875 874 927 ut
913 864 1216 944 negotium
1258 867 1480 928 mortui
1523 866 1662 942 suit,
1708 868 1789 928 ita
1834 865 1982 928 deus
2029 863 2175 927 estl.
2235 865 2427 939 ³‘’Quo
2471 868 2671 929 differt
2698 866 2771 928 ab
2801 867 2986 947 epulo

630 968 788 1029 lovis
834 965 1299 1028 silicernium-²?
1353 985 1388 1029 a
1428 966 1746 1047 ³¹simmlo
1792 966 2034 1042 obhv?
2090 967 2164 1029 ab
2207 968 2521 1047 haruspice
2563 966 2986 1048 ”pouinctor‘r

629 1068 779 1130 Nam
822 1075 882 1128 et
921 1067 1223 1147 haruspex
1265 1068 1515 1130 mortuis
1561 1075 1859 1148 apparet⁰.
1947 1068 2067 1129 Sed
2123 1068 2300 1148 digne
2353 1069 2814 1148 imperatoribus
2870 1069 2982 1131 de-

628 1169 844 1230 functis
889 1168 1184 1229 honorem
1225 1168 1551 1230 divinitatis
1595 1169 1838 1244 dicatis,
1882 1170 2098 1250 quibus
2133 1179 2194 1231 et
2221 1170 2551 1234 viventibus
2585 1188 2722 1232 eum
2749 1169 2980 1232 ”addi-

627 1268 783 1331 citis.
863 1268 1119 1348 Accepto
1163 1268 1415 1330 &serent
1456 1270 1548 1330 dei
1594 1271 1810 1344 vestri,
1854 1271 2037 1332 immo
2079 1272 2556 1350 gratulabuntur,
2602 1272 2764 1351 quod
2802 1289 2988 1352 pares

625 1369 772 1430 ”eis
812 1369 961 1430 fiant
998 1368 1227 1432 domiui
1274 1370 1389 1431 sui.
1492 1371 1609 1432 Sed
1667 1390 1802 1432 cum
1843 1371 2282 1433 “Larentinam
2336 1372 2637 1452 publicum
2694 1382 2979 1444 scortum,

566 1524 586 1535 ,
624 1470 800 1531 velim
843 1469 887 1503 ³⁷
898 1469 1093 1552 saltim
1136 1470 1378 1532 Laidem
1434 1478 1534 1531 ‘aut
1573 1470 1879 1551 Phrynen,
1946 1473 2102 1540 iuter
2145 1474 2402 1536 Iunones
2458 1481 2517 1534 et
2559 1473 2807 1536 Cereres
2861 1470 2983 1532 ”et

624 1570 842 1633 Dianas
886 1571 1178 1645 adoretis,
1225 1591 1357 1633 cum
1401 1572 1708 1634 Simonem
1737 1573 1968 1653 Magum
2015 1583 2205 1637 statua
2250 1571 2332 1638 et'
2353 1574 2738 1654 inscriptione
2780 1572 2986 1634 Sancti

625 1823 707 1874 27.
748 1825 895 1886 gratis
934 1821 1078 1874 nosse
1112 1825 1313 1875 ABEFG.
1350 1827 1525 1890 Erfurt.
1569 1828 1760 1878 Vindob.
1852 1843 1998 1878 nosse
2034 1829 2182 1891 gratis
2217 1830 2434 1891 Dabcdes.
2577 1825 2657 1877 28.
2709 1826 2832 1885 Quid
2877 1841 2980 1875 neu

626 1895 823 1942 omniuo
861 1893 1136 1942 adorandos
1172 1893 1225 1943 F.
1296 1894 1419 1951 Quid
1457 1895 1653 1943 omnino
1693 1895 1966 1946 adorandos
2006 1898 2054 1947 G.
2139 1898 2261 1955 Quid
2298 1898 2429 1946 omui
2466 1895 2742 1946 adorandos
2788 1896 2978 1945 Vindob.

610 1960 750 2018 ‘Quid
789 1961 986 2010 omnino
1024 1961 1083 2012 ad
1120 1960 1483 2012 inhonorandos
1518 1956 1562 2008 λ.
1709 1962 1791 2012 29.
1830 1970 1880 2012 ut
1916 1979 2022 2023 πε,
2073 1965 2316 2026 negotium
2355 1982 2392 2014 c.

622 2023 1016 2099 ABDFGiabcdes.
1062 2029 1251 2079 Vindob.
1294 2027 1444 2079 Oeten.
1550 2029 1677 2088 Quid
1723 2031 1882 2079 differt
1937 2032 1988 2080 Ε.
2031 2032 2179 2082 Oxou.
2216 2032 2395 2096 Erfurt.
2541 2030 2624 2080 31.
2662 2030 2897 2092 simpuvio
2935 2046 2975 2080 c.

624 2093 706 2144 32.
745 2095 987 2157 polinctor
1020 2096 1112 2145 EF.
1147 2096 1323 2160 Erfurt.
1409 2095 1641 2160 pollictor
1680 2097 1727 2146 G.
1867 2097 1948 2147 33.
2001 2101 2206 2148 adiicitis
2242 2116 2281 2148 c.
2419 2097 2503 2148 34.
2550 2100 2706 2147 serant
2743 2098 2979 2146 Gorziens.

620 2163 807 2213 ferrent
843 2179 887 2213 α.
1027 2161 1109 2213 35.
1158 2164 1199 2212 ei
1251 2166 1352 2213 aed.
1491 2159 1593 2214 36.’
1622 2166 1925 2215 Larentinam
1962 2168 2163 2229 ABGdes.
2211 2168 2400 2216 Vindob.
2433 2167 2623 2216 Pamelii
2659 2167 2769 2215 libri
2803 2179 2975 2214 omnes.

621 2229 893 2280 Larentiam
931 2231 1071 2281 Dabo.
1143 2231 1481 2280 Laurentinum
1520 2233 1609 2281 EF.
1647 2234 1820 2297 Ersnrt.
1932 2232 2014 2284 37.
2051 2235 2210 2284 saltim
2244 2234 2372 2284 ABE.
2408 2235 2583 2296 Erfurt.
2654 2232 2827 2282 saltem
2865 2233 2980 2280 reli-

623 2300 719 2361 qui.
825 2296 904 2348 38.
943 2307 991 2347 et
1026 2299 1202 2349 Dianas
1237 2300 1449 2348 adoretis
1484 2300 1649 2350 ABEF.
1719 2309 1764 2348 et
1800 2301 1976 2352 Dianas
2013 2302 2161 2352 adore
2199 2302 2303 2352 eius
2341 2303 2390 2352 G.
2461 2317 2518 2350 ac
2552 2301 2728 2350 Dianas
2765 2299 2984 2349 adoretis

622 2366 709 2415 Da.
782 2380 839 2414 ac
874 2364 1052 2416 Dianas
1089 2367 1300 2417 adoratis
1338 2368 1485 2431 hedes.
1557 2368 1767 2417 adoratis
1802 2364 1848 2415 λ.

1852 2533 2064 2604 nium?]
2147 2538 2392 2590 Eiusmodi
2446 2537 2644 2601 epulum
2692 2534 2817 2584 Iovis
2870 2548 2980 2582 me-

1851 2609 2043 2655 mor-etti
2077 2605 2172 2654 Liv.
2203 2598 2336 2661 XXV:
2362 2604 2409 2653 2.
2448 2613 2495 2654 et
2529 2603 2704 2661 xxvii,
2719 2601 2804 2652 36.
2849 2600 2976 2652 Gell.

1849 2674 1905 2724 N.
1943 2676 1992 2722 Δ.
2032 2674 2132 2731 ΧΠ,
2157 2673 2208 2724 8.
2260 2675 2564 2725 silicernium
2604 2679 2677 2721 est
2712 2671 2975 2721 convivium

1823 2741 2070 2793 .suuebre.
2119 2743 2249 2791 Fest.
2289 2741 2468 2806 2291&
2507 2740 2665 2788 Muell.
2707 2739 2875 2788 Donat.
2915 2739 2974 2786 ad

686 2533 731 2581 k.
769 2533 924 2584 Aedes
953 2533 1175 2597 proinde,
1212 2548 1324 2583 aras
1343 2531 1588 2600 proinde]
1625 2536 1746 2584 Nam

617 2600 875 2664 sepulchra
926 2601 1134 2665 superba
1183 2603 1536 2665 potentioribus
1573 2611 1621 2651 et
1657 2617 1746 2652 no-

614 2668 872 2719 bilioribus
910 2678 1121 2719 extructa
1171 2678 1217 2719 et
1251 2685 1406 2733 paene
1443 2672 1500 2719 ad
1539 2672 1747 2720 sormam

618 2736 947 2800 templorum,
994 2745 1042 2786 et
1076 2752 1186 2786 arne
1223 2738 1430 2796 ibidem,
1486 2739 1531 2787 in
1571 2728 1748 2802 quihus

2534 1962 2617 2014 30.
2667 1963 2769 2021 Quo
2820 1962 2983 2011 differt
3077 1967 3084 1972 “

622 2804 713 2853 diis
752 2804 968 2853 Manibus
1004 2805 1237 2855 sacrificia
1276 2807 1460 2854 fierent.
1545 2806 1666 2855 Hinc
1702 2815 1750 2854 et

618 2872 724 2934 ipsa
763 2872 1021 2936 sepulchra
1074 2873 1252 2935 passim
1303 2874 1479 2936 templa
1518 2874 1749 2923 diceban-

619 2946 713 2998 tur,
764 2947 815 2987 ut
861 2941 1067 2989 affirmat
1117 2940 1299 2989 Nonius
1336 2956 1382 3004 p.
1403 2941 1519 2991 464.
1604 2942 1747 2991 Μαι-ο.

619 3004 708 3055 Sil.
746 3006 852 3055 ltal.
889 3006 990 3065 XV,
1029 3006 1127 3057 260
1182 3009 1750 3071 „Magnanima‘iuvidia

616 3073 768 3122 virtus
805 3082 951 3133 caret,
988 3074 1091 3123 Alta
1127 3077 1370 3139 sepulchri
1409 3077 1633 3139 protinus
1667 3091 1749 3125 ex-

617 3142 819 3190 struitur
855 3140 1087 3204 caeloque
1124 3144 1343 3193 educitur
1361 3144 1498 3192 ara.·‘
1537 3145 1746 3201 Cs.Ver-

615 3207 697 3269 gil.
737 3210 850 3257 Aen.
888 3208 972 3262 lv,
1008 3209 1106 3257 457
1145 3225 1250 3273 sqq.

615 3283 763 3322 mant.
851 3311 863 3322 .
891 3273 1008 3323 336.
1056 3275 1130 3321 ed.
1168 3276 1302 3325 Voss.
1360 3269 1463 3331 „oi
1506 3271 1566 3323 δὲ
1618 3273 1746 3329 τοὺς

613 3337 811 3387 nonore
871 3340 919 3391 ῖς
953 3333 1178 3392 τούτους
1224 3336 1315 3389 καὶ
1363 3336 1603 3405 ὑψηλοὺς
1652 3338 1743 3390 τά·

616 3398 1020 3485 φρυςθέχοντες
1064 3400 1196 3475 ὑπὲρ
1257 3407 1359 3473 γῆς·
1408 3404 1499 3459 καὶ
1546 3404 1744 3470 στήλας

1323 3211 1517 3259 Lucian.
1557 3211 1745 3271 Necyo-

503 3510 507 3515 .
611 3485 705 3521 και
738 3479 993 3525 εικονας“
1027 3489 1134 3538 sqq.

682 3573 718 3622 l.
755 3574 820 3623 ita
856 3574 976 3623 deus
1012 3572 1125 3642 est.]
1161 3577 1332 3639 Vergil.
1372 3578 1419 3628 in
1457 3579 1625 3630 sunere
1653 3580 1742 3629 Mi-

613 3642 717 3690 seni
737 3646 854 3692 Aen.
873 3640 1061 3700 vl‚232
1096 3646 1187 3704 „At
1216 3647 1324 3707 pius
1349 3647 1532 3696 Aeneas
1562 3649 1743 3711 ingenti

612 3709 743 3759 mole
780 3711 1093 3775 sepulchrum
1130 3712 1339 3776 Inponit,
1386 3730 1573 3779 suaque
1609 3732 1743 3765 arma

608 3777 729 3835 viro,
778 3792 1062 3843 remumque
1122 3781 1434 3845 tubamque.“
1506 3784 1744 3849 Graphice

609 3843 848 3895 hucianus
885 3847 1139 3912 in—Scytha
1178 3843 1250 3912 [p.
1278 3849 1391 3900 592.
1430 3850 1504 3900 ed.
1546 3847 1738 3917 Graev]

613 3906 769 3966 „Kal
804 3907 998 3991 εὑρέθη
1031 3915 1177 3963 κεῖθι
1215 3909 1243 3962 ὅ
1268 3911 1499 3983 Τόξαρις
1533 3919 1739 3985 τεθαμ-

606 3973 791 4053 μέρος,
830 3993 894 4044 τῃ
932 3994 990 4029 τε
1025 3974 1311 4061 ἐπιγραφῇ
1345 3980 1638 4049 γνωσθεὶς,
1690 3979 1741 4035 εἰ

606 4056 773 4159 Ξῗέτὲ
779 4039 1013 4162 wa
1033 4041 1327 4184 ‘i'F-ffl‘fa‘g‘
1340 4046 1496 4167 2532
1507 4047 1738 4173 ²5².ss

607 4171 966 4295 radiante
1003 4134 1370 4264 rj'aquqstkv
1404 4136 1565 4241 teg-'312
1591 4135 1737 4254 ἔχιῗιῖν

635 4243 985 4312 πεταμένον,
1022 4248 1090 4316 τῇ
1126 4245 1273 4314 deeset
1308 4248 1369 4302 δὲ
1391 4249 1620 4317 βιβλίον,
1662 4248 1737 4309 ὥς

607 4306 850 4363 ἓδόκει.“
887 4314 1302 4377 Quemadmodum
1324 4321 1467 4384 igitur
1485 4323 1567 4383 dii,
1594 4330 1741 4387 prout

608 4391 713 4433 erat
748 4398 919 4433 eorum
957 4392 1105 4442 aetas,
1159 4387 1333 4448 forma,
1371 4389 1562 4440 habitus
1599 4390 1738 4440 deni-

607 4464 702 4514 que
730 4460 872 4515 atque
900 4467 998 4514 ars,
1036 4453 1404 4519 effingebantur,
1443 4458 1505 4508 ita
1532 4465 1579 4509 et
1603 4473 1736 4508 tuor-

606 4520 694 4569 tui.
733 4519 970 4581 fflerald.)

673 4632 737 4668 m.
777 4620 883 4679 Quo
920 4621 1081 4673 differt
1113 4623 1173 4675 ab
1211 4623 1357 4693 epulo
1387 4625 1511 4678 Iovis
1547 4627 1740 4679 silicer-

1851 2809 2045 2859 Terent.
2079 2808 2278 2873 Adelph.
2317 2810 2389 2869 IV,
2412 2808 2459 2867 2,
2475 2807 2558 2858 48.
2606 2806 2736 2855 Serv.
2774 2806 2832 2854 ad
2857 2805 2977 2853 Ver-

1849 2877 2093 2995 guikmAeu.
2131 2878 2180 2937 V,
2217 2876 2299 2927 92.
2382 2877 2504 2927 Nou.
2556 2874 2767 2927 Marcell.
2802 2887 2851 2937 p.
2889 2871 2974 2922 48.

1919 3059 1967 3094 n.
2005 3059 2030 3095 a
2068 3044 2279 3107 simpulo
2317 3045 2439 3093 obba
2455 3040 2507 3109 ?]
2543 3043 2662 3092 Nam
2691 3050 2742 3095 ut
2760 3040 2976 3104 simpulo

1850 3113 2008 3161 vinum
2047 3112 2092 3161 in
2129 3110 2379 3165 sacrificiis
2431 3112 2688 3170 libabatur,
2734 3111 2796 3159 ita
2846 3107 2972 3157 obba

1848 3180 1939 3229 diis
1978 3180 2210 3228 Manibus.
2238 3180 2334 3228 Vct.
2374 3178 2604 3230 Glossae:
2642 3178 2834 3239 „Obha,
2871 3171 2978 3240 ἆμ-

1846 3245 1948 3308 βιξ,
1999 3240 2060 3295 ἐν
2094 3230 2138 3312 ᾦ
2174 3245 2288 3299 τοῖς
2320 3246 2530 3313 νεκροῖς
2577 3239 2974 3293 σπένδουσιν.“

1846 3316 2083 3371 (Herald.)
2154 3315 2221 3363 De
2258 3315 2468 3378 simpulo
2506 3314 2567 3363 cf.
2607 3314 2733 3362 Fest.
2769 3328 2817 3376 p.
2853 3309 2974 3363 337.

1844 3382 2006 3431 Muell.
2042 3382 2188 3431 Varro
2227 3382 2293 3430 De
2331 3383 2381 3431 Ι..
2419 3385 2471 3431 L.
2507 3382 2557 3441 V,
2589 3380 2672 3431 26.
2753 3379 2970 3429 Hildehr.

1842 3450 1902 3499 ad
1939 3451 2116 3499 Arnoh.
2153 3449 2263 3499 Adv.
2300 3450 2425 3499 Nau.
2463 3450 2532 3507 tv,
2571 3446 2652 3498 31.
2738 3447 2806 3497 De
2843 3447 2970 3495 obba

1845 3518 1906 3567 cf.
1955 3519 2097 3567 etiam
2146 3517 2267 3567 Non.
2316 3532 2423 3581 pag.
2460 3516 2569 3567 146.
2623 3524 2671 3567 et
2719 3530 2825 3579 pag.
2853 3512 2975 3564 545.

1845 3585 1990 3635 Merc.
2383 3616 2434 3655 fl·

1913 3700 1959 3736 o.
2014 3687 2072 3733 ah
2110 3686 2367 3749 haruspice
2403 3680 2706 3750 pollinctor?
2768 3683 2888 3732 Nam
2924 3690 2974 3731 et

1846 3753 2086 3815 haruspex
2122 3754 2325 3802 mortuis
2372 3747 2611 3817 apparet]
2683 3751 2821 3809 Quod
2857 3749 2972 3814 pol·

1847 3819 2022 3869 linctor
2059 3821 2105 3869 in
2144 3821 2384 3883 humanis,
2435 3822 2482 3871 id
2530 3821 2770 3881 haruspex
2817 3819 2863 3865 in
2900 3817 2976 3865 di-

1841 3888 1977 3936 vinis.
2064 3888 2151 3936 llle
2200 3898 2425 3951 procurat
2476 3885 2972 3947 bumanacadavera,

1842 3954 1920 4004 hic
1954 3955 2167 4004 victimas
2205 3956 2308 4005 deis
2345 3971 2529 4006 caesas.
2576 3954 2643 4003 Dc
2677 3952 2972 4017 pollinctore

1840 4023 1902 4072 cr.
1939 4022 2148 4073 Kirchm.
2187 4023 2255 4071 De
2279 4025 2450 4074 Funer.
2476 4024 2612 4072 Rom.
2635 4022 2673 4081 1,
2687 4022 2736 4071 9.
2765 4019 2980 4069 -Becker

1840 4089 1962 4139 Gall.
2003 4089 2072 4149 ΙΙ,
2120 4105 2169 4153 p.
2208 4090 2307 4141 276
2343 4106 2417 4155 sq.
2510 4090 2752 4138 Funerum
2805 4094 2852 4136 et
2886 4101 2976 4137 sa·—

1838 4171 2031 4206 crorum
2068 4159 2294 4217 arbitros,
2333 4159 2688 4219 designatorem
2735 4162 2786 4204 et
2821 4154 2972 4203 haru—

1836 4224 2020 4287 spicem
2076 4226 2319 4288 coniungit
2366 4225 2692 4276 Tertullianus
2739 4222 2809 4271 De
2844 4220 2972 4284 Spe—

1843 4299 1960 4341 ctac.
1998 4307 2104 4356 cap.
2149 4293 2242 4343 ΙΟ.-
2296 4293 2368 4344 Cf.
2405 4294 2651 4355 Scorpiac.
2691 4288 2840 4352 cap]
2881 4288 2978 4347 „Si

1840 4368 2008 4410 noster
2043 4374 2236 4424 quoque
2271 4362 2393 4411 deus
2417 4360 2648 4425 propriae
2671 4357 2858 4407 hostiae
2877 4369 2973 4404 uo·-

1840 4427 1969 4476 miue
2015 4429 2239 4490 martyria
2288 4429 2382 4479 sibi
2419 4426 2806 4492 depostulasset,
2833 4425 2982 4495 *quis

1839 4494 1908 4543 illi
1947 4494 2290 4556 eiprobrasset
2324 4497 2566 4546 funestam
2597 4493 2888 4554 religionem
2925 4497 2976 4540 et

1841 4561 2070 4623 lugubres
2117 4563 2239 4613 ritus
2289 4572 2337 4613 et
2383 4578 2520 4615 aram
2563 4574 2734 4625 rogum
2784 4568 2832 4609 et
2862 4558 2982 4622 pol-

1839 4629 2080 4681 linctorem
2113 4631 2395 4684 sacerdotem
2408 4631 2476 4683 ?“
