3263 5311
791 434 882 478 ns
930 435 1155 480 ismaro
1199 431 1516 496 ιιιινιειιειιιιἸ
1533 413 1881 484 rsrcmcos.
2394 427 2518 491 869

130 642 144 653 .
226 598 280 654 et
309 586 541 651 haeresis
581 591 647 647 et
687 584 1268 668 'psendoprophetia
1324 587 1649 652 divinitatis
1706 588 2049 653 diversitate
2106 591 2522 657 iudicabuntur

223 688 378 771 ⁸apud
423 705 534 749 nos
592 703 803 748 omnes
856 687 1017 749 unici
1081 688 1178 751 dei
1243 690 1532 752 creatoris
1598 697 1660 751 et
1710 689 1934 753 Christi
2000 691 2130 754 eius
2196 693 2516 769 antistites,

219 792 440 870 adeoque
475 787 888 871 indifferenter
940 789 1094 852 hanc
1139 798 1372 871 partem
1425 789 1718 865 defendo,
1785 791 1903 853 iliis
1961 794 2225 856 offerens
2278 794 2344 856 in
2397 807 2519 876 qno

218 891 372 954 velint
401 889 634 968 gradum
677 887 921 968 figerck.
1005 889 1270 970 Spiritus
1316 891 1534 953 diaboli
1577 898 1704 966 est,
1749 892 1932 967 dicis,
1980 911 2017 954 o
2059 893 2360 975 psychice.
2447 893 2523 958 Et

217 990 475 1074 quomodo
511 989 851 1052 dai·nost1·i
895 990 1089 1052 officia
1132 989 1340 1053 indicit
1379 1007 1494 1055 nee
1533 992 1630 1054 alii
1677 994 1982 1056 offerenda
2026 1011 2201 1075 qnam
2243 996 2358 1058 deo
2401 1009 2523 1058 no·-

212 1091 370 1156 stro?
439 1091 550 1153 Aut
587 1090 885 1154 contende
927 1091 1226 1155 diabolum
1271 1109 1406 1156 mm
1448 1093 1563 1156 deo
1605 1094 1802 1157 facere
1844 1102 2091 1168 nostro,
2138 1104 2239 1158 aut
2280 1105 2520 1160 satanas

210 1193 500 1275 paracletus
529 1190 837 1254 habeatur.
899 1193 1022 1255 Sed
1063 1193 1370 1256 hominem
1413 1193 1825 1257 antichristum
1856 1196 2166 1271 adfirmas·
2209 1197 2327 1259 hoc
2356 1198 2515 1260 euim
2542 1178 2749 1274 „¹¹:3¹²”

208 1301 459 1356 vocantur
495 1292 776 1354 haeretici
820 1294 1063 1358 nomine
1117 1313 1306 1375 penes
1347 1291 1654 1357 loannem.
1752 1295 1831 1358 Et
1882 1298 2185 1377 quomodo
2240 1299 2517 1378 qmsqfflg
2542 1261 2687 1377 nil-⁰¹3
2697 1331 2738 1373 7

205 1395 294 1456 ille
333 1401 416 1456 est
452 1392 771 1456 inchristo
817 1403 1029 1456 nostro
1074 1396 1221 1458 haec
1264 1415 1400 1476 erga
1446 1397 1753 1459 dominum
1782 1405 2055 1460 nostrum
2086 1398 2278 1461 officia
2309 1398 2525 1479 dispo-

201 1496 336 1569 suit,
376 1513 493 1557 cum
539 1502 602 1555 et
641 1495 1039 1557 antichristi⁹
1054 1515 1192 1576 erga
1236 1496 1440 1570 deum,
1501 1496 1817 1559 adversum
1870 1497 2146 1561 nostrum
2198 1517 2518 1579 processe-

141 1607 158 1621 ·
199 1596 311 1658 rint
347 1593 686 1657 Christum?
748 1594 882 1668 Quo
915 1596 1167 1676 ¹⁴'itaque
1207 1608 1382 1678 putas
1424 1596 1708 1659 laterum¹
1752 1600 2160 1660 confirmatum
2205 1599 2361 1679 apud
2402 1613 2519 1661 nos

195 1696 482 1778 spiritum,
526 1709 660 1756 cum
703 1695 957 1775 imperat
999 1715 1074 1759 an
1121 1715 1253 1758 cum
1296 1696 1512 1778 probat
1555 1711 1705 1778 quae
1751 1698 1898 1761 deus
1928 1707 2137 1761 noster
2166 1707 2226 1761 et
2258 1701 2519 1780 impera-

195 1797 276 1859 vit
312 1814 533 1875 semper
575 1804 638 1857 et
676 1795 997 1876 probavit?
1084 1797 1204 1859 Sed
1245 1815 1460 1861 rursus
1503 1799 1675 1878 palos
1719 1799 2059 1862 terminales
2103 1800 2336 1879 figitis·
2384 1801 2519 1891 deo,

187 1898 337 1961 sieut
374 1897 443 1958 de
483 1896 698 1975 gratia,
756 1897 838 1957 ita
870 1897 957 1976 ,de
995 1897 1344 1979 disciplina,
1404 1898 1561 1959 sicut
1603 1898 1678 1960 de
1733 1899 2220 1974 charismatibus»,
2280 1900 2360 1966 ita
2407 1900 2445 1932 ¹¹
2463 1903 2525 1964 et

191 1999 262 2061 de
304 1995 714 2072 sollemnibus,
780 2007 849 2059 ut
897 1998 1150 2078 proinde
1209 1997 1399 2061 officia
1455 2000 1850 2073 cessaverint,
1919 1999 2416 2079 quemadmodum
2461 2007 2522 2062 et

183 2098 455 2163 beneficia
495 2098 662 2171 eiua,
705 2105 882 2177 atque
925 2098 1006 2160 ita
1049 2099 1278 2178 negetis
1323 2118 1514 2179 usque
1543 2086 1748 2161 xadhuc
1793 2120 1928 2162 eum
1960 2101 2157 2162 munia
2190 2102 2517 2183 imponere,

181 2200 314 2280 quia
358 2209 414 2261 et
454 2198 550 2261 hic
590 2198 714 2261 Lex
760 2206 820 2260 et
858 2199 1184 2280 prophetae
1226 2218 1416 2279 usque
1459 2199 1533 2261 ad
1577 2200 1882 2262 loannem.
1934 2202 2261 2280 ‘Superest
2304 2210 2366 2262 nt
2410 2210 2831 2272 to-nauhxma.

173 2303 305 2363 tum
347 2299 620 2361 anserede
661 2308 946 2380 quantum
985 2300 1048 2360 in
1091 2299 1263 2360 vohis
1311 2307 1426 2361 tam
1473 2301 1756 2362 otiosum.

345 2400 464 2462 lam
508 2401 665 2462 enim
711 2408 771 2462 et
812 2400 874 2462 in
917 2398 1031 2462 ista
1088 2400 1288 2481 specie
1347 2400 1571 2462 ¹ditati·
1602 2401 1970 2481 saturatique
2036 2399 2333 2480 regnatis,
2366 2417 2524 2482 ⁸non
2560 2423 2782 2484 ὤμω,

171 2503 385 2565 delicta
454 2500 894 2575 ²incursantem,
967 2519 1118 2580 quae
1191 2500 1425 2563 ieiuniis
1499 2502 1845 2574 elimentur,
1920 2518 2033 2561 nec
2095 2487 2787 2563 revelationum¹00‘·¹v2⁸·

163 2604 418 2666 scientia
463 2602 829 2682 indigenteS,
877 2599 1027 2682 dnae
1071 2601 1451 2683 xerophagiis
1488 2609 1983 2683 extorqueantur,
2025 2620 2140 2665 nec
2180 2602 2332 2665 bella
2373 2619 2522 2682 pro-

160 2705 298 2786 pria
342 2700 713 2778 metuentes,
759 2722 911 2784 quae
953 2703 1307 2766 stationibus
1354 2704 1766 2766 discutiantur.
1846 2701 1923 2764 Ut
1965 2702 2038 2764 ab
2078 2703 2302 2764 Ioanne
2344 2719 2522 2781 para-

157 2806 360 2868 cletus
406 2804 837 2879 obmutuisset,
902 2804 1054 2885 ³ipsi
1099 2804 1274 2866 nobis
1318 2805 1647 2884 prophetae
1688 2805 1752 2866 in
1795 2803 1950 2865 hanc
1988 2802 2242 2864 maxime
2286 2819 2526 2863 causam

155 2906 616 2980 extitissemu8‚
661 2903 778 2966 iam
822 2923 944 2966 non
989 2906 1122 2967 dico
1169 2905 1244 2966 ad
1286 2905 1647 3001 exorandam
1690 2903 1786 2966 dei
1830 2904 2008 2978 iram,
2053 2921 2169 2964 nec
2210 2902 2282 2963 ad
2329 2902 2523 2983 impe·

137 3009 440 3070 ‘ti-andam
486 3005 729 3070 tutelam
773 3005 901 3067 eius
947 3014 1048 3068 aut
1089 3006 1367 3087 gratiam,
1416 3005 1524 3067 sed
1566 3005 1639 3065 ad
1670 3004 2191 3084 praemuniendam
2232 3020 2342 3083 per
2371 3018 2522 3066 nos«-

145 3116 290 3172 met
329 3109 508 3187 ipsos
553 3106 1016 3169 novissimorum
1059 3114 1394 3188 temporum
1433 3105 1877 3179 condicionem,
1921 3103 2252 3166 indicentes
2283 3120 2524 3164 omnem

143 3204 813 3292 ταπεινοφρόνησιν,
859 3225 994 3268 cum
1038 3226 1238 3270 carcer
1281 3207 1670 3279 ediscendus»,
1724 3215 1785 3268 et
1826 3206 2015 3266 fames
2057 3222 2127 3265 ac
2167 3203 2300 3265 sitis
2347 3221 2522 3265 exer-

133 3308 423 3383 cendae,
490 3318 551 3371 et
593 3315 710 3369 tam
758 3306 988 3369 inediae
1031 3327 1206 3388 quam
1250 3308 1406 3370 anxii
1450 3307 1640 3370 victus
1688 3306 1996 3369 tolerantia
2040 3302 2383 3383 usurpanda
2424 3302 2560 3376 sit„

133 3418 218 3472 ιιι
273 3410 344 3471 in
418 3422 722 3470 carcerem
790 3408 923 3470 talis
991 3409 1250 3470 introeat
1304 3407 1675 3470 Christianus
1744 3404 1936 3486 qualis
1999 3405 2138 3465 inde
2202 3404 2523 3483 prodisset,

129 3528 281 3573 non
325 3526 598 3591 poenam
642 3508 761 3570 illic
801 3527 1125 3588 passurus,
1171 3509 1275 3570 sed
1322 3507 1725 3589 disciplinam,
1789 3524 1901 3568 nec
1943 3503 2162 3567 saeculi
2204 3510 2523 3579 tormenta,

125 3610 261 3673 sed
311 3628 430 3673 sua
480 3608 704 3685 officia,
750 3628 944 3689 eoque
985 3609 1265 3672 fidentior
1289 3626 1689 3689 processurus
1719 3607 1792 3668 ad
1823 3612 2120 3669 certamen
2155 3604 2227 3667 ⁴e
2248 3603 2524 3667 custodia

127 3709 430 3775 abusus·
460 3709 628 3773 nihil
667 3708 897 3773 habens
942 3710 1172 3785 carnis,
1220 3709 1309 3772 sic
1349 3717 1418 3773 ut
1443 3726 1557 3771 nec
1581 3709 1842 3770 habeant
1868 3714 2166 3771 tormenta
2194 3705 2521 3780 materiam,

115 3862 187 3914 7.
228 3862 737 3928 pseudoprophetia·
770 3864 822 3913 A.
927 3851 977 3912 δ’.
1009 3860 1143 3926 apud
1188 3876 1281 3912 nos
1329 3856 1455 3925 apud
1503 3872 1674 3911 omnes
1708 3861 1758 3910 A.
1865 3857 1915 3908 9.
1951 3828 2073 3921 erga·
2099 3852 2244 3907 deum
2280 3857 2401 3907 delet
2434 3856 2525 3908 La-

113 3933 316 3983 tinius.
445 3931 524 3980 10.
570 3931 737 3995 utique
771 3931 825 3980 A.
934 3930 1011 3980 11.
1049 3937 1097 3978 et
1131 3944 1220 3979 om.
1253 3928 1305 3978 B.

287 3998 401 4062 Cap
464 3996 568 4048 ΧΠ.
642 3997 687 4047 1.
726 3997 874 4047 dotati
908 3998 960 4047 A.
1064 3995 1114 4047 2.
1151 3996 1453 4045 incursantes
1488 3995 1577 4045 1⁰⁸.
1603 3992 1828 4054 Scaliger.
1896 3991 2174 4041 incusantes
2210 3990 2320 4041 libri
2354 4002 2525 4040 omnes.

112 4066 180 4117 3.
227 4072 286 4116 et
323 4013 434 4129 ipsi
472 4067 526 4116 A.
629 4063 679 4115 4.
716 4080 744 4114 e
781 4064 999 4115 custodia
1035 4064 1217 4114 obesus
1250 4064 1479 4113 Latinius.
1552 4075 1580 4109 e
1613 4059 1831 4110 custodia
1869 4058 1930 4108 ab
1966 4074 2054 4109 usu
2091 4058 2431 4123 10³.Sca12·92r.

202 4167 260 4216 Ιι.
301 4165 529 4228 gradum
565 4161 757 4229 figere]
793 4165 866 4214 Cf.
882 4164 1041 4215 adnot.
1069 4163 1130 4214 ad
1147 4164 1298 4214 Scor-

112 4235 266 4300 piac.
310 4246 438 4296 cap.
465 4232 515 4283 4.

163 4300 234 4349 Ι.
285 4301 414 4360 Quo
446 4299 704 4364 itaquo—
741 4294 972 4364 laterum]
1005 4299 1071 4349 Ex
1091 4313 1187 4363 quo
1208 4298 1299 4348 ita-

112 4382 226 4434 μισ
268 4366 742 4417 latero.ct.1)e
777 4365 938 4417 Pallio
987 4380 1092 4430 cap.
1118 4366 1142 4416 1
1205 4365 1301 4427 „ab

112 4444 363 4498 iti-oque
407 4433 681 4484 laterumf‘

183 4516 267 4551 m.
316 4501 489 4564 palos
525 4500 806 4550 terminales
843 4464 1012 4562 figitis]
1065 4500 1301 4550 Auctores

112 4570 307 4621 laium
353 4569 706 4630 regundorum
847 4581 906 4615 os
955 4581 1052 4644 pro·
1081 4566 1301 4616 terminia

112 4653 152 4689 n
220 4634 567 4701 quibusdam
611 4633 712 4696 regi
834 4649 891 4684 us
938 4633 1053 4698 poni
1108 4633 1302 4695 docent,

1400 4162 1589 4223 iliceos,
1609 4158 1909 4238 oleagineos,
1934 4158 2214 4223 inniporeos
2241 4165 2351 4209 cett.
2386 4158 2526 4233 palos

1402 4229 1463 4280 de
1499 4228 1610 4278 ilice
1644 4228 1849 4292 picatos.
1884 4225 2109 4293 (Rigalt.)

1471 4282 2109 4360 Cap-X11.a.abusns]
2131 4294 2328 4353 Abusus,
2380 4291 2527 4352 longo

1403 4377 1494 4412 usu
1531 4362 1888 4428 propemodum
1922 4362 2207 4424 absumptus
2252 4359 2530 4409 confectus·

1405 4444 1515 4494 qne.
1567 4430 1618 4478 Si
1659 4429 1773 4494 quid
1809 4430 2023 4478 iuvarent
2056 4426 2366 4490 exemplaria,
2404 4424 2530 4473 mal-

1406 4496 1500 4547 lem
1538 4499 1723 4557 obem,
1774 4496 2181 4560 quemadmodum
2215 4500 2349 4541 vetus
2383 4496 2527 4553 poeta

1406 4564 1536 4628 apud
1571 4563 1782 4614 Gellium
1817 4564 2006 4614 obesum
2051 4561 2166 4611 dixit
2210 4573 2301 4621 pro
2338 4557 2448 4607 exili
2483 4564 2535 4608 ot

1405 4631 1690 4696 gracilento.
1776 4631 1991 4693 (Rigalt)
2103 4627 2295 4691 Accipio
2355 4628 2529 4678 ebusus

2640 2672 2647 2679 .
2760 2674 2795 2697 x
2872 2684 2881 2691 .
