3263 5311
1054 412 1127 454 an
1171 411 1409 455 uxonsu
1453 411 1565 458 un.
1598 412 1664 454 11.
2399 397 2523 462 689

222 568 358 634 ceat,
419 558 475 621 si
524 558 966 640 procedendum
1031 559 1202 635 erist,
1264 579 1585 643 numquam
1635 562 1836 643 'magis
1900 563 2152 626 familiae
2218 566 2525 649 occupatio

220 661 516 724 ‘obveniat
605 661 752 735 Quis
796 661 989 724 ⁷enirn
1036 663 1193 724 sinat
1232 661 1545 742 coniugem
1589 681 1760 724 suam
1802 662 2232 726 visitandorum
2276 669 2526 733 fratrum

218 763 377 843 gmtia
415 762 680 854 ‘rigatam
734 762 923 825 aliena
979 771 1040 825 et
1088 762 1325 844 quidem
1376 765 1735 845 pauperiora
1795 783 2060 847 quaeque
2115 768 2347 847 tuguria
2400 769 2521 831 cir-

214 862 400 928 cuire?
469 863 619 938 Quis
664 864 971 927 nocturnis
1014 864 1592 940 convocationibus·‚
1638 866 1690 927 si
1729 866 1814 929 ita'
1845 867 2211 947 oportuerit,
2258 888 2293 929 a
2339 870 2523 933 latere

216 984 318 1028 sno
354 950 560 1028 ⁹'adimi
601 964 854 1029 libenter
897 964 1091 1028 seret?
1159 966 1309 1039 Quis
1352 967 1607 1047 denique
1649 967 2038 1031 sollemnibus
2066 970 2330 1032 Paschae
2361 971 2523 1034 ¹⁰ab-

212 1064 555 1130 noctantem¹
595 1085 844 1130 securus
890 1066 1256 1129 sustinebit?
1323 1067 1472 1143 Quis
1502 1069 1576 1130 ad
1606 1068 1939 1132 convivium
1968 1071 2327 1134 dominicum
2360 1072 2523 1148 illud,

212 1167 355 1248 quod
392 1167 729 1242 infamant‘,
774 1167 905 1230 sine
948 1169 1110 1231 ¹¹sua
1157 1169 1500 1251 suspicione
1533 1169 1886 1234 ¹²dimittet?
1956 1172 2105 1245 Quis
2135 1173 2196 1233 in
2226 1192 2524 1236 carcerem

211 1269 281 1332 ad
318 1269 622 1332 osculanda
664 1268 892 1331 vincula
945 1272 1221 1351 martyris
1277 1279 1514 1356 reptare
1566 1271 1871 1353 patietur?
1975 1273 2096 1335 lam
2150 1293 2292 1337 vero
2352 1275 2521 1338 alicui

207 1371 431 1434 fratrum
473 1371 549 1433 ad
593 1371 860 1434 osculum
905 1371 1266 1434 convenire?
1321 1391 1531 1454 aquam
1576 1381 1917 1457 sanctoruni
1957 1376 2209 1456 pedibus
2256 1375 2521 1440 offerre?

208 1473 279 1534 de
316 1471 469 1547 cibo,
515 1472 589 1535 de
631 1473 845 1554 poculo
888 1473 1194 1547 invadere,
1240 1473 1613 1549 desiderare,
1661 1475 1722 1536 in
1764 1484 1964 1537 mente
2012 1475 2331 1541 ¹³habere?
2394 1477 2436 1509 ¹⁴
2453 1477 2520 1541 Si

199 1593 436 1655 pereger
474 1575 658 1636 frater
712 1575 1012 1649 adveniat,
1079 1574 1236 1655 quod
1295 1575 1357 1636 in
1411 1575 1598 1637 aliena
1655 1575 1834 1638 domo
1889 1576 2262 1658 hospitium?
2329 1579 2383 1642 si
2426 1577 2519 1642 cui

198 1675 546 1754 largiendum
588 1675 732 1751 erit,
774 1677 1089 1750 horreum,
1136 1675 1394 1756 ¹⁵proma
1434 1677 1742 1757 praeclusa
1784 1688 1941 1742 sunt.

361 1777 506 1840 ¹Sed
551 1775 763 1857 aliquis
806 1777 1064 1839 sustinet
1104 1786 1311 1839 nostra
1352 1796 1464 1839 nec
1506 1777 1819 1860 obstrepit.
1879 1780 2010 1843 Hoc
2051 1790 2146 1843 est
2187 1782 2364 1862 igitur
2408 1783 2517 1845 de-

196 1879 418 1952 lictum,
475 1877 635 1959 quod
679 1879 927 1959 gentiles
971 1886 1180 1940 nostra
1222 1887 1547 1955 noverunt,
1604 1881 1764 1960 quod
1821 1881 1931 1943 sub
1977 1883 2340 1946 conscientia
2383 1883 2513 1946 ²in-

192 1980 477 2043 iustorum
519 1998 757 2054 sumus,
825 1979 987 2060 quod
1026 1979 1412 2043 ³heneficium
1456 1999 1666 2043 eorum
1710 1989 1839 2056 est,
1895 1983 1948 2042 si
1992 1984 2134 2064 quid
2178 2004 2514 2065 operamur.

194 2080 354 2142 ‘Non
392 2089 594 2161 potest
633 2081 862 2143 nescire
907 2081 1006 2161 qui
1052 2081 1337 2154 sustinet,
1399 2089 1501 2141 aut
1541 2082 1591 2143 si
1635 2081 1856 2144 celatur
1899 2083 2033 2164 quia
2074 2105 2199 2147 non
2242 2087 2516 2164 sustinet,

187 2183 441 2246 timetur.
527 2181 674 2245 Cum
717 2189 914 2244 autem
957 2181 1249 2270 scriptura
1289 2190 1606 2263 utrumque
1649 2184 1919 2258 mandet,
1995 2194 2056 2248 et
2098 2188 2229 2249 sine
2273 2189 2517 2251 alterius

191 2283 549 2346 conscientia
592 2291 653 2346 et
694 2284 825 2345 sine
870 2264 1075 2346 nostra
1116 2301 1402 2364 pressura
1446 2284 1680 2365 operari
1725 2284 1997 2359 domino,
2055 2289 2204 2350 nihil
2249 2289 2518 2365 interest,

182 2387 250 2448 in
294 2403 402 2465 qua
445 2394 611 2466 parte
653 2384 993 2465 delinquaS,
1038 2394 1140 2447 aut
1173 2385 1269 2447 ⁵in
1312 2386 1739 2468 conscientiam
1766 2386 2025 2460 “mariti‚
2073 2390 2125 2450 si
2158 2391 2238 2452 sit
2263 2392 2517 2472 patiens,

2557 1808 2663 1862 Cap.
2685 1807 2733 1850 V.

180 2487 319 2547 ''aut
359 2486 419 2547 in
462 2486 954 2549 conflictationem
1001 2486 1118 2559 tui,
1170 2473 1570 2548 dum'vitatur
1611 2487 1947 2568 impatiens,
2031 2489 2258 2567 Nolite,
2305 2494 2820 2573 inquitmauhxme.

180 2588 563 2669 ⁸margaritas
606 2595 832 2650 vestras
874 2588 1074 2668 porcis
1117 2587 1363 2662 iactare,
1408 2587 1518 2649 ”ne
1561 2589 1909 2651 conculcent
1951 2591 1992 2622 ¹⁰
2005 2610 2105 2652 eas
2154 2600 2214 2653 et
2244 2595 2516 2657 conversi

174 2710 287 2752 vos
333 2708 567 2771 quoque
609 2698 893 2752 evertant.
974 2690 1011 2722 ¹¹
1026 2689 1370 2769 Margaritae
1412 2699 1645 2753 vestrae
1692 2691 1733 2722 ¹²
1747 2699 1888 2753 sunt
1929 2693 2101 2755 etiam
2145 2695 2519 2773 quotidianae

174 2791 652 2859 conversationis
697 2791 972 2872 insignia.
1073 2792 1307 2864 Quanto
1365 2792 1661 2853 curaveris
1705 2782 2144 2889 eavoccultare,
2199 2779 2361 2857 tanto
2410 2816 2515 2859 su-

172 2945 231 2995 6.
270 2944 486 2995 obveniat
515 2946 604 2998 Aa.
673 2944 889 2995 adveniat
919 2947 1104 3009 reliqui.
1201 2945 1249 2996 7.
1285 2952 1444 2994 autem
1478 2946 1563 2995 Ad.
1647 2944 1694 2995 8.
1732 2947 1889 2995 viatim
1923 2950 1973 2995 Α.
2033 2947 2201 2998 Probat
2233 2949 2489 3001 Hildelmm

172 3015 288 3064 dus.
390 3012 438 3063 9.
474 3012 619 3063 adimi
652 3014 736 3063 Ad.
819 3011 958 3062 eximi
993 3014 1178 3077 reliqui.
1287 3006 1364 3061 10.
1403 3011 1738 3062 adnectentem
1772 3013 1857 3063 BC.
1967 3014 2045 3063 11.
2081 3030 2246 3065 scaeva
2283 3018 2375 3067 Ios.
2403 3020 2517 3070 Sca-

167 3083 312 3144 liyer.
417 3080 496 3130 12.
532 3080 727 3131 dimittit
760 3080 1013 3145 B(m.pr.)
1039 3080 1124 3129 CD.
1250 3078 1329 3129 13.
1380 3079 1545 3129 baberi
1576 3082 1625 3130 Α.
1736 3080 1814 3131 14.
1865 3082 1915 3131 si
1962 3096 2167 3146 pereger
2212 3081 2380 3148 (Affld.
2463 3086 2513 3136 Si

160 3162 379 3214 peregre
414 3146 530 3214 Αφ.
600 3148 652 3198 Si
688 3157 735 3199 et
769 3162 973 3212 peregre
1005 3149 1191 3212 reliqui.
1272 3147 1378 3197 -15.
1417 3161 1559 3211 poma
1596 3148 1722 3198 BCD.

312 3216 430 3280 Cap.
465 3217 517 3266 V.
606 3216 652 3266 1.
687 3216 783 3265 Sed
818 3216 993 3279 aliquis
1027 3216 1234 3266 sustinet
1267 3222 1432 3266 nostra
1469 3230 1557 3265 nec
1592 3218 1831 3280 obstrepit
1862 3217 1945 3267 Ad.
2028 3218 2122 3268 Sed
2169 3218 2316 3285 aliqui
2362 3222 2513 3272 susti·

157 3292 289 3335 nent
325 3292 494 3334 nostra
530 3298 622 3334 nec
654 3284 942 3347 obstrepunt
975 3284 1161 3348 reliqui.
1254 3282 1301 3333 2.
1339 3285 1625 3334 iniustorum
1660 3285 1821 3345 ΑΒΜ.
1843 3289 1954 3345 see.)
1968 3287 2014 3336 d.
2116 3287 2318 3337 istorum
2356 3305 2412 3351 e,
2455 3306 2514 3341 ex

156 3351 530 3403 conanimi.
597 3354 835 3402 lustorum
867 3352 1051 3416 reliqui.
1137 3351 1187 3402 3.
1221 3351 1564 3402 beneficiorum
1585 3351 1711 3402 BCD.
1800 3352 1846 3402 4.
1884 3352 1989 3403 Non
2025 3362 2187 3418 potest
2221 3357 2408 3406 nescire
2426 3360 2511 3408 Ad.

150 3420 275 3470 Non
312 3426 479 3483 potest
513 3434 567 3470 aa
615 3419 776 3469 dicere
823 3420 1011 3469 nescire
1045 3420 1187 3471 Dabo.
1278 3419 1382 3469 Non
1431 3427 1592 3483 potest
1640 3419 1856 3469 ediscere
1903 3422 2114 3481 (edicere
2153 3422 2219 3483 G.)
2266 3424 2390 3474 scire
2427 3425 2511 3476 Bc.

148 3487 272 3538 Non
309 3494 479 3551 potest
511 3487 607 3537 diei
640 3487 833 3537 nescire
865 3487 995 3536 B.m.
1016 3503 1106 3537 aec.
1211 3488 1259 3536 5.
1295 3488 1343 3536 in
1379 3486 1721 3537 conscientiam
1755 3490 1839 3539 Ad.
1912 3491 1957 3539 in
1996 3491 2290 3541 conscientia
2324 3494 2512 3558 reliqui.

147 3555 209 3606 6.
250 3555 436 3615 mariti,
471 3555 514 3605 si
549 3556 613 3606 sit
646 3552 816 3618 (Ama.
898 3554 1099 3614 maritis,
1137 3556 1200 3605 ist
1231 3552 1344 3619 Αφ.
1434 3554 1609 3614 mariti,
1656 3555 1696 3603 si
1734 3557 1798 3605 sit
1833 3563 1884 3605 ut
1928 3559 2114 3622 reliqui.
2237 3559 2284 3608 7.
2333 3569 2415 3610 ant
2461 3562 2509 3610 in

142 3623 577 3674 conflictationem
609 3624 693 3674 Ad.
764 3623 811 3673 in
850 3622 1250 3673 conflictationem
1285 3622 1411 3673 Boo.
1482 3630 1564 3672 ant
1600 3624 1953 3674 conflictatione
1989 3627 2039 3675 B.
2074 3642 2136 3677 m.
2164 3643 2253 3677 sec.
2343 3637 2424 3678 ant
2461 3630 2508 3679 in

138 3690 528 3742 conflictatione
559 3692 744 3756 reliqui.
826 3689 874 3741 8.
913 3691 1194 3751 margaritas
1229 3700 1410 3740 vestras
1429 3691 1513 3740 Aa.
1584 3692 1840 3752 margarita
1875 3701 2030 3743 vestra
2064 3696 2250 3759 reliqui.
2332 3696 2382 3746 9.
2421 3711 2512 3745 nec

136 3758 243 3810 BG.
301 3758 486 3808 omitt-‘l
518 3761 572 3809 A.
678 3758 756 3808 1⁰.
795 3773 879 3808 eas
914 3760 959 3807 d.
1029 3772 1084 3806 ea
1119 3758 1305 3823 reliqui.
1412 3757 1489 3807 11.
1546 3757 1827 3819 Margaritae
1873 3768 2058 3811 vestrae
2091 3763 2188 3812 Ad:
2262 3763 2510 3826 Margarita

137 3834 323 3876 vestra
361 3827 554 3891 reliqui.
660 3824 738 3876 12.
775 3834 888 3876 sunt
923 3826 1062 3876 etiam
1098 3827 1180 3876 Aa.
1252 3834 1366 3876 snnt
1398 3827 1584 3889 reliqui.
1643 3858 1652 3869 =

219 3962 274 4011 d.
318 3961 363 4010 si
390 3960 752 4025 procedendum
778 3956 891 4026 erit]
930 3961 1194 4011 Lndovicus
1230 3962 1291 4011 de
1460 3962 1492 4010 l'.
1529 3961 1850 4011 sollemnibus
1886 3961 2098 4025 Paschae
2150 3962 2509 4031 abnoctantem]

128 4031 189 4080 la
235 4028 412 4079 Cel-da
468 4028 644 4093 aliique
702 4029 895 4079 trahunt
940 4029 1289 4079 ad-solemnes
1392 4028 1657 4079 Memorant
1703 4029 1823 4079 baec
1866 4030 2111 4093 pervigilia
2162 4030 2336 4081 Enseb.
2385 4034 2506 4083 Hist.

123 4096 410 4148 ecclesiae
444 4096 803 4160 processiones.
879 4096 1077 4147 Multum
1114 4112 1140 4147 a
1178 4112 1288 4148 vero
1388 4097 1519 4155 Eccl,
1555 4097 1627 4157 Vl,
1652 4095 1717 4146 25
1754 4104 1800 4147 et
1836 4096 1916 4148 34.
1971 4098 2181 4151 Lactant.
2219 4099 2370 4149 instit.
2407 4101 2508 4152 Div.

122 4166 415 4215 aberrant.
471 4163 719 4214 illustrant
753 4179 876 4229 qnae
893 4164 1052 4215 statim
1075 4180 1288 4229 sequun-
1390 4162 1486 4224 vn,
1512 4163 1591 4215 13.
1662 4165 1735 4215 Cl'.
1772 4165 1945 4216 isidor.
1985 4166 2146 4230 Origg.
2185 4167 2257 4227 Vl,
2281 4167 2362 4217 16.

118 4243 222 4284 tur
263 4232 456 4282 verba:
510 4232 667 4293 „Quis
714 4232 841 4282 enim
874 4233 1001 4283 sinat
1035 4234 1285 4296 coniugem
1458 4247 1501 4295 g.
1540 4234 1801 4283 convivium
1849 4234 2142 4285 dominicum
2192 4236 2326 4295 illud,
2382 4237 2509 4302 quod

114 4314 291 4352 suam
336 4299 688 4350 visitandorum
738 4301 938 4350 trau-nm
974 4301 1122 4362 gratia
1158 4302 1286 4351 vica·
1388 4297 1646 4367 infamant]
1684 4301 1986 4353 infamabant
2009 4303 2184 4353 ethnici
2214 4319 2401 4355 sacram
2421 4315 2514 4354 en-

112 4369 227 4419 tim
273 4365 723 4432 alienaetquidem
757 4368 1043 4432 pauperiora
1067 4382 1287 4435 quaeque
1389 4370 1683 4430 charistiam‚
1744 4371 1874 4435 quod
1935 4371 2152 4421 dicerent
2209 4373 2509 4423 Christianos

112 4435 351 4497 tuguria
400 4432 681 4485 circuire?“
728 4443 843 4485 cett.
1388 4438 1514 4486 vesci
1552 4451 1726 4500 panem
1777 4438 2024 4488 intinctum
2073 4441 2303 4501 sanguine
2339 4454 2509 4489 recens

199 4518 253 4553 e.
298 4503 566 4553 nocturnis
586 4499 1031 4569 convocationibus]
1067 4503 1164 4553 Has
1184 4518 1287 4553 me·
1391 4505 1521 4554 caesi
1569 4504 1782 4554 infantis.
1867 4505 1940 4556 Cl'.
1997 4507 2057 4556 de
2093 4506 2182 4556 hac
2215 4521 2269 4556 re
2303 4506 2505 4572 Apolog.

103 4577 312 4622 morat
352 4570 505 4620 etiam
541 4570 712 4621 Minue.
750 4571 878 4620 Felix
905 4570 1064 4621 octav.
1101 4585 1203 4636 cap.
1221 4570 1288 4632 7.,
1392 4586 1530 4636 capp.
1560 4571 1592 4621 6
1629 4579 1675 4621 et
1712 4571 1760 4619 7.

104 4638 214 4690 ubi
262 4638 336 4689 cl'.
385 4650 511 4703 qnae
547 4639 830 4690 adnotavere
865 4639 1170 4702 interpretes.
1516 4688 1521 4691 ,

196 4722 555 4771 'rnna-nuum
572 4736 676 4770 ore.
690 4737 764 4769 sn.
785 4735 981 4770 ornan.
1021 4723 1145 4768 Tom.
1161 4723 1198 4768 1.
2136 4720 2204 4773 44
