<?xml version="1.0" encoding="UTF-8"?>
<!DOCTYPE html PUBLIC "-//W3C//DTD XHTML 1.0 Transitional//EN"
    "http://www.w3.org/TR/xhtml1/DTD/xhtml1-transitional.dtd">
<html xmlns="http://www.w3.org/1999/xhtml" xml:lang="en" lang="en">
 <head>
  <title>
</title>
<meta http-equiv="Content-Type" content="text/html;charset=utf-8" />
  <meta name='ocr-system' content='tesseract 3.04.00' />
  <meta name='ocr-capabilities' content='ocr_page ocr_carea ocr_par ocr_line ocrx_word'/>
</head>
<body>
  <div class='ocr_page' id='page_1' title='image "./quintiseptimiif04tertgoog_0312.png"; bbox 0 0 3263 5311; ppageno 0'>
   <div class='ocr_carea' id='block_1_1' title="bbox 667 381 794 447">
    <p class='ocr_par' dir='ltr' id='par_1_1' title="bbox 667 381 794 447">
     <span class='ocr_line' id='line_1_1' title="bbox 667 381 794 447; baseline 0.008 -2"><span class='ocrx_word' id='word_1_1' title='bbox 667 381 794 447; x_wconf 80' lang='lat'><strong>280</strong></span> 
     </span>
    </p>
   </div>
   <div class='ocr_carea' id='block_1_2' title="bbox 656 541 3017 1743">
    <p class='ocr_par' dir='ltr' id='par_1_2' title="bbox 661 541 3013 733">
     <span class='ocr_line' id='line_1_2' title="bbox 662 541 3013 626; baseline -0.002 -16"><span class='ocrx_word' id='word_1_2' title='bbox 662 566 870 613; x_wconf 87' lang='lat' dir='ltr'><strong>verum</strong></span> <span class='ocrx_word' id='word_1_3' title='bbox 911 546 1290 626; x_wconf 75' lang='lat' dir='ltr'><strong>sempiterni,</strong></span> <span class='ocrx_word' id='word_1_4' title='bbox 1335 562 1472 607; x_wconf 93' lang='lat' dir='ltr'><strong>eum</strong></span> <span class='ocrx_word' id='word_1_5' title='bbox 1513 544 1793 607; x_wconf 76' lang='lat' dir='ltr'><strong>timentes</strong></span> <span class='ocrx_word' id='word_1_6' title='bbox 1836 561 2013 625; x_wconf 79' lang='lat' dir='ltr'><strong>quem</strong></span> <span class='ocrx_word' id='word_1_7' title='bbox 2057 542 2267 605; x_wconf 88' lang='lat' dir='ltr'><strong>timere</strong></span> <span class='ocrx_word' id='word_1_8' title='bbox 2309 541 2607 607; x_wconf 68' lang='lat' dir='ltr'><strong>”debebit</strong></span> <span class='ocrx_word' id='word_1_9' title='bbox 2646 542 2879 624; x_wconf 85' lang='lat' dir='ltr'><strong>etipse</strong></span> <span class='ocrx_word' id='word_1_10' title='bbox 2912 544 3013 623; x_wconf 93' lang='lat' dir='ltr'><strong>qui</strong></span> 
     </span>
     <span class='ocr_line' id='line_1_3' title="bbox 661 642 2464 733; baseline -0.003 -20"><span class='ocrx_word' id='word_1_11' title='bbox 661 648 941 715; x_wconf 83' lang='lat' dir='ltr'><strong>timentes</strong></span> <span class='ocrx_word' id='word_1_12' title='bbox 984 646 1232 719; x_wconf 89' lang='lat' dir='ltr'><strong>iudicat,</strong></span> <span class='ocrx_word' id='word_1_13' title='bbox 1277 646 1455 709; x_wconf 84' lang='lat' dir='ltr'><strong>deum</strong></span> <span class='ocrx_word' id='word_1_14' title='bbox 1472 691 1488 720; x_wconf 89' lang='lat'><strong>‚</strong></span> <span class='ocrx_word' id='word_1_15' title='bbox 1533 664 1658 707; x_wconf 88' lang='lat' dir='ltr'><strong>non</strong></span> <span class='ocrx_word' id='word_1_16' title='bbox 1698 642 2125 725; x_wconf 81' lang='lat' dir='ltr'><strong>proconsulem</strong></span> <span class='ocrx_word' id='word_1_17' title='bbox 2169 643 2464 733; x_wconf 78' lang='lat' dir='ltr'><strong>timentes.</strong></span> 
     </span>
    </p>

    <p class='ocr_par' dir='ltr' id='par_1_3' title="bbox 656 744 3017 1743">
     <span class='ocr_line' id='line_1_4' title="bbox 775 744 3011 826; baseline -0.003 -11"><span class='ocrx_word' id='word_1_18' title='bbox 775 810 790 819; x_wconf 83' lang='lat'><strong>.</strong></span> <span class='ocrx_word' id='word_1_19' title='bbox 833 748 1258 815; x_wconf 78' lang='lat' dir='ltr'><strong>¹Constitimus</strong></span> <span class='ocrx_word' id='word_1_20' title='bbox 1272 758 1315 820; x_wconf 80' lang='lat'><strong>⁸,</strong></span> <span class='ocrx_word' id='word_1_21' title='bbox 1361 756 1430 809; x_wconf 87' lang='lat' dir='ltr'><strong>ut</strong></span> <span class='ocrx_word' id='word_1_22' title='bbox 1471 746 1718 826; x_wconf 79' lang='lat' dir='ltr'><strong>opinor,</strong></span> <span class='ocrx_word' id='word_1_23' title='bbox 1777 745 2062 808; x_wconf 83' lang='lat' dir='ltr'><strong>adversus</strong></span> <span class='ocrx_word' id='word_1_24' title='bbox 2107 744 2376 809; x_wconf 89' lang='lat' dir='ltr'><strong>omnium</strong></span> <span class='ocrx_word' id='word_1_25' title='bbox 2416 745 2734 811; x_wconf 69' lang='lat' dir='ltr'><strong>eriminum</strong></span> <span class='ocrx_word' id='word_1_26' title='bbox 2776 745 3011 811; x_wconf 74' lang='lat' dir='ltr'><strong>’inteu-</strong></span> 
     </span>
     <span class='ocr_line' id='line_1_5' title="bbox 663 846 3015 929; baseline -0.001 -16"><span class='ocrx_word' id='word_1_27' title='bbox 663 851 946 913; x_wconf 80' lang='lat' dir='ltr'><strong>tationem</strong></span> <span class='ocrx_word' id='word_1_28' title='bbox 964 895 981 923; x_wconf 92' lang='lat'><strong>,</strong></span> <span class='ocrx_word' id='word_1_29' title='bbox 1027 866 1178 929; x_wconf 82' lang='lat' dir='ltr'><strong>quae</strong></span> <span class='ocrx_word' id='word_1_30' title='bbox 1201 847 1678 910; x_wconf 86' lang='lat' dir='ltr'><strong>Christianorum</strong></span> <span class='ocrx_word' id='word_1_31' title='bbox 1718 847 2067 926; x_wconf 79' lang='lat' dir='ltr'><strong>sanguinem</strong></span> <span class='ocrx_word' id='word_1_32' title='bbox 2109 847 2350 925; x_wconf 79' lang='lat' dir='ltr'><strong>flagitat.</strong></span> <span class='ocrx_word' id='word_1_33' title='bbox 2408 846 2795 909; x_wconf 78' lang='lat' dir='ltr'><strong>Ostendimus</strong></span> <span class='ocrx_word' id='word_1_34' title='bbox 2825 854 3015 911; x_wconf 84' lang='lat' dir='ltr'><strong>totum</strong></span> 
     </span>
     <span class='ocr_line' id='line_1_6' title="bbox 661 946 3017 1029; baseline -0.002 -14"><span class='ocrx_word' id='word_1_35' title='bbox 661 960 883 1015; x_wconf 83' lang='lat' dir='ltr'><strong>statum</strong></span> <span class='ocrx_word' id='word_1_36' title='bbox 923 956 1230 1023; x_wconf 89' lang='lat' dir='ltr'><strong>nostrum,</strong></span> <span class='ocrx_word' id='word_1_37' title='bbox 1276 957 1338 1011; x_wconf 89' lang='lat' dir='ltr'><strong>et</strong></span> <span class='ocrx_word' id='word_1_38' title='bbox 1381 948 1601 1028; x_wconf 88' lang='lat' dir='ltr'><strong>quibus</strong></span> <span class='ocrx_word' id='word_1_39' title='bbox 1642 947 1840 1011; x_wconf 84' lang='lat' dir='ltr'><strong>modis</strong></span> <span class='ocrx_word' id='word_1_40' title='bbox 1880 947 2136 1029; x_wconf 86' lang='lat' dir='ltr'><strong>probare</strong></span> <span class='ocrx_word' id='word_1_41' title='bbox 2165 946 2507 1028; x_wconf 80' lang='lat' dir='ltr'><strong>&#39;possimus</strong></span> <span class='ocrx_word' id='word_1_42' title='bbox 2548 946 2633 1010; x_wconf 85' lang='lat' dir='ltr'><strong>ita</strong></span> <span class='ocrx_word' id='word_1_43' title='bbox 2676 965 2815 1010; x_wconf 86' lang='lat' dir='ltr'><strong>esse</strong></span> <span class='ocrx_word' id='word_1_44' title='bbox 2860 948 3017 1010; x_wconf 79' lang='lat' dir='ltr'><strong>sieut</strong></span> 
     </span>
     <span class='ocr_line' id='line_1_7' title="bbox 660 1040 3016 1129; baseline -0.002 -14"><span class='ocrx_word' id='word_1_45' title='bbox 660 1050 1066 1119; x_wconf 75' lang='lat' dir='ltr'><strong>ostendimus,</strong></span> <span class='ocrx_word' id='word_1_46' title='bbox 1114 1069 1186 1111; x_wconf 85' lang='lat' dir='ltr'><strong>ex</strong></span> <span class='ocrx_word' id='word_1_47' title='bbox 1228 1049 1345 1111; x_wconf 84' lang='lat' dir='ltr'><strong>fide</strong></span> <span class='ocrx_word' id='word_1_48' title='bbox 1387 1049 1611 1112; x_wconf 86' lang='lat' dir='ltr'><strong>scilicet</strong></span> <span class='ocrx_word' id='word_1_49' title='bbox 1654 1057 1715 1111; x_wconf 88' lang='lat' dir='ltr'><strong>et</strong></span> <span class='ocrx_word' id='word_1_50' title='bbox 1741 1040 2088 1129; x_wconf 87' lang='lat' dir='ltr'><strong>antiquitate</strong></span> <span class='ocrx_word' id='word_1_51' title='bbox 2117 1048 2445 1112; x_wconf 80' lang='lat' dir='ltr'><strong>divinarum</strong></span> <span class='ocrx_word' id='word_1_52' title='bbox 2476 1047 2824 1121; x_wconf 85' lang='lat' dir='ltr'><strong>litterarum,</strong></span> <span class='ocrx_word' id='word_1_53' title='bbox 2872 1048 3016 1117; x_wconf 83' lang='lat' dir='ltr'><strong>item</strong></span> 
     </span>
     <span class='ocr_line' id='line_1_8' title="bbox 657 1149 3007 1235; baseline -0.001 -20"><span class='ocrx_word' id='word_1_54' title='bbox 657 1171 730 1215; x_wconf 86' lang='lat' dir='ltr'><strong>ex</strong></span> <span class='ocrx_word' id='word_1_55' title='bbox 772 1150 1155 1223; x_wconf 79' lang='lat' dir='ltr'><strong>confessione</strong></span> <span class='ocrx_word' id='word_1_56' title='bbox 1199 1150 1625 1232; x_wconf 63' lang='lat' dir='ltr'><strong>“spiritualium</strong></span> <span class='ocrx_word' id='word_1_57' title='bbox 1666 1158 2029 1235; x_wconf 89' lang='lat' dir='ltr'><strong>potestatum</strong></span> <span class='ocrx_word' id='word_1_58' title='bbox 2046 1151 2093 1212; x_wconf 67' lang='lat' dir='ltr'><strong>b.</strong></span> <span class='ocrx_word' id='word_1_59' title='bbox 2193 1150 2347 1224; x_wconf 66' lang='lat' dir='ltr'><strong>“Qui</strong></span> <span class='ocrx_word' id='word_1_60' title='bbox 2390 1167 2503 1215; x_wconf 89' lang='lat' dir='ltr'><strong>nos</strong></span> <span class='ocrx_word' id='word_1_61' title='bbox 2547 1149 2853 1213; x_wconf 74' lang='lat' dir='ltr'><strong>revincere</strong></span> <span class='ocrx_word' id='word_1_62' title='bbox 2898 1168 3007 1213; x_wconf 85' lang='lat' dir='ltr'><strong>au·</strong></span> 
     </span>
     <span class='ocr_line' id='line_1_9' title="bbox 657 1249 3013 1332; baseline -0 -17"><span class='ocrx_word' id='word_1_63' title='bbox 657 1252 849 1328; x_wconf 90' lang='lat' dir='ltr'><strong>debit,</strong></span> <span class='ocrx_word' id='word_1_64' title='bbox 893 1270 1018 1315; x_wconf 91' lang='lat' dir='ltr'><strong>non</strong></span> <span class='ocrx_word' id='word_1_65' title='bbox 1062 1259 1190 1314; x_wconf 86' lang='lat' dir='ltr'><strong>arte</strong></span> <span class='ocrx_word' id='word_1_66' title='bbox 1230 1251 1584 1327; x_wconf 82' lang='lat' dir='ltr'><strong>verborum,</strong></span> <span class='ocrx_word' id='word_1_67' title='bbox 1629 1252 1739 1315; x_wconf 89' lang='lat' dir='ltr'><strong>sed</strong></span> <span class='ocrx_word' id='word_1_68' title='bbox 1780 1252 1987 1315; x_wconf 86' lang='lat' dir='ltr'><strong>eadem</strong></span> <span class='ocrx_word' id='word_1_69' title='bbox 2014 1254 2386 1332; x_wconf 50' lang='lat' dir='ltr'><strong>sormassqua</strong></span> <span class='ocrx_word' id='word_1_70' title='bbox 2411 1249 2833 1332; x_wconf 77' lang='lat' dir='ltr'><strong>probationem</strong></span> <span class='ocrx_word' id='word_1_71' title='bbox 2861 1269 3013 1314; x_wconf 87' lang='lat' dir='ltr'><strong>cou-</strong></span> 
     </span>
     <span class='ocr_line' id='line_1_10' title="bbox 658 1352 3014 1434; baseline -0 -17"><span class='ocrx_word' id='word_1_72' title='bbox 658 1354 995 1429; x_wconf 78' lang='lat' dir='ltr'><strong>sumimus,</strong></span> <span class='ocrx_word' id='word_1_73' title='bbox 1038 1352 1146 1415; x_wconf 53' lang='lat' dir='ltr'><strong>ide</strong></span> <span class='ocrx_word' id='word_1_74' title='bbox 1191 1352 1482 1415; x_wconf 75' lang='lat' dir='ltr'><strong>veritate?</strong></span> <span class='ocrx_word' id='word_1_75' title='bbox 1579 1352 1700 1415; x_wconf 89' lang='lat' dir='ltr'><strong>Sed</strong></span> <span class='ocrx_word' id='word_1_76' title='bbox 1754 1354 1896 1416; x_wconf 90' lang='lat' dir='ltr'><strong>dum</strong></span> <span class='ocrx_word' id='word_1_77' title='bbox 1950 1354 2267 1434; x_wconf 87' lang='lat' dir='ltr'><strong>unicuique</strong></span> <span class='ocrx_word' id='word_1_78' title='bbox 2309 1352 2753 1417; x_wconf 70' lang='lat' dir='ltr'><strong>&#39;manifestatur</strong></span> <span class='ocrx_word' id='word_1_79' title='bbox 2793 1353 3014 1416; x_wconf 80' lang='lat' dir='ltr'><strong>veritas</strong></span> 
     </span>
     <span class='ocr_line' id='line_1_11' title="bbox 656 1452 3012 1528; baseline 0 -11"><span class='ocrx_word' id='word_1_80' title='bbox 656 1462 898 1528; x_wconf 84' lang='lat' dir='ltr'><strong>nostra,</strong></span> <span class='ocrx_word' id='word_1_81' title='bbox 945 1454 1184 1517; x_wconf 85' lang='lat' dir='ltr'><strong>interim</strong></span> <span class='ocrx_word' id='word_1_82' title='bbox 1227 1452 1641 1527; x_wconf 67' lang='lat' dir='ltr'><strong>incredulitas»,</strong></span> <span class='ocrx_word' id='word_1_83' title='bbox 1688 1454 1829 1517; x_wconf 86' lang='lat' dir='ltr'><strong>dum</strong></span> <span class='ocrx_word' id='word_1_84' title='bbox 1871 1454 1945 1517; x_wconf 91' lang='lat' dir='ltr'><strong>de</strong></span> <span class='ocrx_word' id='word_1_85' title='bbox 1987 1455 2150 1517; x_wconf 89' lang='lat' dir='ltr'><strong>bono</strong></span> <span class='ocrx_word' id='word_1_86' title='bbox 2196 1462 2394 1519; x_wconf 84' lang='lat' dir='ltr'><strong>sectae</strong></span> <span class='ocrx_word' id='word_1_87' title='bbox 2420 1453 2601 1517; x_wconf 87' lang='lat' dir='ltr'><strong>huius</strong></span> <span class='ocrx_word' id='word_1_88' title='bbox 2631 1453 3012 1526; x_wconf 67' lang='lat' dir='ltr'><strong>obuncum-¹,</strong></span> 
     </span>
     <span class='ocr_line' id='line_1_12' title="bbox 656 1554 3015 1636; baseline 0 -19"><span class='ocrx_word' id='word_1_89' title='bbox 656 1556 819 1636; x_wconf 90' lang='lat' dir='ltr'><strong>quod</strong></span> <span class='ocrx_word' id='word_1_90' title='bbox 872 1556 1046 1621; x_wconf 74' lang='lat' dir='ltr'><strong>&#39;usui</strong></span> <span class='ocrx_word' id='word_1_91' title='bbox 1102 1554 1220 1616; x_wconf 82' lang='lat' dir='ltr'><strong>iam</strong></span> <span class='ocrx_word' id='word_1_92' title='bbox 1272 1563 1333 1616; x_wconf 92' lang='lat' dir='ltr'><strong>et</strong></span> <span class='ocrx_word' id='word_1_93' title='bbox 1384 1554 1459 1616; x_wconf 91' lang='lat' dir='ltr'><strong>de</strong></span> <span class='ocrx_word' id='word_1_94' title='bbox 1516 1556 1875 1618; x_wconf 87' lang='lat' dir='ltr'><strong>commercio</strong></span> <span class='ocrx_word' id='word_1_95' title='bbox 1929 1556 2220 1629; x_wconf 88' lang='lat' dir='ltr'><strong>innotuit,</strong></span> <span class='ocrx_word' id='word_1_96' title='bbox 2298 1573 2423 1617; x_wconf 92' lang='lat' dir='ltr'><strong>non</strong></span> <span class='ocrx_word' id='word_1_97' title='bbox 2486 1554 2689 1634; x_wconf 87' lang='lat' dir='ltr'><strong>utique</strong></span> <span class='ocrx_word' id='word_1_98' title='bbox 2750 1555 3015 1624; x_wconf 83' lang='lat' dir='ltr'><strong>divinum</strong></span> 
     </span>
     <span class='ocr_line' id='line_1_13' title="bbox 657 1654 3008 1743; baseline 0 -25"><span class='ocrx_word' id='word_1_99' title='bbox 657 1656 962 1743; x_wconf 82' lang='lat' dir='ltr'><strong>negotium</strong></span> <span class='ocrx_word' id='word_1_100' title='bbox 1002 1655 1369 1729; x_wconf 49' lang='lat' dir='ltr'><strong>&#39;existiman</strong></span> <span class='ocrx_word' id='word_1_101' title='bbox 1444 1656 1554 1716; x_wconf 87' lang='lat' dir='ltr'><strong>sed</strong></span> <span class='ocrx_word' id='word_1_102' title='bbox 1594 1654 1783 1735; x_wconf 83' lang='lat' dir='ltr'><strong>magis</strong></span> <span class='ocrx_word' id='word_1_103' title='bbox 1826 1655 2240 1736; x_wconf 85' lang='lat' dir='ltr'><strong>philosophiae</strong></span> <span class='ocrx_word' id='word_1_104' title='bbox 2282 1673 2469 1735; x_wconf 82' lang='lat' dir='ltr'><strong>genus</strong></span> <span class='ocrx_word' id='word_1_105' title='bbox 2482 1667 2525 1717; x_wconf 78' lang='lat'><strong>⁸.</strong></span> <span class='ocrx_word' id='word_1_106' title='bbox 2611 1654 2868 1730; x_wconf 87' lang='lat' dir='ltr'><strong>Eadem,</strong></span> <span class='ocrx_word' id='word_1_107' title='bbox 2913 1656 3008 1719; x_wconf 89' lang='lat' dir='ltr'><strong>in-</strong></span> 
     </span>
    </p>
   </div>
   <div class='ocr_carea' id='block_1_3' title="bbox 1159 392 2486 447">
    <p class='ocr_par' dir='ltr' id='par_1_4' title="bbox 1159 392 2486 447">
     <span class='ocr_line' id='line_1_14' title="bbox 1159 392 2486 447; baseline -0.003 -7"><span class='ocrx_word' id='word_1_108' title='bbox 1159 395 1363 447; x_wconf 73' lang='lat' dir='ltr'><strong>Qumrt</strong></span> <span class='ocrx_word' id='word_1_109' title='bbox 1410 393 1675 438; x_wconf 70' lang='lat' dir='ltr'>SEPTOEI</span> <span class='ocrx_word' id='word_1_110' title='bbox 1717 392 2047 437; x_wconf 64' lang='lat' dir='ltr'><strong>nonnus</strong></span> <span class='ocrx_word' id='word_1_111' title='bbox 2093 392 2486 436; x_wconf 62' lang='lat' dir='ltr'><strong>mitratum</strong></span> 
     </span>
    </p>
   </div>
   <div class='ocr_carea' id='block_1_4' title="bbox 357 767 628 829">
    <p class='ocr_par' dir='ltr' id='par_1_5' title="bbox 357 767 628 829">
     <span class='ocr_line' id='line_1_15' title="bbox 357 767 628 829; baseline 0 -14"><span class='ocrx_word' id='word_1_112' title='bbox 357 769 465 829; x_wconf 85' lang='lat' dir='ltr'><strong>Cap.</strong></span> <span class='ocrx_word' id='word_1_113' title='bbox 487 767 628 815; x_wconf 58' lang='lat' dir='ltr'><strong>nst.</strong></span> 
     </span>
    </p>
   </div>
   <div class='ocr_carea' id='block_1_5' title="bbox 649 1836 3013 2578">
    <p class='ocr_par' dir='ltr' id='par_1_6' title="bbox 656 1836 3011 1975">
     <span class='ocr_line' id='line_1_16' title="bbox 656 1836 3011 1905; baseline 0.001 -14"><span class='ocrx_word' id='word_1_114' title='bbox 656 1841 739 1892; x_wconf 78' lang='lat'><strong>30.</strong></span> <span class='ocrx_word' id='word_1_115' title='bbox 777 1841 984 1891; x_wconf 85' lang='lat' dir='ltr'><strong>debebat</strong></span> <span class='ocrx_word' id='word_1_116' title='bbox 1017 1841 1071 1891; x_wconf 67' lang='grc' dir='ltr'><strong>Γ.</strong></span> <span class='ocrx_word' id='word_1_117' title='bbox 1125 1842 1178 1891; x_wconf 79' lang='lat' dir='ltr'><strong>In</strong></span> <span class='ocrx_word' id='word_1_118' title='bbox 1203 1836 1247 1888; x_wconf 79' lang='grc' dir='ltr'><strong>λ.</strong></span> <span class='ocrx_word' id='word_1_119' title='bbox 1283 1844 1377 1893; x_wconf 77' lang='lat' dir='ltr'><strong>isto</strong></span> <span class='ocrx_word' id='word_1_120' title='bbox 1411 1844 1637 1892; x_wconf 70' lang='lat' dir='ltr'><strong>habentm</strong></span> <span class='ocrx_word' id='word_1_121' title='bbox 1669 1844 1738 1892; x_wconf 77' lang='lat' dir='ltr'><strong>ita</strong></span> <span class='ocrx_word' id='word_1_122' title='bbox 1771 1849 2098 1892; x_wconf 79' lang='lat' dir='ltr'><strong>verumtamen</strong></span> <span class='ocrx_word' id='word_1_123' title='bbox 2133 1850 2330 1905; x_wconf 80' lang='lat' dir='ltr'><strong>semper</strong></span> <span class='ocrx_word' id='word_1_124' title='bbox 2364 1848 2552 1892; x_wconf 83' lang='lat' dir='ltr'><strong>toruum</strong></span> <span class='ocrx_word' id='word_1_125' title='bbox 2586 1841 2732 1892; x_wconf 86' lang='lat' dir='ltr'><strong>deum</strong></span> <span class='ocrx_word' id='word_1_126' title='bbox 2767 1842 3011 1905; x_wconf 81' lang='lat' dir='ltr'><strong>timentes,</strong></span> 
     </span>
     <span class='ocr_line' id='line_1_17' title="bbox 656 1908 2683 1975; baseline 0 -17"><span class='ocrx_word' id='word_1_127' title='bbox 656 1922 800 1975; x_wconf 87' lang='lat' dir='ltr'><strong>quem</strong></span> <span class='ocrx_word' id='word_1_128' title='bbox 835 1909 1008 1958; x_wconf 87' lang='lat' dir='ltr'><strong>timere</strong></span> <span class='ocrx_word' id='word_1_129' title='bbox 1044 1909 1237 1959; x_wconf 79' lang='lat' dir='ltr'><strong>debebit</strong></span> <span class='ocrx_word' id='word_1_130' title='bbox 1273 1910 1377 1971; x_wconf 88' lang='lat' dir='ltr'><strong>ipse</strong></span> <span class='ocrx_word' id='word_1_131' title='bbox 1414 1910 1494 1973; x_wconf 91' lang='lat' dir='ltr'><strong>qui</strong></span> <span class='ocrx_word' id='word_1_132' title='bbox 1532 1909 1711 1959; x_wconf 88' lang='lat' dir='ltr'><strong>iudicat</strong></span> <span class='ocrx_word' id='word_1_133' title='bbox 1744 1909 1890 1958; x_wconf 91' lang='lat' dir='ltr'><strong>deum</strong></span> <span class='ocrx_word' id='word_1_134' title='bbox 1925 1922 2022 1958; x_wconf 88' lang='lat' dir='ltr'><strong>uon</strong></span> <span class='ocrx_word' id='word_1_135' title='bbox 2060 1908 2402 1973; x_wconf 77' lang='lat' dir='ltr'><strong>proconsulem</strong></span> <span class='ocrx_word' id='word_1_136' title='bbox 2440 1908 2683 1959; x_wconf 82' lang='lat' dir='ltr'><strong>timentes.</strong></span> 
     </span>
    </p>

    <p class='ocr_par' dir='ltr' id='par_1_7' title="bbox 649 1974 3013 2578">
     <span class='ocr_line' id='line_1_18' title="bbox 792 1974 3011 2040; baseline 0.001 -15"><span class='ocrx_word' id='word_1_137' title='bbox 792 1974 909 2040; x_wconf 84' lang='lat' dir='ltr'><strong>Cap.</strong></span> <span class='ocrx_word' id='word_1_138' title='bbox 947 1976 1097 2026; x_wconf 76' lang='lat' dir='ltr'><strong>xtvl.</strong></span> <span class='ocrx_word' id='word_1_139' title='bbox 1197 1976 1244 2025; x_wconf 87' lang='lat'><strong>1.</strong></span> <span class='ocrx_word' id='word_1_140' title='bbox 1280 1976 1629 2026; x_wconf 82' lang='lat' dir='ltr'><strong>Censtituimus</strong></span> <span class='ocrx_word' id='word_1_141' title='bbox 1664 1977 1852 2027; x_wconf 69' lang='lat' dir='ltr'><strong>ofnas.</strong></span> <span class='ocrx_word' id='word_1_142' title='bbox 1897 1978 2086 2027; x_wconf 74' lang='lat' dir='ltr'><strong>Vindob.</strong></span> <span class='ocrx_word' id='word_1_143' title='bbox 2181 1976 2503 2026; x_wconf 85' lang='lat' dir='ltr'><strong>Constitutum</strong></span> <span class='ocrx_word' id='word_1_144' title='bbox 2550 1976 2756 2027; x_wconf 69' lang='lat' dir='ltr'><strong>Anibi-os.</strong></span> <span class='ocrx_word' id='word_1_145' title='bbox 2801 1975 2882 2035; x_wconf 73' lang='lat' dir='ltr'><strong>(ut.</strong></span> <span class='ocrx_word' id='word_1_146' title='bbox 2919 1993 3011 2028; x_wconf 82' lang='lat' dir='ltr'><strong>see.</strong></span> 
     </span>
     <span class='ocr_line' id='line_1_19' title="bbox 657 2042 3011 2109; baseline 0 -15"><span class='ocrx_word' id='word_1_147' title='bbox 657 2043 929 2103; x_wconf 82' lang='lat' dir='ltr'><strong>Constitui).</strong></span> <span class='ocrx_word' id='word_1_148' title='bbox 1055 2042 1102 2093; x_wconf 84' lang='lat'><strong>2.</strong></span> <span class='ocrx_word' id='word_1_149' title='bbox 1138 2044 1502 2093; x_wconf 78' lang='lat' dir='ltr'><strong>intentationem</strong></span> <span class='ocrx_word' id='word_1_150' title='bbox 1552 2044 1702 2109; x_wconf 73' lang='lat' dir='ltr'><strong>ADEJ.</strong></span> <span class='ocrx_word' id='word_1_151' title='bbox 1739 2045 1911 2108; x_wconf 70' lang='lat' dir='ltr'><strong>Erttirt.</strong></span> <span class='ocrx_word' id='word_1_152' title='bbox 1963 2044 2110 2093; x_wconf 69' lang='lat' dir='ltr'><strong>oxon.</strong></span> <span class='ocrx_word' id='word_1_153' title='bbox 2142 2044 2344 2093; x_wconf 55' lang='grc' dir='ltr'><strong>Φωκαέι·</strong></span> <span class='ocrx_word' id='word_1_154' title='bbox 2376 2044 2503 2094; x_wconf 78' lang='lat' dir='ltr'><strong>libri.</strong></span> <span class='ocrx_word' id='word_1_155' title='bbox 2590 2044 3011 2107; x_wconf 73' lang='lat' dir='ltr'><strong>intemptati&#39;ouum</strong></span> 
     </span>
     <span class='ocr_line' id='line_1_20' title="bbox 653 2106 3005 2174; baseline -0.001 -12"><span class='ocrx_word' id='word_1_156' title='bbox 653 2111 861 2162; x_wconf 78' lang='lat' dir='ltr'><strong>Ambros.</strong></span> <span class='ocrx_word' id='word_1_157' title='bbox 903 2111 1245 2160; x_wconf 69' lang='lat' dir='ltr'><strong>‘intentionem</strong></span> <span class='ocrx_word' id='word_1_158' title='bbox 1280 2107 1621 2172; x_wconf 62' lang='lat' dir='ltr'><strong>(BlfGlabcde.</strong></span> <span class='ocrx_word' id='word_1_159' title='bbox 1666 2111 1855 2161; x_wconf 67' lang='lat' dir='ltr'><strong>vindob.</strong></span> <span class='ocrx_word' id='word_1_160' title='bbox 1961 2109 2011 2159; x_wconf 81' lang='lat'><strong>3.</strong></span> <span class='ocrx_word' id='word_1_161' title='bbox 2046 2124 2308 2174; x_wconf 85' lang='lat' dir='ltr'><strong>possumus</strong></span> <span class='ocrx_word' id='word_1_162' title='bbox 2344 2111 2421 2161; x_wconf 81' lang='lat' dir='ltr'><strong>Ge.</strong></span> <span class='ocrx_word' id='word_1_163' title='bbox 2500 2110 2601 2161; x_wconf 73' lang='lat' dir='ltr'><strong>Voc.</strong></span> <span class='ocrx_word' id='word_1_164' title='bbox 2638 2111 2797 2161; x_wconf 88' lang='lat' dir='ltr'><strong>modis</strong></span> <span class='ocrx_word' id='word_1_165' title='bbox 2833 2127 2925 2161; x_wconf 76' lang='lat' dir='ltr'><strong>om.</strong></span> <span class='ocrx_word' id='word_1_166' title='bbox 2958 2106 3005 2159; x_wconf 73' lang='grc' dir='ltr'><strong>λ.</strong></span> 
     </span>
     <span class='ocr_line' id='line_1_21' title="bbox 653 2174 3013 2243; baseline 0 -14"><span class='ocrx_word' id='word_1_167' title='bbox 653 2178 706 2229; x_wconf 77' lang='grc'><strong>4.</strong></span> <span class='ocrx_word' id='word_1_168' title='bbox 743 2177 1031 2243; x_wconf 80' lang='lat' dir='ltr'><strong>spiritalium</strong></span> <span class='ocrx_word' id='word_1_169' title='bbox 1066 2178 1197 2228; x_wconf 82' lang='lat' dir='ltr'><strong>DFG.</strong></span> <span class='ocrx_word' id='word_1_170' title='bbox 1337 2178 1386 2228; x_wconf 82' lang='grc'><strong>5.</strong></span> <span class='ocrx_word' id='word_1_171' title='bbox 1436 2179 1529 2237; x_wconf 87' lang='lat' dir='ltr'><strong>Qui</strong></span> <span class='ocrx_word' id='word_1_172' title='bbox 1573 2193 1668 2228; x_wconf 89' lang='lat' dir='ltr'><strong>nos</strong></span> <span class='ocrx_word' id='word_1_173' title='bbox 1712 2179 1817 2238; x_wconf 88' lang='lat' dir='ltr'><strong>(vos</strong></span> <span class='ocrx_word' id='word_1_174' title='bbox 1852 2177 1926 2238; x_wconf 83' lang='lat' dir='ltr'><strong>F.)</strong></span> <span class='ocrx_word' id='word_1_175' title='bbox 1971 2174 2203 2241; x_wconf 66' lang='lat' dir='ltr'><strong>Apssfcr.</strong></span> <span class='ocrx_word' id='word_1_176' title='bbox 2245 2179 2436 2229; x_wconf 75' lang='lat' dir='ltr'><strong>Vindob.</strong></span> <span class='ocrx_word' id='word_1_177' title='bbox 2470 2178 2644 2243; x_wconf 72' lang='lat' dir='ltr'><strong>Erfurt.</strong></span> <span class='ocrx_word' id='word_1_178' title='bbox 2728 2192 2822 2228; x_wconf 88' lang='lat' dir='ltr'><strong>nos</strong></span> <span class='ocrx_word' id='word_1_179' title='bbox 2860 2179 3013 2230; x_wconf 69' lang='lat' dir='ltr'><strong>Oxos-</strong></span> 
     </span>
     <span class='ocr_line' id='line_1_22' title="bbox 655 2239 3011 2311; baseline 0.001 -16"><span class='ocrx_word' id='word_1_180' title='bbox 655 2242 775 2305; x_wconf 74' lang='lat' dir='ltr'><strong>Q‘uis</strong></span> <span class='ocrx_word' id='word_1_181' title='bbox 812 2259 901 2295; x_wconf 88' lang='lat' dir='ltr'><strong>nos</strong></span> <span class='ocrx_word' id='word_1_182' title='bbox 936 2242 1312 2311; x_wconf 64' lang='lat' dir='ltr'><strong>(AchDhibcde.</strong></span> <span class='ocrx_word' id='word_1_183' title='bbox 1395 2245 1574 2296; x_wconf 81' lang='lat' dir='ltr'><strong>Existat</strong></span> <span class='ocrx_word' id='word_1_184' title='bbox 1609 2246 1691 2309; x_wconf 88' lang='lat' dir='ltr'><strong>qui</strong></span> <span class='ocrx_word' id='word_1_185' title='bbox 1728 2259 1818 2294; x_wconf 87' lang='lat' dir='ltr'><strong>nos</strong></span> <span class='ocrx_word' id='word_1_186' title='bbox 1851 2239 1898 2292; x_wconf 75' lang='grc' dir='ltr'><strong>λ.</strong></span> <span class='ocrx_word' id='word_1_187' title='bbox 1932 2245 2123 2296; x_wconf 73' lang='lat' dir='ltr'><strong>Home.</strong></span> <span class='ocrx_word' id='word_1_188' title='bbox 2227 2244 2277 2295; x_wconf 78' lang='grc'><strong>6.</strong></span> <span class='ocrx_word' id='word_1_189' title='bbox 2313 2244 2374 2297; x_wconf 88' lang='lat' dir='ltr'><strong>de</strong></span> <span class='ocrx_word' id='word_1_190' title='bbox 2409 2246 2604 2296; x_wconf 83' lang='lat' dir='ltr'><strong>veritate</strong></span> <span class='ocrx_word' id='word_1_191' title='bbox 2638 2245 2835 2297; x_wconf 84' lang='lat' dir='ltr'><strong>debebit</strong></span> <span class='ocrx_word' id='word_1_192' title='bbox 2867 2246 3011 2297; x_wconf 87' lang='lat' dir='ltr'><strong>reniti</strong></span> 
     </span>
     <span class='ocr_line' id='line_1_23' title="bbox 655 2306 3011 2378; baseline 0.001 -17"><span class='ocrx_word' id='word_1_193' title='bbox 655 2312 830 2375; x_wconf 84' lang='lat' dir='ltr'><strong>(reuidi</strong></span> <span class='ocrx_word' id='word_1_194' title='bbox 864 2306 955 2373; x_wconf 73' lang='lat'><strong>2.).</strong></span> <span class='ocrx_word' id='word_1_195' title='bbox 1029 2312 1126 2362; x_wconf 85' lang='lat' dir='ltr'><strong>Sed</strong></span> <span class='ocrx_word' id='word_1_196' title='bbox 1178 2312 1292 2362; x_wconf 89' lang='lat' dir='ltr'><strong>dum</strong></span> <span class='ocrx_word' id='word_1_197' title='bbox 1345 2313 1602 2378; x_wconf 88' lang='lat' dir='ltr'><strong>unicuique</strong></span> <span class='ocrx_word' id='word_1_198' title='bbox 1656 2311 1791 2375; x_wconf 91' lang='lat' dir='ltr'><strong>(dum</strong></span> <span class='ocrx_word' id='word_1_199' title='bbox 1839 2318 1999 2362; x_wconf 89' lang='lat' dir='ltr'><strong>tamen</strong></span> <span class='ocrx_word' id='word_1_200' title='bbox 2049 2312 2303 2376; x_wconf 84' lang='lat' dir='ltr'><strong>unicuique</strong></span> <span class='ocrx_word' id='word_1_201' title='bbox 2336 2307 2409 2369; x_wconf 80' lang='grc' dir='ltr'><strong>λ.)</strong></span> <span class='ocrx_word' id='word_1_202' title='bbox 2456 2313 2789 2363; x_wconf 76' lang='lat' dir='ltr'><strong>manifestatur</strong></span> <span class='ocrx_word' id='word_1_203' title='bbox 2836 2313 3011 2364; x_wconf 85' lang='lat' dir='ltr'><strong>veritas</strong></span> 
     </span>
     <span class='ocr_line' id='line_1_24' title="bbox 649 2375 3010 2444; baseline 0 -13"><span class='ocrx_word' id='word_1_204' title='bbox 649 2387 853 2440; x_wconf 70' lang='lat' dir='ltr'><strong>nostra,</strong></span> <span class='ocrx_word' id='word_1_205' title='bbox 887 2380 1077 2431; x_wconf 86' lang='lat' dir='ltr'><strong>interim</strong></span> <span class='ocrx_word' id='word_1_206' title='bbox 1113 2375 1159 2427; x_wconf 73' lang='grc' dir='ltr'><strong>λ.</strong></span> <span class='ocrx_word' id='word_1_207' title='bbox 1201 2380 1392 2431; x_wconf 78' lang='lat' dir='ltr'><strong>Haverc.</strong></span> <span class='ocrx_word' id='word_1_208' title='bbox 1482 2380 1542 2430; x_wconf 91' lang='lat' dir='ltr'><strong>de</strong></span> <span class='ocrx_word' id='word_1_209' title='bbox 1593 2381 1790 2430; x_wconf 87' lang='lat' dir='ltr'><strong>veritate</strong></span> <span class='ocrx_word' id='word_1_210' title='bbox 1826 2379 2018 2431; x_wconf 86' lang='lat' dir='ltr'><strong>debebit</strong></span> <span class='ocrx_word' id='word_1_211' title='bbox 2052 2379 2212 2429; x_wconf 89' lang='lat' dir='ltr'><strong>reniti.</strong></span> <span class='ocrx_word' id='word_1_212' title='bbox 2270 2380 2369 2431; x_wconf 87' lang='lat' dir='ltr'><strong>Sed</strong></span> <span class='ocrx_word' id='word_1_213' title='bbox 2404 2380 2592 2429; x_wconf 87' lang='lat' dir='ltr'><strong>iuterim</strong></span> <span class='ocrx_word' id='word_1_214' title='bbox 2627 2385 2661 2444; x_wconf 78' lang='lat' dir='ltr'><strong>s.</strong></span> <span class='ocrx_word' id='word_1_215' title='bbox 2766 2379 2816 2431; x_wconf 80' lang='lat'><strong>7.</strong></span> <span class='ocrx_word' id='word_1_216' title='bbox 2852 2381 3010 2432; x_wconf 84' lang='lat' dir='ltr'><strong>mani-</strong></span> 
     </span>
     <span class='ocr_line' id='line_1_25' title="bbox 655 2442 3009 2510; baseline 0.003 -15"><span class='ocrx_word' id='word_1_217' title='bbox 655 2448 857 2497; x_wconf 76' lang='lat' dir='ltr'><strong>festetur</strong></span> <span class='ocrx_word' id='word_1_218' title='bbox 891 2447 979 2498; x_wconf 71' lang='grc' dir='ltr'><strong>ΡΟ.</strong></span> <span class='ocrx_word' id='word_1_219' title='bbox 1023 2448 1216 2497; x_wconf 76' lang='lat' dir='ltr'><strong>Vindob.</strong></span> <span class='ocrx_word' id='word_1_220' title='bbox 1350 2447 1404 2499; x_wconf 79' lang='lat'><strong>8.</strong></span> <span class='ocrx_word' id='word_1_221' title='bbox 1435 2448 1542 2498; x_wconf 87' lang='lat' dir='ltr'><strong>usui</strong></span> <span class='ocrx_word' id='word_1_222' title='bbox 1577 2442 1847 2498; x_wconf 66' lang='lat' dir='ltr'><strong>ABDEGM.</strong></span> <span class='ocrx_word' id='word_1_223' title='bbox 1888 2448 2078 2498; x_wconf 75' lang='lat' dir='ltr'><strong>Vindob.</strong></span> <span class='ocrx_word' id='word_1_224' title='bbox 2116 2447 2291 2510; x_wconf 68' lang='lat' dir='ltr'><strong>Erfurt.</strong></span> <span class='ocrx_word' id='word_1_225' title='bbox 2326 2448 2563 2498; x_wconf 78' lang='lat' dir='ltr'><strong>Gor-siens.</strong></span> <span class='ocrx_word' id='word_1_226' title='bbox 2600 2448 2803 2499; x_wconf 66' lang='lat' dir='ltr'><strong>Getides.</strong></span> <span class='ocrx_word' id='word_1_227' title='bbox 2839 2449 3009 2501; x_wconf 64' lang='lat' dir='ltr'><strong>einos.</strong></span> 
     </span>
     <span class='ocr_line' id='line_1_26' title="bbox 654 2509 1778 2578; baseline -0.004 -13"><span class='ocrx_word' id='word_1_228' title='bbox 654 2515 843 2578; x_wconf 73' lang='lat' dir='ltr'><strong>aliique.</strong></span> <span class='ocrx_word' id='word_1_229' title='bbox 917 2514 1224 2578; x_wconf 72' lang='lat' dir='ltr'><strong>usu-&#39;Fabce[.</strong></span> <span class='ocrx_word' id='word_1_230' title='bbox 1330 2514 1378 2565; x_wconf 85' lang='lat'><strong>9.</strong></span> <span class='ocrx_word' id='word_1_231' title='bbox 1417 2514 1699 2565; x_wconf 80' lang='lat' dir='ltr'><strong>existimatis</strong></span> <span class='ocrx_word' id='word_1_232' title='bbox 1731 2509 1778 2561; x_wconf 75' lang='grc' dir='ltr'><strong>λ.</strong></span> 
     </span>
    </p>
   </div>
   <div class='ocr_carea' id='block_1_6' title="bbox 651 2644 1785 3120">
    <p class='ocr_par' dir='ltr' id='par_1_8' title="bbox 654 2644 1782 2782">
     <span class='ocr_line' id='line_1_27' title="bbox 718 2644 1782 2715; baseline 0 -16"><span class='ocrx_word' id='word_1_233' title='bbox 718 2648 839 2714; x_wconf 82' lang='lat' dir='ltr'><strong>Cap.</strong></span> <span class='ocrx_word' id='word_1_234' title='bbox 875 2648 1024 2704; x_wconf 76' lang='lat' dir='ltr'><strong>xtvi.</strong></span> <span class='ocrx_word' id='word_1_235' title='bbox 1063 2665 1106 2700; x_wconf 90' lang='lat' dir='ltr'><strong>a.</strong></span> <span class='ocrx_word' id='word_1_236' title='bbox 1157 2644 1498 2715; x_wconf 77' lang='lat' dir='ltr'><strong>constitimus}</strong></span> <span class='ocrx_word' id='word_1_237' title='bbox 1555 2649 1602 2699; x_wconf 78' lang='lat' dir='ltr'><strong>V.</strong></span> <span class='ocrx_word' id='word_1_238' title='bbox 1659 2664 1782 2715; x_wconf 80' lang='lat' dir='ltr'><strong>quae</strong></span> 
     </span>
     <span class='ocr_line' id='line_1_28' title="bbox 654 2716 1713 2782; baseline 0.001 -15"><span class='ocrx_word' id='word_1_239' title='bbox 654 2718 874 2768; x_wconf 76' lang='lat' dir='ltr'><strong>adnotavi</strong></span> <span class='ocrx_word' id='word_1_240' title='bbox 911 2717 972 2766; x_wconf 91' lang='lat' dir='ltr'><strong>ad</strong></span> <span class='ocrx_word' id='word_1_241' title='bbox 1009 2717 1074 2766; x_wconf 82' lang='lat' dir='ltr'><strong>De</strong></span> <span class='ocrx_word' id='word_1_242' title='bbox 1115 2716 1285 2767; x_wconf 84' lang='lat' dir='ltr'><strong>idolol.</strong></span> <span class='ocrx_word' id='word_1_243' title='bbox 1324 2732 1430 2782; x_wconf 80' lang='lat' dir='ltr'><strong>cap.</strong></span> <span class='ocrx_word' id='word_1_244' title='bbox 1469 2717 1550 2768; x_wconf 85' lang='lat'><strong>13.</strong></span> <span class='ocrx_word' id='word_1_245' title='bbox 1704 2733 1713 2744; x_wconf 87' lang='lat'><strong>·</strong></span> 
     </span>
    </p>

    <p class='ocr_par' dir='ltr' id='par_1_9' title="bbox 651 2783 1781 2916">
     <span class='ocr_line' id='line_1_29' title="bbox 718 2783 1781 2848; baseline 0.002 -15"><span class='ocrx_word' id='word_1_246' title='bbox 718 2785 766 2836; x_wconf 85' lang='lat' dir='ltr'><strong>b.</strong></span> <span class='ocrx_word' id='word_1_247' title='bbox 814 2783 1140 2848; x_wconf 82' lang='lat' dir='ltr'><strong>spiritualium</strong></span> <span class='ocrx_word' id='word_1_248' title='bbox 1178 2783 1512 2848; x_wconf 69' lang='lat' dir='ltr'><strong>potestatum]</strong></span> <span class='ocrx_word' id='word_1_249' title='bbox 1571 2785 1781 2835; x_wconf 82' lang='lat' dir='ltr'><strong>Daemo-</strong></span> 
     </span>
     <span class='ocr_line' id='line_1_30' title="bbox 651 2851 1517 2916; baseline -0.002 -12"><span class='ocrx_word' id='word_1_250' title='bbox 651 2866 785 2905; x_wconf 85' lang='lat' dir='ltr'><strong>uum.</strong></span> <span class='ocrx_word' id='word_1_251' title='bbox 820 2852 889 2901; x_wconf 85' lang='lat' dir='ltr'><strong>De</strong></span> <span class='ocrx_word' id='word_1_252' title='bbox 925 2852 1000 2901; x_wconf 88' lang='lat' dir='ltr'><strong>his</strong></span> <span class='ocrx_word' id='word_1_253' title='bbox 1037 2852 1265 2902; x_wconf 83' lang='lat' dir='ltr'><strong>disseruit</strong></span> <span class='ocrx_word' id='word_1_254' title='bbox 1293 2868 1399 2916; x_wconf 82' lang='lat' dir='ltr'><strong>cap.</strong></span> <span class='ocrx_word' id='word_1_255' title='bbox 1435 2851 1517 2903; x_wconf 82' lang='lat'><strong>23.</strong></span> 
     </span>
    </p>

    <p class='ocr_par' dir='ltr' id='par_1_10' title="bbox 659 2915 1782 3050">
     <span class='ocr_line' id='line_1_31' title="bbox 726 2915 1782 2986; baseline 0.001 -16"><span class='ocrx_word' id='word_1_256' title='bbox 726 2935 770 2970; x_wconf 83' lang='lat' dir='ltr'><strong>c.</strong></span> <span class='ocrx_word' id='word_1_257' title='bbox 805 2915 987 2986; x_wconf 76' lang='lat' dir='ltr'><strong>forma]</strong></span> <span class='ocrx_word' id='word_1_258' title='bbox 1038 2919 1085 2967; x_wconf 75' lang='lat' dir='ltr'><strong>V.</strong></span> <span class='ocrx_word' id='word_1_259' title='bbox 1123 2934 1246 2984; x_wconf 83' lang='lat' dir='ltr'><strong>quae</strong></span> <span class='ocrx_word' id='word_1_260' title='bbox 1299 2920 1523 2970; x_wconf 87' lang='lat' dir='ltr'><strong>adnotata</strong></span> <span class='ocrx_word' id='word_1_261' title='bbox 1572 2927 1686 2970; x_wconf 88' lang='lat' dir='ltr'><strong>sunt</strong></span> <span class='ocrx_word' id='word_1_262' title='bbox 1721 2921 1782 2971; x_wconf 86' lang='lat' dir='ltr'><strong>ad</strong></span> 
     </span>
     <span class='ocr_line' id='line_1_32' title="bbox 659 2986 1200 3050; baseline -0.002 -13"><span class='ocrx_word' id='word_1_263' title='bbox 659 2987 728 3037; x_wconf 87' lang='lat' dir='ltr'><strong>De</strong></span> <span class='ocrx_word' id='word_1_264' title='bbox 765 2986 939 3036; x_wconf 90' lang='lat' dir='ltr'><strong>ldolol.</strong></span> <span class='ocrx_word' id='word_1_265' title='bbox 974 3001 1080 3050; x_wconf 87' lang='lat' dir='ltr'><strong>cap.</strong></span> <span class='ocrx_word' id='word_1_266' title='bbox 1121 2986 1200 3036; x_wconf 78' lang='lat'><strong>18.</strong></span> 
     </span>
    </p>

    <p class='ocr_par' dir='ltr' id='par_1_11' title="bbox 726 3050 1785 3120">
     <span class='ocr_line' id='line_1_33' title="bbox 726 3050 1785 3120; baseline 0.002 -17"><span class='ocrx_word' id='word_1_267' title='bbox 726 3052 773 3103; x_wconf 84' lang='lat' dir='ltr'><strong>d.</strong></span> <span class='ocrx_word' id='word_1_268' title='bbox 812 3050 1093 3120; x_wconf 87' lang='lat' dir='ltr'><strong>obducitur]</strong></span> <span class='ocrx_word' id='word_1_269' title='bbox 1120 3055 1354 3105; x_wconf 77' lang='lat' dir='ltr'><strong>obducere</strong></span> <span class='ocrx_word' id='word_1_270' title='bbox 1371 3054 1572 3119; x_wconf 84' lang='lat' dir='ltr'><strong>proprie</strong></span> <span class='ocrx_word' id='word_1_271' title='bbox 1597 3061 1674 3104; x_wconf 86' lang='lat' dir='ltr'><strong>eat</strong></span> <span class='ocrx_word' id='word_1_272' title='bbox 1696 3054 1785 3105; x_wconf 84' lang='lat' dir='ltr'><strong>ad-</strong></span> 
     </span>
    </p>
   </div>
   <div class='ocr_carea' id='block_1_7' title="bbox 551 3120 1786 3185">
    <p class='ocr_par' dir='ltr' id='par_1_12' title="bbox 551 3120 1786 3185">
     <span class='ocr_line' id='line_1_34' title="bbox 551 3120 1786 3185; baseline 0.001 -14"><span class='ocrx_word' id='word_1_273' title='bbox 551 3173 558 3182; x_wconf 71' lang='lat'><strong>,</strong></span> <span class='ocrx_word' id='word_1_274' title='bbox 657 3120 836 3172; x_wconf 79' lang='lat' dir='ltr'><strong>ducere</strong></span> <span class='ocrx_word' id='word_1_275' title='bbox 884 3121 932 3170; x_wconf 89' lang='lat' dir='ltr'><strong>in</strong></span> <span class='ocrx_word' id='word_1_276' title='bbox 986 3122 1273 3172; x_wconf 81' lang='lat' dir='ltr'><strong>contrariam</strong></span> <span class='ocrx_word' id='word_1_277' title='bbox 1311 3130 1529 3185; x_wconf 84' lang='lat' dir='ltr'><strong>partem,</strong></span> <span class='ocrx_word' id='word_1_278' title='bbox 1580 3129 1629 3172; x_wconf 87' lang='lat' dir='ltr'><strong>et</strong></span> <span class='ocrx_word' id='word_1_279' title='bbox 1673 3121 1786 3172; x_wconf 85' lang='lat' dir='ltr'><strong>hinc</strong></span> 
     </span>
    </p>
   </div>
   <div class='ocr_carea' id='block_1_8' title="bbox 615 3187 1784 3855">
    <p class='ocr_par' dir='ltr' id='par_1_13' title="bbox 615 3187 1784 3855">
     <span class='ocr_line' id='line_1_35' title="bbox 656 3187 1784 3252; baseline 0 -14"><span class='ocrx_word' id='word_1_280' title='bbox 656 3187 823 3238; x_wconf 81' lang='lat' dir='ltr'><strong>Tortul</strong></span> <span class='ocrx_word' id='word_1_281' title='bbox 844 3189 955 3238; x_wconf 89' lang='lat' dir='ltr'><strong>iano</strong></span> <span class='ocrx_word' id='word_1_282' title='bbox 1003 3189 1105 3240; x_wconf 82' lang='lat' dir='ltr'><strong>l&#39;ere</strong></span> <span class='ocrx_word' id='word_1_283' title='bbox 1152 3203 1241 3252; x_wconf 89' lang='lat' dir='ltr'><strong>pro</strong></span> <span class='ocrx_word' id='word_1_284' title='bbox 1301 3191 1601 3250; x_wconf 81' lang='lat' dir='ltr'><strong>convincere,</strong></span> <span class='ocrx_word' id='word_1_285' title='bbox 1651 3190 1784 3239; x_wconf 84' lang='lat' dir='ltr'><strong>eviu-</strong></span> 
     </span>
     <span class='ocr_line' id='line_1_36' title="bbox 657 3254 1783 3319; baseline 0.002 -14"><span class='ocrx_word' id='word_1_286' title='bbox 657 3268 786 3306; x_wconf 88' lang='lat' dir='ltr'><strong>cere.</strong></span> <span class='ocrx_word' id='word_1_287' title='bbox 858 3254 1022 3319; x_wconf 72' lang='lat' dir='ltr'><strong>polog.</strong></span> <span class='ocrx_word' id='word_1_288' title='bbox 1060 3271 1166 3318; x_wconf 83' lang='lat' dir='ltr'><strong>cap.</strong></span> <span class='ocrx_word' id='word_1_289' title='bbox 1202 3256 1269 3305; x_wconf 84' lang='lat'><strong>50</strong></span> <span class='ocrx_word' id='word_1_290' title='bbox 1307 3257 1546 3315; x_wconf 85' lang='lat' dir='ltr'><strong>„Victoria</strong></span> <span class='ocrx_word' id='word_1_291' title='bbox 1583 3263 1660 3305; x_wconf 90' lang='lat' dir='ltr'><strong>est</strong></span> <span class='ocrx_word' id='word_1_292' title='bbox 1692 3271 1783 3307; x_wconf 86' lang='lat' dir='ltr'><strong>au·</strong></span> 
     </span>
     <span class='ocr_line' id='line_1_37' title="bbox 615 3323 1781 3386; baseline 0.001 -13"><span class='ocrx_word' id='word_1_293' title='bbox 615 3363 624 3374; x_wconf 86' lang='lat'><strong>.</strong></span> <span class='ocrx_word' id='word_1_294' title='bbox 654 3330 751 3371; x_wconf 89' lang='lat' dir='ltr'><strong>tem</strong></span> <span class='ocrx_word' id='word_1_295' title='bbox 791 3336 880 3386; x_wconf 87' lang='lat' dir='ltr'><strong>pro</strong></span> <span class='ocrx_word' id='word_1_296' title='bbox 916 3335 1012 3383; x_wconf 89' lang='lat' dir='ltr'><strong>quo</strong></span> <span class='ocrx_word' id='word_1_297' title='bbox 1033 3323 1287 3372; x_wconf 79' lang='lat' dir='ltr'><strong>certaveris</strong></span> <span class='ocrx_word' id='word_1_298' title='bbox 1314 3323 1549 3373; x_wconf 87' lang='lat' dir='ltr'><strong>obtinere.</strong></span> <span class='ocrx_word' id='word_1_299' title='bbox 1605 3323 1675 3372; x_wconf 82' lang='lat' dir='ltr'><strong>Ea</strong></span> <span class='ocrx_word' id='word_1_300' title='bbox 1711 3324 1781 3374; x_wconf 84' lang='lat' dir='ltr'><strong>vi·</strong></span> 
     </span>
     <span class='ocr_line' id='line_1_38' title="bbox 625 3381 1784 3451; baseline 0.003 -15"><span class='ocrx_word' id='word_1_301' title='bbox 625 3381 809 3436; x_wconf 77' lang='lat' dir='ltr'><strong>‘ctoria</strong></span> <span class='ocrx_word' id='word_1_302' title='bbox 845 3387 990 3436; x_wconf 89' lang='lat' dir='ltr'><strong>habet</strong></span> <span class='ocrx_word' id='word_1_303' title='bbox 1025 3395 1073 3435; x_wconf 90' lang='lat' dir='ltr'><strong>et</strong></span> <span class='ocrx_word' id='word_1_304' title='bbox 1106 3387 1308 3449; x_wconf 77' lang='lat' dir='ltr'><strong>gloriam</strong></span> <span class='ocrx_word' id='word_1_305' title='bbox 1343 3388 1568 3451; x_wconf 88' lang='lat' dir='ltr'><strong>placendi</strong></span> <span class='ocrx_word' id='word_1_306' title='bbox 1605 3389 1697 3438; x_wconf 89' lang='lat' dir='ltr'><strong>deo</strong></span> <span class='ocrx_word' id='word_1_307' title='bbox 1735 3397 1784 3441; x_wconf 89' lang='lat' dir='ltr'><strong>et</strong></span> 
     </span>
     <span class='ocr_line' id='line_1_39' title="bbox 656 3451 1779 3518; baseline 0.004 -15"><span class='ocrx_word' id='word_1_308' title='bbox 656 3451 889 3518; x_wconf 83' lang='lat' dir='ltr'><strong>praedam</strong></span> <span class='ocrx_word' id='word_1_309' title='bbox 924 3453 1102 3503; x_wconf 83' lang='lat' dir='ltr'><strong>vivendi</strong></span> <span class='ocrx_word' id='word_1_310' title='bbox 1141 3455 1188 3503; x_wconf 88' lang='lat' dir='ltr'><strong>in</strong></span> <span class='ocrx_word' id='word_1_311' title='bbox 1227 3463 1494 3505; x_wconf 87' lang='lat' dir='ltr'><strong>aeteruum.</strong></span> <span class='ocrx_word' id='word_1_312' title='bbox 1562 3456 1660 3506; x_wconf 89' lang='lat' dir='ltr'><strong>Sed</strong></span> <span class='ocrx_word' id='word_1_313' title='bbox 1695 3459 1779 3508; x_wconf 78' lang='lat' dir='ltr'><strong>ob·-</strong></span> 
     </span>
     <span class='ocr_line' id='line_1_40' title="bbox 655 3519 1777 3585; baseline 0.003 -14"><span class='ocrx_word' id='word_1_314' title='bbox 655 3521 884 3571; x_wconf 71' lang='lat' dir='ltr'><strong>ducimur.</strong></span> <span class='ocrx_word' id='word_1_315' title='bbox 954 3519 1096 3569; x_wconf 84' lang='lat' dir='ltr'><strong>Certe</strong></span> <span class='ocrx_word' id='word_1_316' title='bbox 1138 3535 1244 3571; x_wconf 88' lang='lat' dir='ltr'><strong>cum</strong></span> <span class='ocrx_word' id='word_1_317' title='bbox 1282 3523 1596 3574; x_wconf 81' lang='lat' dir='ltr'><strong>obtinuimus.</strong></span> <span class='ocrx_word' id='word_1_318' title='bbox 1651 3524 1777 3585; x_wconf 78' lang='lat' dir='ltr'><strong>Ergo</strong></span> 
     </span>
     <span class='ocr_line' id='line_1_41' title="bbox 652 3586 1778 3655; baseline 0.005 -20"><span class='ocrx_word' id='word_1_319' title='bbox 652 3586 871 3646; x_wconf 84' lang='lat' dir='ltr'><strong>vicimus,</strong></span> <span class='ocrx_word' id='word_1_320' title='bbox 920 3600 1028 3637; x_wconf 90' lang='lat' dir='ltr'><strong>cum</strong></span> <span class='ocrx_word' id='word_1_321' title='bbox 1079 3587 1359 3638; x_wconf 88' lang='lat' dir='ltr'><strong>occidimur.</strong></span> <span class='ocrx_word' id='word_1_322' title='bbox 1429 3591 1636 3655; x_wconf 75' lang='lat' dir='ltr'><strong>Denique</strong></span> <span class='ocrx_word' id='word_1_323' title='bbox 1670 3606 1778 3642; x_wconf 79' lang='lat' dir='ltr'><strong>eva·</strong></span> 
     </span>
     <span class='ocr_line' id='line_1_42' title="bbox 653 3655 1777 3721; baseline 0.003 -17"><span class='ocrx_word' id='word_1_324' title='bbox 653 3656 824 3715; x_wconf 74' lang='lat' dir='ltr'><strong>dimas,</strong></span> <span class='ocrx_word' id='word_1_325' title='bbox 860 3669 962 3707; x_wconf 73' lang='lat' dir='ltr'><strong>eum</strong></span> <span class='ocrx_word' id='word_1_326' title='bbox 1009 3655 1339 3716; x_wconf 73' lang='lat' dir='ltr'><strong>obducimur,“</strong></span> <span class='ocrx_word' id='word_1_327' title='bbox 1374 3657 1549 3721; x_wconf 88' lang='lat' dir='ltr'><strong>quibus</strong></span> <span class='ocrx_word' id='word_1_328' title='bbox 1585 3658 1635 3706; x_wconf 90' lang='lat' dir='ltr'><strong>in</strong></span> <span class='ocrx_word' id='word_1_329' title='bbox 1670 3671 1777 3707; x_wconf 88' lang='lat' dir='ltr'><strong>ver-</strong></span> 
     </span>
     <span class='ocr_line' id='line_1_43' title="bbox 650 3721 1778 3788; baseline 0.003 -16"><span class='ocrx_word' id='word_1_330' title='bbox 650 3721 729 3772; x_wconf 81' lang='lat' dir='ltr'><strong>bis</strong></span> <span class='ocrx_word' id='word_1_331' title='bbox 764 3723 956 3773; x_wconf 62' lang='lat' dir='ltr'><strong>evadne</strong></span> <span class='ocrx_word' id='word_1_332' title='bbox 991 3730 1039 3772; x_wconf 90' lang='lat' dir='ltr'><strong>et</strong></span> <span class='ocrx_word' id='word_1_333' title='bbox 1073 3724 1243 3774; x_wconf 80' lang='lat' dir='ltr'><strong>obduci</strong></span> <span class='ocrx_word' id='word_1_334' title='bbox 1278 3725 1503 3788; x_wconf 90' lang='lat' dir='ltr'><strong>opposita</strong></span> <span class='ocrx_word' id='word_1_335' title='bbox 1538 3725 1631 3774; x_wconf 87' lang='lat' dir='ltr'><strong>sibi</strong></span> <span class='ocrx_word' id='word_1_336' title='bbox 1668 3739 1778 3775; x_wconf 85' lang='lat' dir='ltr'><strong>esse</strong></span> 
     </span>
     <span class='ocr_line' id='line_1_44' title="bbox 650 3790 1776 3855; baseline 0.004 -16"><span class='ocrx_word' id='word_1_337' title='bbox 650 3803 796 3840; x_wconf 90' lang='lat' dir='ltr'><strong>nemo</strong></span> <span class='ocrx_word' id='word_1_338' title='bbox 832 3798 908 3840; x_wconf 90' lang='lat' dir='ltr'><strong>est</strong></span> <span class='ocrx_word' id='word_1_339' title='bbox 941 3792 1022 3855; x_wconf 85' lang='lat' dir='ltr'><strong>qui</strong></span> <span class='ocrx_word' id='word_1_340' title='bbox 1060 3804 1155 3840; x_wconf 90' lang='lat' dir='ltr'><strong>uon</strong></span> <span class='ocrx_word' id='word_1_341' title='bbox 1193 3790 1364 3842; x_wconf 82' lang='lat' dir='ltr'><strong>videat.</strong></span> <span class='ocrx_word' id='word_1_342' title='bbox 1411 3790 1522 3842; x_wconf 79' lang='lat' dir='ltr'><strong>Adv.</strong></span> <span class='ocrx_word' id='word_1_343' title='bbox 1546 3791 1776 3843; x_wconf 72' lang='lat' dir='ltr'><strong>Marcion.</strong></span> 
     </span>
    </p>
   </div>
   <div class='ocr_carea' id='block_1_9' title="bbox 523 3855 1774 3923">
    <p class='ocr_par' dir='ltr' id='par_1_14' title="bbox 523 3855 1774 3923">
     <span class='ocr_line' id='line_1_45' title="bbox 523 3855 1774 3923; baseline 0.004 -18"><span class='ocrx_word' id='word_1_344' title='bbox 523 3881 544 3923; x_wconf 76' lang='lat'><strong>⁸.</strong></span> <span class='ocrx_word' id='word_1_345' title='bbox 648 3856 689 3919; x_wconf 87' lang='lat'><strong>1,</strong></span> <span class='ocrx_word' id='word_1_346' title='bbox 726 3855 788 3906; x_wconf 82' lang='lat'><strong>21</strong></span> <span class='ocrx_word' id='word_1_347' title='bbox 829 3857 1057 3917; x_wconf 85' lang='lat' dir='ltr'><strong>„Nullam</strong></span> <span class='ocrx_word' id='word_1_348' title='bbox 1094 3866 1253 3909; x_wconf 88' lang='lat' dir='ltr'><strong>autem</strong></span> <span class='ocrx_word' id='word_1_349' title='bbox 1301 3857 1558 3923; x_wconf 89' lang='lat' dir='ltr'><strong>apostolici</strong></span> <span class='ocrx_word' id='word_1_350' title='bbox 1598 3874 1774 3910; x_wconf 84' lang='lat' dir='ltr'><strong>census</strong></span> 
     </span>
    </p>
   </div>
   <div class='ocr_carea' id='block_1_10' title="bbox 641 3923 1776 4664">
    <p class='ocr_par' dir='ltr' id='par_1_15' title="bbox 641 3923 1776 4664">
     <span class='ocr_line' id='line_1_46' title="bbox 650 3923 1773 3992; baseline 0.005 -20"><span class='ocrx_word' id='word_1_351' title='bbox 650 3923 907 3974; x_wconf 84' lang='lat' dir='ltr'><strong>ecclesiam</strong></span> <span class='ocrx_word' id='word_1_352' title='bbox 956 3926 1197 3988; x_wconf 78' lang='lat' dir='ltr'><strong>invenias,</strong></span> <span class='ocrx_word' id='word_1_353' title='bbox 1247 3941 1370 3992; x_wconf 86' lang='lat' dir='ltr'><strong>qnae</strong></span> <span class='ocrx_word' id='word_1_354' title='bbox 1418 3941 1513 3977; x_wconf 91' lang='lat' dir='ltr'><strong>non</strong></span> <span class='ocrx_word' id='word_1_355' title='bbox 1550 3928 1597 3977; x_wconf 91' lang='lat' dir='ltr'><strong>in</strong></span> <span class='ocrx_word' id='word_1_356' title='bbox 1635 3942 1773 3978; x_wconf 85' lang='lat' dir='ltr'><strong>crea·</strong></span> 
     </span>
     <span class='ocr_line' id='line_1_47' title="bbox 647 3991 1776 4044; baseline 0.003 -3"><span class='ocrx_word' id='word_1_357' title='bbox 647 3998 758 4041; x_wconf 87' lang='lat' dir='ltr'><strong>tore</strong></span> <span class='ocrx_word' id='word_1_358' title='bbox 805 3991 1141 4042; x_wconf 81' lang='lat' dir='ltr'><strong>christianizet.</strong></span> <span class='ocrx_word' id='word_1_359' title='bbox 1213 3994 1303 4044; x_wconf 78' lang='lat' dir='ltr'><strong>Aut</strong></span> <span class='ocrx_word' id='word_1_360' title='bbox 1337 3995 1378 4044; x_wconf 88' lang='lat' dir='ltr'><strong>si</strong></span> <span class='ocrx_word' id='word_1_361' title='bbox 1429 3995 1517 4043; x_wconf 87' lang='lat' dir='ltr'><strong>hae</strong></span> <span class='ocrx_word' id='word_1_362' title='bbox 1571 4001 1714 4044; x_wconf 82' lang='lat' dir='ltr'><strong>erunt</strong></span> <span class='ocrx_word' id='word_1_363' title='bbox 1748 4010 1776 4044; x_wconf 84' lang='lat' dir='ltr'><strong>a</strong></span> 
     </span>
     <span class='ocr_line' id='line_1_48' title="bbox 647 4055 1776 4123; baseline 0.006 -20"><span class='ocrx_word' id='word_1_364' title='bbox 647 4055 918 4120; x_wconf 84' lang='lat' dir='ltr'><strong>primordio</strong></span> <span class='ocrx_word' id='word_1_365' title='bbox 968 4067 1242 4122; x_wconf 83' lang='lat' dir='ltr'><strong>corruptae,</strong></span> <span class='ocrx_word' id='word_1_366' title='bbox 1292 4074 1414 4123; x_wconf 84' lang='lat' dir='ltr'><strong>quae</strong></span> <span class='ocrx_word' id='word_1_367' title='bbox 1462 4070 1604 4110; x_wconf 87' lang='lat' dir='ltr'><strong>eruut</strong></span> <span class='ocrx_word' id='word_1_368' title='bbox 1649 4061 1776 4110; x_wconf 87' lang='lat' dir='ltr'><strong>inte-</strong></span> 
     </span>
     <span class='ocr_line' id='line_1_49' title="bbox 649 4118 1776 4185; baseline 0.005 -15"><span class='ocrx_word' id='word_1_369' title='bbox 649 4118 810 4185; x_wconf 74' lang='lat' dir='ltr'><strong>grue?</strong></span> <span class='ocrx_word' id='word_1_370' title='bbox 878 4123 1113 4173; x_wconf 86' lang='lat' dir='ltr'><strong>Nimirum</strong></span> <span class='ocrx_word' id='word_1_371' title='bbox 1169 4126 1470 4176; x_wconf 82' lang='lat' dir='ltr'><strong>adversariae</strong></span> <span class='ocrx_word' id='word_1_372' title='bbox 1525 4128 1776 4178; x_wconf 81' lang='lat' dir='ltr'><strong>creatoris,</strong></span> 
     </span>
     <span class='ocr_line' id='line_1_50' title="bbox 645 4187 1774 4257; baseline 0.004 -17"><span class='ocrx_word' id='word_1_373' title='bbox 645 4187 830 4240; x_wconf 84' lang='lat' dir='ltr'><strong>Exhibe</strong></span> <span class='ocrx_word' id='word_1_374' title='bbox 867 4203 982 4252; x_wconf 78' lang='lat' dir='ltr'><strong>ergo</strong></span> <span class='ocrx_word' id='word_1_375' title='bbox 1031 4189 1240 4254; x_wconf 80' lang='lat' dir='ltr'><strong>aliquam</strong></span> <span class='ocrx_word' id='word_1_376' title='bbox 1276 4206 1332 4242; x_wconf 88' lang='lat' dir='ltr'><strong>ex</strong></span> <span class='ocrx_word' id='word_1_377' title='bbox 1369 4192 1463 4242; x_wconf 88' lang='lat' dir='ltr'><strong>tuis</strong></span> <span class='ocrx_word' id='word_1_378' title='bbox 1518 4194 1774 4257; x_wconf 84' lang='lat' dir='ltr'><strong>apostolici</strong></span> 
     </span>
     <span class='ocr_line' id='line_1_51' title="bbox 648 4256 1772 4321; baseline 0.005 -16"><span class='ocrx_word' id='word_1_379' title='bbox 648 4267 843 4315; x_wconf 81' lang='lat' dir='ltr'><strong>census,</strong></span> <span class='ocrx_word' id='word_1_380' title='bbox 877 4263 923 4305; x_wconf 85' lang='lat' dir='ltr'><strong>et</strong></span> <span class='ocrx_word' id='word_1_381' title='bbox 946 4256 1245 4307; x_wconf 75' lang='lat' dir='ltr'><strong>obduceris.“</strong></span> <span class='ocrx_word' id='word_1_382' title='bbox 1282 4258 1402 4309; x_wconf 82' lang='lat' dir='ltr'><strong>ibid.</strong></span> <span class='ocrx_word' id='word_1_383' title='bbox 1428 4259 1477 4320; x_wconf 75' lang='lat' dir='ltr'><strong>V,</strong></span> <span class='ocrx_word' id='word_1_384' title='bbox 1507 4259 1571 4310; x_wconf 82' lang='lat' dir='ltr'><strong>lo</strong></span> <span class='ocrx_word' id='word_1_385' title='bbox 1607 4261 1772 4321; x_wconf 72' lang='lat' dir='ltr'><strong>„Mer-</strong></span> 
     </span>
     <span class='ocr_line' id='line_1_52' title="bbox 649 4322 1772 4378; baseline 0.005 -6"><span class='ocrx_word' id='word_1_386' title='bbox 649 4322 761 4372; x_wconf 90' lang='lat' dir='ltr'><strong>cion</strong></span> <span class='ocrx_word' id='word_1_387' title='bbox 797 4322 924 4377; x_wconf 90' lang='lat' dir='ltr'><strong>enim</strong></span> <span class='ocrx_word' id='word_1_388' title='bbox 962 4323 1009 4372; x_wconf 90' lang='lat' dir='ltr'><strong>iu</strong></span> <span class='ocrx_word' id='word_1_389' title='bbox 1047 4329 1198 4373; x_wconf 90' lang='lat' dir='ltr'><strong>totum</strong></span> <span class='ocrx_word' id='word_1_390' title='bbox 1236 4326 1394 4375; x_wconf 84' lang='lat' dir='ltr'><strong>carnis</strong></span> <span class='ocrx_word' id='word_1_391' title='bbox 1448 4328 1772 4378; x_wconf 85' lang='lat' dir='ltr'><strong>resurrectio-</strong></span> 
     </span>
     <span class='ocr_line' id='line_1_53' title="bbox 645 4388 1771 4446; baseline 0.005 -6"><span class='ocrx_word' id='word_1_392' title='bbox 645 4403 759 4440; x_wconf 87' lang='lat' dir='ltr'><strong>nem</strong></span> <span class='ocrx_word' id='word_1_393' title='bbox 795 4404 892 4439; x_wconf 88' lang='lat' dir='ltr'><strong>nou</strong></span> <span class='ocrx_word' id='word_1_394' title='bbox 928 4388 1185 4441; x_wconf 85' lang='lat' dir='ltr'><strong>admittens</strong></span> <span class='ocrx_word' id='word_1_395' title='bbox 1222 4399 1272 4442; x_wconf 90' lang='lat' dir='ltr'><strong>et</strong></span> <span class='ocrx_word' id='word_1_396' title='bbox 1302 4391 1396 4442; x_wconf 87' lang='lat' dir='ltr'><strong>soli</strong></span> <span class='ocrx_word' id='word_1_397' title='bbox 1424 4393 1612 4444; x_wconf 86' lang='lat' dir='ltr'><strong>animae</strong></span> <span class='ocrx_word' id='word_1_398' title='bbox 1636 4396 1771 4446; x_wconf 84' lang='lat' dir='ltr'><strong>salu-</strong></span> 
     </span>
     <span class='ocr_line' id='line_1_54' title="bbox 641 4457 1773 4524; baseline 0.005 -17"><span class='ocrx_word' id='word_1_399' title='bbox 641 4463 744 4524; x_wconf 74' lang='lat' dir='ltr'><strong>tem</strong></span> <span class='ocrx_word' id='word_1_400' title='bbox 791 4457 1164 4522; x_wconf 82' lang='lat' dir='ltr'><strong>repromittens,</strong></span> <span class='ocrx_word' id='word_1_401' title='bbox 1213 4473 1308 4509; x_wconf 90' lang='lat' dir='ltr'><strong>non</strong></span> <span class='ocrx_word' id='word_1_402' title='bbox 1360 4461 1636 4524; x_wconf 83' lang='lat' dir='ltr'><strong>qualitatis,</strong></span> <span class='ocrx_word' id='word_1_403' title='bbox 1683 4462 1773 4513; x_wconf 89' lang='lat' dir='ltr'><strong>sed</strong></span> 
     </span>
     <span class='ocr_line' id='line_1_55' title="bbox 644 4523 1773 4590; baseline 0.005 -16"><span class='ocrx_word' id='word_1_404' title='bbox 644 4523 946 4576; x_wconf 77' lang='lat' dir='ltr'><strong>substantiae</strong></span> <span class='ocrx_word' id='word_1_405' title='bbox 979 4524 1095 4575; x_wconf 78' lang='lat' dir='ltr'><strong>tacit</strong></span> <span class='ocrx_word' id='word_1_406' title='bbox 1139 4527 1492 4590; x_wconf 86' lang='lat' dir='ltr'><strong>quaestionem.</strong></span> <span class='ocrx_word' id='word_1_407' title='bbox 1533 4530 1687 4584; x_wconf 75' lang='lat' dir='ltr'><strong>l’orro</strong></span> <span class='ocrx_word' id='word_1_408' title='bbox 1723 4538 1773 4581; x_wconf 88' lang='lat' dir='ltr'><strong>et</strong></span> 
     </span>
     <span class='ocr_line' id='line_1_56' title="bbox 644 4591 1774 4664; baseline 0.009 -24"><span class='ocrx_word' id='word_1_409' title='bbox 644 4602 703 4640; x_wconf 83' lang='lat' dir='ltr'><strong>ex</strong></span> <span class='ocrx_word' id='word_1_410' title='bbox 727 4591 803 4645; x_wconf 81' lang='lat' dir='ltr'><strong>bis</strong></span> <span class='ocrx_word' id='word_1_411' title='bbox 820 4591 1211 4645; x_wconf 75' lang='lat' dir='ltr'><strong>manifestissime</strong></span> <span class='ocrx_word' id='word_1_412' title='bbox 1238 4595 1484 4650; x_wconf 75' lang='lat' dir='ltr'><strong>obducitur</strong></span> <span class='ocrx_word' id='word_1_413' title='bbox 1506 4611 1631 4664; x_wconf 86' lang='lat' dir='ltr'><strong>quae</strong></span> <span class='ocrx_word' id='word_1_414' title='bbox 1651 4611 1774 4664; x_wconf 86' lang='lat' dir='ltr'><strong>apo·</strong></span> 
     </span>
    </p>
   </div>
   <div class='ocr_carea' id='block_1_11' title="bbox 1870 2648 3014 4663">
    <p class='ocr_par' dir='ltr' id='par_1_16' title="bbox 1876 2648 3014 4046">
     <span class='ocr_line' id='line_1_57' title="bbox 1883 2648 3009 2714; baseline 0.001 -14"><span class='ocrx_word' id='word_1_415' title='bbox 1883 2649 2039 2700; x_wconf 88' lang='lat' dir='ltr'><strong>stolus</strong></span> <span class='ocrx_word' id='word_1_416' title='bbox 2087 2648 2147 2700; x_wconf 87' lang='lat' dir='ltr'><strong>ad</strong></span> <span class='ocrx_word' id='word_1_417' title='bbox 2194 2648 2475 2714; x_wconf 80' lang='lat' dir='ltr'><strong>qualitatem</strong></span> <span class='ocrx_word' id='word_1_418' title='bbox 2531 2649 2751 2714; x_wconf 81' lang='lat' dir='ltr'><strong>corporis</strong></span> <span class='ocrx_word' id='word_1_419' title='bbox 2800 2648 3009 2702; x_wconf 85' lang='lat' dir='ltr'><strong>traetat“</strong></span> 
     </span>
     <span class='ocr_line' id='line_1_58' title="bbox 1883 2717 3012 2782; baseline 0 -13"><span class='ocrx_word' id='word_1_420' title='bbox 1883 2725 1994 2769; x_wconf 82' lang='lat' dir='ltr'><strong>cett.</strong></span> <span class='ocrx_word' id='word_1_421' title='bbox 2030 2717 2099 2767; x_wconf 86' lang='lat' dir='ltr'><strong>De</strong></span> <span class='ocrx_word' id='word_1_422' title='bbox 2137 2717 2299 2768; x_wconf 81' lang='lat' dir='ltr'><strong>Pudic.</strong></span> <span class='ocrx_word' id='word_1_423' title='bbox 2339 2732 2446 2782; x_wconf 87' lang='lat' dir='ltr'><strong>cap.</strong></span> <span class='ocrx_word' id='word_1_424' title='bbox 2482 2717 2512 2766; x_wconf 80' lang='lat'>7</span> <span class='ocrx_word' id='word_1_425' title='bbox 2570 2718 2845 2778; x_wconf 88' lang='lat' dir='ltr'><strong>„Decedam</strong></span> <span class='ocrx_word' id='word_1_426' title='bbox 2882 2733 3012 2769; x_wconf 85' lang='lat' dir='ltr'><strong>nune</strong></span> 
     </span>
     <span class='ocr_line' id='line_1_59' title="bbox 1882 2784 3013 2850; baseline 0.002 -15"><span class='ocrx_word' id='word_1_427' title='bbox 1882 2784 2134 2850; x_wconf 84' lang='lat' dir='ltr'><strong>paulisper</strong></span> <span class='ocrx_word' id='word_1_428' title='bbox 2167 2784 2227 2834; x_wconf 89' lang='lat' dir='ltr'><strong>de</strong></span> <span class='ocrx_word' id='word_1_429' title='bbox 2252 2785 2401 2848; x_wconf 77' lang='lat' dir='ltr'><strong>gradu</strong></span> <span class='ocrx_word' id='word_1_430' title='bbox 2432 2786 2546 2846; x_wconf 85' lang='lat' dir='ltr'><strong>isto,</strong></span> <span class='ocrx_word' id='word_1_431' title='bbox 2581 2800 2678 2849; x_wconf 87' lang='lat' dir='ltr'><strong>quo</strong></span> <span class='ocrx_word' id='word_1_432' title='bbox 2706 2787 2860 2848; x_wconf 70' lang='lat' dir='ltr'><strong>magis</strong></span> <span class='ocrx_word' id='word_1_433' title='bbox 2897 2800 3013 2837; x_wconf 86' lang='lat' dir='ltr'><strong>eum</strong></span> 
     </span>
     <span class='ocr_line' id='line_1_60' title="bbox 1882 2852 3013 2913; baseline 0.002 -11"><span class='ocrx_word' id='word_1_434' title='bbox 1882 2854 2026 2903; x_wconf 86' lang='lat' dir='ltr'><strong>etiam</strong></span> <span class='ocrx_word' id='word_1_435' title='bbox 2064 2852 2341 2902; x_wconf 87' lang='lat' dir='ltr'><strong>decedendo</strong></span> <span class='ocrx_word' id='word_1_436' title='bbox 2379 2854 2743 2913; x_wconf 87' lang='lat' dir='ltr'><strong>commendem,</strong></span> <span class='ocrx_word' id='word_1_437' title='bbox 2791 2868 2901 2904; x_wconf 79' lang='lat' dir='ltr'><strong>cam</strong></span> <span class='ocrx_word' id='word_1_438' title='bbox 2934 2854 3013 2905; x_wconf 88' lang='lat' dir='ltr'><strong>sic</strong></span> 
     </span>
     <span class='ocr_line' id='line_1_61' title="bbox 1882 2919 3012 2985; baseline 0.002 -17"><span class='ocrx_word' id='word_1_439' title='bbox 1882 2933 2076 2984; x_wconf 89' lang='lat' dir='ltr'><strong>quoque</strong></span> <span class='ocrx_word' id='word_1_440' title='bbox 2112 2921 2349 2970; x_wconf 70' lang='lat' dir='ltr'><strong>obduxero</strong></span> <span class='ocrx_word' id='word_1_441' title='bbox 2398 2919 2615 2970; x_wconf 88' lang='lat' dir='ltr'><strong>diversae</strong></span> <span class='ocrx_word' id='word_1_442' title='bbox 2660 2921 2814 2985; x_wconf 86' lang='lat' dir='ltr'><strong>partis</strong></span> <span class='ocrx_word' id='word_1_443' title='bbox 2863 2935 3012 2985; x_wconf 75' lang='lat' dir='ltr'><strong>prae,-</strong></span> 
     </span>
     <span class='ocr_line' id='line_1_62' title="bbox 1882 2986 3014 3051; baseline 0 -13"><span class='ocrx_word' id='word_1_444' title='bbox 1882 2986 2267 3051; x_wconf 88' lang='lat' dir='ltr'><strong>sumptionem.“</strong></span> <span class='ocrx_word' id='word_1_445' title='bbox 2334 2986 2402 3037; x_wconf 82' lang='lat' dir='ltr'><strong>De</strong></span> <span class='ocrx_word' id='word_1_446' title='bbox 2439 2986 2590 3038; x_wconf 86' lang='lat' dir='ltr'><strong>leiuu.</strong></span> <span class='ocrx_word' id='word_1_447' title='bbox 2626 3002 2733 3049; x_wconf 81' lang='lat' dir='ltr'><strong>cap·</strong></span> <span class='ocrx_word' id='word_1_448' title='bbox 2776 2988 2832 3037; x_wconf 80' lang='lat' dir='ltr'><strong>ll</strong></span> <span class='ocrx_word' id='word_1_449' title='bbox 2873 2987 3014 3049; x_wconf 82' lang='lat' dir='ltr'><strong>„Ita-</strong></span> 
     </span>
     <span class='ocr_line' id='line_1_63' title="bbox 1885 3051 3011 3119; baseline 0.001 -15"><span class='ocrx_word' id='word_1_450' title='bbox 1885 3068 1979 3119; x_wconf 89' lang='lat' dir='ltr'><strong>que</strong></span> <span class='ocrx_word' id='word_1_451' title='bbox 2015 3062 2064 3103; x_wconf 91' lang='lat' dir='ltr'><strong>et</strong></span> <span class='ocrx_word' id='word_1_452' title='bbox 2098 3055 2210 3103; x_wconf 89' lang='lat' dir='ltr'><strong>hinc</strong></span> <span class='ocrx_word' id='word_1_453' title='bbox 2245 3054 2291 3104; x_wconf 89' lang='lat' dir='ltr'><strong>in</strong></span> <span class='ocrx_word' id='word_1_454' title='bbox 2328 3051 2423 3103; x_wconf 86' lang='lat' dir='ltr'><strong>alia</strong></span> <span class='ocrx_word' id='word_1_455' title='bbox 2457 3055 2620 3118; x_wconf 89' lang='lat' dir='ltr'><strong>specie</strong></span> <span class='ocrx_word' id='word_1_456' title='bbox 2644 3056 2894 3105; x_wconf 76' lang='lat' dir='ltr'><strong>altercatio</strong></span> <span class='ocrx_word' id='word_1_457' title='bbox 2929 3054 3011 3106; x_wconf 88' lang='lat' dir='ltr'><strong>di·</strong></span> 
     </span>
     <span class='ocr_line' id='line_1_64' title="bbox 1882 3121 3008 3185; baseline 0.002 -15"><span class='ocrx_word' id='word_1_458' title='bbox 1882 3136 2049 3171; x_wconf 84' lang='lat' dir='ltr'><strong>versae</strong></span> <span class='ocrx_word' id='word_1_459' title='bbox 2068 3121 2219 3185; x_wconf 87' lang='lat' dir='ltr'><strong>partis</strong></span> <span class='ocrx_word' id='word_1_460' title='bbox 2244 3122 2505 3182; x_wconf 64' lang='lat' dir='ltr'><strong>obducitur,</strong></span> <span class='ocrx_word' id='word_1_461' title='bbox 2530 3136 2640 3173; x_wconf 90' lang='lat' dir='ltr'><strong>cum</strong></span> <span class='ocrx_word' id='word_1_462' title='bbox 2666 3121 2868 3173; x_wconf 85' lang='lat' dir='ltr'><strong>dicunt“</strong></span> <span class='ocrx_word' id='word_1_463' title='bbox 2894 3130 3008 3172; x_wconf 81' lang='lat' dir='ltr'><strong>cett.</strong></span> 
     </span>
     <span class='ocr_line' id='line_1_65' title="bbox 1884 3187 3010 3254; baseline 0.002 -16"><span class='ocrx_word' id='word_1_464' title='bbox 1884 3188 1952 3239; x_wconf 90' lang='lat' dir='ltr'><strong>De</strong></span> <span class='ocrx_word' id='word_1_465' title='bbox 1988 3189 2183 3238; x_wconf 79' lang='lat' dir='ltr'><strong>Resurr.</strong></span> <span class='ocrx_word' id='word_1_466' title='bbox 2234 3189 2406 3239; x_wconf 86' lang='lat' dir='ltr'><strong>Carnis</strong></span> <span class='ocrx_word' id='word_1_467' title='bbox 2457 3203 2564 3254; x_wconf 87' lang='lat' dir='ltr'><strong>cap.</strong></span> <span class='ocrx_word' id='word_1_468' title='bbox 2600 3187 2632 3238; x_wconf 84' lang='lat'>2</span> <span class='ocrx_word' id='word_1_469' title='bbox 2668 3189 2911 3254; x_wconf 87' lang='lat' dir='ltr'><strong>„proinde</strong></span> <span class='ocrx_word' id='word_1_470' title='bbox 2960 3197 3010 3240; x_wconf 81' lang='lat' dir='ltr'><strong>et</strong></span> 
     </span>
     <span class='ocr_line' id='line_1_66' title="bbox 1882 3256 3011 3319; baseline 0.002 -13"><span class='ocrx_word' id='word_1_471' title='bbox 1882 3257 2154 3308; x_wconf 67' lang='lat' dir='ltr'><strong>obducimus</strong></span> <span class='ocrx_word' id='word_1_472' title='bbox 2189 3256 2567 3319; x_wconf 83' lang='lat' dir='ltr'><strong>praescribendo</strong></span> <span class='ocrx_word' id='word_1_473' title='bbox 2615 3256 2805 3308; x_wconf 82' lang='lat' dir='ltr'><strong>nullum</strong></span> <span class='ocrx_word' id='word_1_474' title='bbox 2859 3256 3011 3308; x_wconf 83' lang='lat' dir='ltr'><strong>alium</strong></span> 
     </span>
     <span class='ocr_line' id='line_1_67' title="bbox 1883 3322 3010 3387; baseline 0.003 -14"><span class='ocrx_word' id='word_1_475' title='bbox 1883 3322 2175 3373; x_wconf 88' lang='lat' dir='ltr'><strong>credendum</strong></span> <span class='ocrx_word' id='word_1_476' title='bbox 2197 3323 2341 3372; x_wconf 89' lang='lat' dir='ltr'><strong>deum</strong></span> <span class='ocrx_word' id='word_1_477' title='bbox 2360 3331 2553 3387; x_wconf 85' lang='lat' dir='ltr'><strong>praeter</strong></span> <span class='ocrx_word' id='word_1_478' title='bbox 2570 3323 2879 3375; x_wconf 79' lang='lat' dir='ltr'><strong>creatorem“</strong></span> <span class='ocrx_word' id='word_1_479' title='bbox 2896 3332 3010 3376; x_wconf 83' lang='lat' dir='ltr'><strong>cett.</strong></span> 
     </span>
     <span class='ocr_line' id='line_1_68' title="bbox 1882 3389 3011 3454; baseline 0.002 -14"><span class='ocrx_word' id='word_1_480' title='bbox 1882 3399 1931 3440; x_wconf 90' lang='lat' dir='ltr'><strong>et</strong></span> <span class='ocrx_word' id='word_1_481' title='bbox 1981 3389 2126 3453; x_wconf 89' lang='lat' dir='ltr'><strong>paulo</strong></span> <span class='ocrx_word' id='word_1_482' title='bbox 2189 3397 2360 3454; x_wconf 86' lang='lat' dir='ltr'><strong>postea</strong></span> <span class='ocrx_word' id='word_1_483' title='bbox 2412 3392 2661 3451; x_wconf 72' lang='lat' dir='ltr'><strong>„Obducti</strong></span> <span class='ocrx_word' id='word_1_484' title='bbox 2720 3391 2901 3442; x_wconf 86' lang='lat' dir='ltr'><strong>dehinc</strong></span> <span class='ocrx_word' id='word_1_485' title='bbox 2949 3392 3011 3442; x_wconf 88' lang='lat' dir='ltr'><strong>de</strong></span> 
     </span>
     <span class='ocr_line' id='line_1_69' title="bbox 1880 3457 3010 3510; baseline 0.003 -3"><span class='ocrx_word' id='word_1_486' title='bbox 1880 3457 1976 3508; x_wconf 87' lang='lat' dir='ltr'><strong>deo</strong></span> <span class='ocrx_word' id='word_1_487' title='bbox 2012 3458 2172 3507; x_wconf 90' lang='lat' dir='ltr'><strong>carnis</strong></span> <span class='ocrx_word' id='word_1_488' title='bbox 2209 3466 2406 3508; x_wconf 86' lang='lat' dir='ltr'><strong>auctore</strong></span> <span class='ocrx_word' id='word_1_489' title='bbox 2443 3467 2490 3508; x_wconf 94' lang='lat' dir='ltr'><strong>et</strong></span> <span class='ocrx_word' id='word_1_490' title='bbox 2523 3459 2586 3508; x_wconf 90' lang='lat' dir='ltr'><strong>de</strong></span> <span class='ocrx_word' id='word_1_491' title='bbox 2616 3459 2809 3510; x_wconf 85' lang='lat' dir='ltr'><strong>Christo</strong></span> <span class='ocrx_word' id='word_1_492' title='bbox 2847 3459 3010 3510; x_wconf 79' lang='lat' dir='ltr'><strong>carnis</strong></span> 
     </span>
     <span class='ocr_line' id='line_1_70' title="bbox 1882 3519 3008 3588; baseline 0.004 -15"><span class='ocrx_word' id='word_1_493' title='bbox 1882 3519 2189 3588; x_wconf 70' lang='lat' dir='ltr'><strong>redemptore</strong></span> <span class='ocrx_word' id='word_1_494' title='bbox 2214 3525 2309 3574; x_wconf 85' lang='lat' dir='ltr'><strong>iam</strong></span> <span class='ocrx_word' id='word_1_495' title='bbox 2345 3532 2393 3575; x_wconf 91' lang='lat' dir='ltr'><strong>et</strong></span> <span class='ocrx_word' id='word_1_496' title='bbox 2427 3525 2489 3577; x_wconf 87' lang='lat' dir='ltr'><strong>de</strong></span> <span class='ocrx_word' id='word_1_497' title='bbox 2513 3527 2870 3577; x_wconf 85' lang='lat' dir='ltr'><strong>resurrectione</strong></span> <span class='ocrx_word' id='word_1_498' title='bbox 2896 3541 3008 3578; x_wconf 85' lang='lat' dir='ltr'><strong>car-</strong></span> 
     </span>
     <span class='ocr_line' id='line_1_71' title="bbox 1881 3592 3009 3658; baseline 0.003 -17"><span class='ocrx_word' id='word_1_499' title='bbox 1881 3593 1956 3641; x_wconf 91' lang='lat' dir='ltr'><strong>uis</strong></span> <span class='ocrx_word' id='word_1_500' title='bbox 1984 3592 2340 3642; x_wconf 82' lang='lat' dir='ltr'><strong>revincentur.“</strong></span> <span class='ocrx_word' id='word_1_501' title='bbox 2387 3592 2457 3643; x_wconf 83' lang='lat' dir='ltr'><strong>De</strong></span> <span class='ocrx_word' id='word_1_502' title='bbox 2473 3594 2630 3644; x_wconf 88' lang='lat' dir='ltr'><strong>Carne</strong></span> <span class='ocrx_word' id='word_1_503' title='bbox 2666 3593 2778 3644; x_wconf 84' lang='lat' dir='ltr'><strong>Chr.</strong></span> <span class='ocrx_word' id='word_1_504' title='bbox 2805 3607 2916 3658; x_wconf 83' lang='lat' dir='ltr'><strong>cap.</strong></span> <span class='ocrx_word' id='word_1_505' title='bbox 2945 3592 3009 3644; x_wconf 80' lang='lat'><strong>19</strong></span> 
     </span>
     <span class='ocr_line' id='line_1_72' title="bbox 1881 3659 3010 3725; baseline 0.002 -15"><span class='ocrx_word' id='word_1_506' title='bbox 1881 3659 2022 3720; x_wconf 82' lang='lat' dir='ltr'><strong>„Hoc</strong></span> <span class='ocrx_word' id='word_1_507' title='bbox 2057 3659 2255 3723; x_wconf 86' lang='lat' dir='ltr'><strong>quidem</strong></span> <span class='ocrx_word' id='word_1_508' title='bbox 2288 3660 2500 3724; x_wconf 87' lang='lat' dir='ltr'><strong>capitulo</strong></span> <span class='ocrx_word' id='word_1_509' title='bbox 2552 3675 2644 3724; x_wconf 72' lang='lat' dir='ltr'><strong>ego</strong></span> <span class='ocrx_word' id='word_1_510' title='bbox 2678 3661 2843 3725; x_wconf 85' lang='lat' dir='ltr'><strong>potius</strong></span> <span class='ocrx_word' id='word_1_511' title='bbox 2879 3669 3010 3720; x_wconf 86' lang='lat' dir='ltr'><strong>utar,</strong></span> 
     </span>
     <span class='ocr_line' id='line_1_73' title="bbox 1881 3725 3007 3791; baseline 0.002 -16"><span class='ocrx_word' id='word_1_512' title='bbox 1881 3737 2029 3791; x_wconf 87' lang='lat' dir='ltr'><strong>quum</strong></span> <span class='ocrx_word' id='word_1_513' title='bbox 2053 3725 2405 3776; x_wconf 83' lang='lat' dir='ltr'><strong>adulteratores</strong></span> <span class='ocrx_word' id='word_1_514' title='bbox 2428 3728 2532 3779; x_wconf 89' lang='lat' dir='ltr'><strong>eius</strong></span> <span class='ocrx_word' id='word_1_515' title='bbox 2562 3726 2860 3779; x_wconf 64' lang='lat' dir='ltr'><strong>obduxero.“</strong></span> <span class='ocrx_word' id='word_1_516' title='bbox 2893 3728 3007 3779; x_wconf 71' lang='grc' dir='ltr'><strong>Δάν.</strong></span> 
     </span>
     <span class='ocr_line' id='line_1_74' title="bbox 1880 3792 3009 3859; baseline 0.002 -15"><span class='ocrx_word' id='word_1_517' title='bbox 1880 3794 2104 3855; x_wconf 76' lang='lat' dir='ltr'><strong>Hermog.</strong></span> <span class='ocrx_word' id='word_1_518' title='bbox 2143 3808 2248 3857; x_wconf 88' lang='lat' dir='ltr'><strong>cap.</strong></span> <span class='ocrx_word' id='word_1_519' title='bbox 2284 3792 2351 3843; x_wconf 82' lang='lat'><strong>38</strong></span> <span class='ocrx_word' id='word_1_520' title='bbox 2386 3795 2483 3855; x_wconf 84' lang='lat' dir='ltr'><strong>„Et</strong></span> <span class='ocrx_word' id='word_1_521' title='bbox 2515 3796 2761 3846; x_wconf 68' lang='lat' dir='ltr'><strong>obduceris</strong></span> <span class='ocrx_word' id='word_1_522' title='bbox 2796 3809 3009 3859; x_wconf 85' lang='lat' dir='ltr'><strong>corpore</strong></span> 
     </span>
     <span class='ocr_line' id='line_1_75' title="bbox 1876 3860 3009 3925; baseline 0.004 -16"><span class='ocrx_word' id='word_1_523' title='bbox 1876 3874 1984 3910; x_wconf 89' lang='lat' dir='ltr'><strong>eam</strong></span> <span class='ocrx_word' id='word_1_524' title='bbox 2030 3860 2263 3911; x_wconf 78' lang='lat' dir='ltr'><strong>infinitam</strong></span> <span class='ocrx_word' id='word_1_525' title='bbox 2317 3861 2530 3925; x_wconf 77' lang='lat' dir='ltr'><strong>faciens,</strong></span> <span class='ocrx_word' id='word_1_526' title='bbox 2587 3876 2697 3912; x_wconf 89' lang='lat' dir='ltr'><strong>cum</strong></span> <span class='ocrx_word' id='word_1_527' title='bbox 2743 3863 2913 3913; x_wconf 85' lang='lat' dir='ltr'><strong>locum</strong></span> <span class='ocrx_word' id='word_1_528' title='bbox 2965 3864 3009 3913; x_wconf 91' lang='lat' dir='ltr'><strong>ei</strong></span> 
     </span>
     <span class='ocr_line' id='line_1_76' title="bbox 1878 3928 3006 3982; baseline 0.003 -5"><span class='ocrx_word' id='word_1_529' title='bbox 1878 3928 2160 3978; x_wconf 84' lang='lat' dir='ltr'><strong>adscribens</strong></span> <span class='ocrx_word' id='word_1_530' title='bbox 2197 3928 2322 3978; x_wconf 84' lang='lat' dir='ltr'><strong>intra</strong></span> <span class='ocrx_word' id='word_1_531' title='bbox 2347 3928 2509 3982; x_wconf 89' lang='lat' dir='ltr'><strong>locum</strong></span> <span class='ocrx_word' id='word_1_532' title='bbox 2537 3938 2585 3981; x_wconf 90' lang='lat' dir='ltr'><strong>et</strong></span> <span class='ocrx_word' id='word_1_533' title='bbox 2619 3937 2883 3980; x_wconf 82' lang='lat' dir='ltr'><strong>extremam</strong></span> <span class='ocrx_word' id='word_1_534' title='bbox 2908 3929 3006 3980; x_wconf 87' lang='lat' dir='ltr'><strong>loci</strong></span> 
     </span>
     <span class='ocr_line' id='line_1_77' title="bbox 1878 3994 2355 4046; baseline 0.004 -2"><span class='ocrx_word' id='word_1_535' title='bbox 1878 3994 2055 4045; x_wconf 82' lang='lat' dir='ltr'><strong>lineam</strong></span> <span class='ocrx_word' id='word_1_536' title='bbox 2094 3995 2355 4046; x_wconf 88' lang='lat' dir='ltr'><strong>includis.“</strong></span> 
     </span>
    </p>

    <p class='ocr_par' dir='ltr' id='par_1_17' title="bbox 1870 4059 3007 4663">
     <span class='ocr_line' id='line_1_78' title="bbox 1947 4059 3007 4130; baseline 0.001 -19"><span class='ocrx_word' id='word_1_537' title='bbox 1947 4077 1990 4111; x_wconf 88' lang='lat' dir='ltr'><strong>e.</strong></span> <span class='ocrx_word' id='word_1_538' title='bbox 2017 4062 2102 4112; x_wconf 89' lang='lat' dir='ltr'><strong>sed</strong></span> <span class='ocrx_word' id='word_1_539' title='bbox 2123 4064 2274 4125; x_wconf 78' lang='lat' dir='ltr'><strong>magis</strong></span> <span class='ocrx_word' id='word_1_540' title='bbox 2294 4063 2633 4128; x_wconf 88' lang='lat' dir='ltr'><strong>philosophiae</strong></span> <span class='ocrx_word' id='word_1_541' title='bbox 2650 4059 2849 4130; x_wconf 54' lang='lat' dir='ltr'><strong>genum]</strong></span> <span class='ocrx_word' id='word_1_542' title='bbox 2875 4063 3007 4114; x_wconf 73' lang='lat' dir='ltr'><strong>llaec</strong></span> 
     </span>
     <span class='ocr_line' id='line_1_79' title="bbox 1879 4130 3007 4196; baseline 0.002 -18"><span class='ocrx_word' id='word_1_543' title='bbox 1879 4135 1954 4178; x_wconf 90' lang='lat' dir='ltr'><strong>est</strong></span> <span class='ocrx_word' id='word_1_544' title='bbox 1986 4143 2103 4193; x_wconf 83' lang='lat' dir='ltr'><strong>pars</strong></span> <span class='ocrx_word' id='word_1_545' title='bbox 2139 4130 2336 4191; x_wconf 86' lang='lat' dir='ltr'><strong>ultima,</strong></span> <span class='ocrx_word' id='word_1_546' title='bbox 2385 4130 2466 4181; x_wconf 89' lang='lat' dir='ltr'><strong>ubi</strong></span> <span class='ocrx_word' id='word_1_547' title='bbox 2503 4144 2673 4181; x_wconf 87' lang='lat' dir='ltr'><strong>eorum</strong></span> <span class='ocrx_word' id='word_1_548' title='bbox 2720 4132 3007 4196; x_wconf 89' lang='lat' dir='ltr'><strong>opinionem</strong></span> 
     </span>
     <span class='ocr_line' id='line_1_80' title="bbox 1876 4196 3007 4260; baseline 0.003 -16"><span class='ocrx_word' id='word_1_549' title='bbox 1876 4196 2095 4258; x_wconf 71' lang='lat' dir='ltr'><strong>exagitat,</strong></span> <span class='ocrx_word' id='word_1_550' title='bbox 2132 4198 2213 4260; x_wconf 84' lang='lat' dir='ltr'><strong>qui</strong></span> <span class='ocrx_word' id='word_1_551' title='bbox 2248 4197 2309 4248; x_wconf 89' lang='lat' dir='ltr'><strong>de</strong></span> <span class='ocrx_word' id='word_1_552' title='bbox 2344 4198 2731 4250; x_wconf 82' lang='lat' dir='ltr'><strong>Christianorum</strong></span> <span class='ocrx_word' id='word_1_553' title='bbox 2766 4205 2901 4250; x_wconf 82' lang='lat' dir='ltr'><strong>secta</strong></span> <span class='ocrx_word' id='word_1_554' title='bbox 2938 4197 3007 4248; x_wconf 87' lang='lat' dir='ltr'><strong>ita</strong></span> 
     </span>
     <span class='ocr_line' id='line_1_81' title="bbox 1875 4263 3003 4329; baseline 0.004 -18"><span class='ocrx_word' id='word_1_555' title='bbox 1875 4263 2228 4326; x_wconf 79' lang='lat' dir='ltr'><strong>existimabant,</strong></span> <span class='ocrx_word' id='word_1_556' title='bbox 2281 4278 2389 4315; x_wconf 84' lang='lat' dir='ltr'><strong>eam</strong></span> <span class='ocrx_word' id='word_1_557' title='bbox 2436 4274 2569 4316; x_wconf 84' lang='lat' dir='ltr'><strong>certe</strong></span> <span class='ocrx_word' id='word_1_558' title='bbox 2612 4279 2713 4316; x_wconf 80' lang='lat' dir='ltr'><strong>nou</strong></span> <span class='ocrx_word' id='word_1_559' title='bbox 2764 4279 2874 4316; x_wconf 82' lang='lat' dir='ltr'><strong>esse</strong></span> <span class='ocrx_word' id='word_1_560' title='bbox 2910 4279 3003 4329; x_wconf 89' lang='lat' dir='ltr'><strong>pro</strong></span> 
     </span>
     <span class='ocr_line' id='line_1_82' title="bbox 1873 4327 3005 4396; baseline 0.002 -16"><span class='ocrx_word' id='word_1_561' title='bbox 1873 4327 2032 4380; x_wconf 91' lang='lat' dir='ltr'><strong>divino</strong></span> <span class='ocrx_word' id='word_1_562' title='bbox 2086 4329 2250 4396; x_wconf 85' lang='lat' dir='ltr'><strong>aliquo</strong></span> <span class='ocrx_word' id='word_1_563' title='bbox 2307 4334 2503 4394; x_wconf 77' lang='lat' dir='ltr'><strong>negotio</strong></span> <span class='ocrx_word' id='word_1_564' title='bbox 2553 4332 2856 4393; x_wconf 81' lang='lat' dir='ltr'><strong>habendam,</strong></span> <span class='ocrx_word' id='word_1_565' title='bbox 2913 4331 3005 4382; x_wconf 85' lang='lat' dir='ltr'><strong>sed</strong></span> 
     </span>
     <span class='ocr_line' id='line_1_83' title="bbox 1871 4397 3002 4464; baseline 0.002 -19"><span class='ocrx_word' id='word_1_566' title='bbox 1871 4397 1999 4446; x_wconf 89' lang='lat' dir='ltr'><strong>inter</strong></span> <span class='ocrx_word' id='word_1_567' title='bbox 2033 4397 2218 4448; x_wconf 85' lang='lat' dir='ltr'><strong>diversa</strong></span> <span class='ocrx_word' id='word_1_568' title='bbox 2252 4399 2596 4464; x_wconf 82' lang='lat' dir='ltr'><strong>philosophiae</strong></span> <span class='ocrx_word' id='word_1_569' title='bbox 2629 4414 2808 4463; x_wconf 70' lang='lat' dir='ltr'><strong>genera</strong></span> <span class='ocrx_word' id='word_1_570' title='bbox 2843 4399 3002 4463; x_wconf 87' lang='lat' dir='ltr'><strong>depu-</strong></span> 
     </span>
     <span class='ocr_line' id='line_1_84' title="bbox 1872 4463 3000 4531; baseline 0.001 -18"><span class='ocrx_word' id='word_1_571' title='bbox 1872 4463 2084 4524; x_wconf 84' lang='lat' dir='ltr'><strong>tandam,</strong></span> <span class='ocrx_word' id='word_1_572' title='bbox 2139 4479 2247 4515; x_wconf 90' lang='lat' dir='ltr'><strong>cum</strong></span> <span class='ocrx_word' id='word_1_573' title='bbox 2295 4467 2463 4518; x_wconf 87' lang='lat' dir='ltr'><strong>eadem</strong></span> <span class='ocrx_word' id='word_1_574' title='bbox 2513 4481 2670 4531; x_wconf 80' lang='lat' dir='ltr'><strong>paene</strong></span> <span class='ocrx_word' id='word_1_575' title='bbox 2714 4465 3000 4531; x_wconf 82' lang='lat' dir='ltr'><strong>philosophi</strong></span> 
     </span>
     <span class='ocr_line' id='line_1_85' title="bbox 1870 4530 2998 4591; baseline 0.002 -11"><span class='ocrx_word' id='word_1_576' title='bbox 1870 4530 2094 4584; x_wconf 81' lang='lat' dir='ltr'><strong>doceant.</strong></span> <span class='ocrx_word' id='word_1_577' title='bbox 2151 4532 2281 4584; x_wconf 83' lang='lat' dir='ltr'><strong>Haec</strong></span> <span class='ocrx_word' id='word_1_578' title='bbox 2307 4542 2410 4585; x_wconf 86' lang='lat' dir='ltr'><strong>erat</strong></span> <span class='ocrx_word' id='word_1_579' title='bbox 2435 4535 2579 4586; x_wconf 89' lang='lat' dir='ltr'><strong>etiam</strong></span> <span class='ocrx_word' id='word_1_580' title='bbox 2608 4533 2739 4586; x_wconf 83' lang='lat' dir='ltr'><strong>Celsi</strong></span> <span class='ocrx_word' id='word_1_581' title='bbox 2767 4532 2998 4591; x_wconf 78' lang='lat' dir='ltr'><strong>obiectio,</strong></span> 
     </span>
     <span class='ocr_line' id='line_1_86' title="bbox 1870 4597 2998 4663; baseline 0.003 -16"><span class='ocrx_word' id='word_1_582' title='bbox 1870 4597 1931 4647; x_wconf 88' lang='lat' dir='ltr'><strong>de</strong></span> <span class='ocrx_word' id='word_1_583' title='bbox 1977 4613 2075 4662; x_wconf 92' lang='lat' dir='ltr'><strong>qua</strong></span> <span class='ocrx_word' id='word_1_584' title='bbox 2109 4597 2345 4663; x_wconf 71' lang='lat' dir='ltr'><strong>Origenes</strong></span> <span class='ocrx_word' id='word_1_585' title='bbox 2380 4601 2466 4655; x_wconf 88' lang='lat' dir='ltr'><strong>lib.</strong></span> <span class='ocrx_word' id='word_1_586' title='bbox 2502 4601 2540 4651; x_wconf 93' lang='lat'><strong>1.</strong></span> <span class='ocrx_word' id='word_1_587' title='bbox 2587 4602 2816 4654; x_wconf 74' lang='lat' dir='ltr'><strong>adversus</strong></span> <span class='ocrx_word' id='word_1_588' title='bbox 2861 4598 2998 4651; x_wconf 85' lang='lat' dir='ltr'><strong>illius</strong></span> 
     </span>
    </p>
   </div>
  </div>
 </body>
</html>
