3263 5311
660 427 786 491 342
1169 441 1371 492 QUINTI
1418 440 1680 485 saprum
1723 439 2054 490 nolumus
2101 438 2495 484 TERTULLIAM

655 587 856 655 Prima
901 590 1222 653 obstinatio
1281 599 1376 652 est
1435 607 1585 670 quae
1630 590 1890 653 secunda
1931 591 1999 651 ¹a
2039 590 2139 652 dei
2183 589 2390 669 religio
2436 545 2806 651 constituitur
2843 590 2978 653 Cae-

662 695 931 757 sarianae
984 691 1337 765 maiestatis,
1405 691 1564 770 quod
1618 691 1946 772 inreligiosi
2002 691 2264 753 dicamur
2317 691 2379 752 in
2437 690 2744 764 Caesares,
2806 709 2981 770 neque

660 794 951 874 imagines
997 809 1205 853 eorum
1244 791 1770 872 ¹'repropitiandol’
1825 809 2016 872 neque
2072 792 2281 871 genios
2324 790 2700 854 'deierandm
2780 791 2984 852 Hostes

548 926 563 936 ·
663 894 866 977 populi
912 909 1338 972 nuncupamur.
1411 894 1497 955 lta
1537 912 1683 954 vero
1730 892 1836 966 sit,
1883 912 2018 954 cum
2061 911 2130 955 ex
2175 892 2344 953 vohis
2374 890 2712 955 nationibus
2742 890 2984 970 quotidie

666 996 949 1056 Caesares
995 1001 1055 1054 et
1097 986 1352 1054 Parthici
1398 1001 1458 1054 et
1498 993 1707 1055 Medici
1755 1000 1814 1055 et
1856 993 2188 1055 Germanici
2233 994 2427 1056 fiant⁶.
2536 993 2664 1054 Hoc
2702 991 2829 1052 loco
2870 991 2985 1052 Ro-

663 1113 837 1157 mana
881 1111 1025 1173 gens
1068 1093 1281 1156 viderit
1310 1094 1384 1155 in
1429 1092 1687 1173 quibus¹
1727 1093 2052 1156 indomitae
2094 1103 2155 1155 et
2184 1102 2494 1156 extraneae
2523 1092 2812 1155 nationes.
2879 1091 2986 1152 Vos

664 1204 864 1257 tamen
910 1195 984 1256 de
1030 1194 1259 1255 nostris
1304 1194 1588 1257 adversus
1634 1203 1877 1256 nostros
1921 1195 2279 1275 conspiratis
2293 1208 2336 1256 ·.
2435 1195 2820 1274 Agnoscimus
2861 1209 2991 1254 sanc

1812 1295 1980 1359 Nulla
2037 1296 2348 1376 ⁴umquam
2405 1295 2733 1358 coniuratio
2795 1292 2988 1372 erupit,

663 1397 861 1458 nullus
906 1396 966 1456 in
1010 1403 1219 1457 senatu
1261 1396 1354 1459 vel
1397 1395 1460 1457 in
1501 1396 1733 1476 palatiis
1798 1393 1946 1475 ipsis
1989 1397 2263 1476 ⁸sanguis
2310 1396 2580 1458 Caesaris
2623 1403 2822 1456 notam
2862 1393 2991 1466 fixit,

663 1497 823 1559 nulla
867 1497 928 1558 in
969 1477 1291 1575 provinciis
1336 1499 1604 1559 affectata
1648 1497 1949 1558 maiestas,
2015 1497 2219 1559 Adhuc
2249 1498 2453 1577 Syriae
2481 1497 2825 1559 cadaverum
2853 1493 2990 1554 odo·

665 1593 831 1659 ribu's
876 1597 1133 1676 spirant,
1180 1597 1371 1660 adhuc
1414 1597 1633 1660 Galliae
1676 1597 1966 1659 Rhodano
2012 1616 2125 1659 suo
2169 1616 2290 1660 non
2333 1598 2547 1661 lavant.
2643 1593 2760 1659 Sed
2803 1594 2992 1656 omitto

664 1698 941 1760 vesaniae
987 1697 1260 1771 crimina,
1307 1699 1441 1778 quia
1485 1716 1598 1759 nec
1640 1698 1754 1760 ista
1783 1698 2117 1761 Romanum
2161 1717 2381 1760 nomen
2423 1698 2759 1760 admittunt.
2830 1693 2993 1756 Vani-

666 1799 804 1860 tatis
850 1798 1194 1876 ⁶sacrilegia
1238 1797 1639 1872 conventiamf,
1707 1806 1767 1861 et
1809 1798 1997 1879 ipsius
2041 1799 2386 1862 vernaculae
2430 1799 2627 1878 gentis
2671 1798 2994 1859 inreveren-

666 1899 808 1959 tiam
836 1899 1328 1976 ⁷recognoscam,
1375 1909 1433 1962 et
1475 1900 1724 1962 festivos
1769 1898 2001 1962 libellos
2046 1917 2199 1979 quos
2245 1907 2475 1962 statuae
2520 1899 2772 1972 sciunt⁸,
2817 1905 2875 1958 ct
2911 1894 2998 1956 illa

620 2040 629 2050 ·
668 1998 905 2078 obliqua
949 1998 1406 2080 ‘nonnunquam
1451 2002 1604 2064 dicta
1648 2020 1681 2062 a
1725 2000 2019 2064 concilio¹¹
2074 2009 2252 2097 atque
2303 2000 2613 2064 maledicta
2670 2017 2820 2079 quae
2873 1994 2994 2058 circi

662 1296 990 1358 Romanam
1046 1294 1108 1355 in
1153 1295 1438 1371 Caesares
1506 1296 1705 1357 fidem.

804 2152 918 2216 Cap.
956 2151 1089 2202 xvtt.
1162 2153 1207 2200 1.
1246 2167 1271 2201 a
1309 2152 1386 2201 dei
1423 2169 1518 2216 eqo.
1591 2153 1652 2202 ab
1689 2153 1759 2203 eis
1793 2155 1905 2204 Aah.
1976 2167 2003 2202 a
2040 2153 2144 2203 deis
2182 2154 2332 2216 δέρει).
2365 2153 2706 2217 Hevercumpus
2731 2117 2999 2202 ,ed-Tertul-

665 2219 783 2269 liani
804 2220 991 2283 Apoloq.
1016 2234 1114 2283 cup.
1135 2217 1214 2268 35.
1248 2235 1294 2283 p.
1312 2218 1428 2269 295.
1515 2219 1562 2269 2.
1598 2221 1964 2285 repropitiando
1997 2221 2111 2276 Aah.
2181 2228 2288 2270 ture
2321 2220 2636 2299 propitiando
2672 2217 2999 2282 siqeastaver-

664 2287 1040 2402 mat...-
1073 2285 1522 2418 aurens·
1551 2372 1600 2418 ..
1622 2288 2077 2418 araz-2²4¹...
2113 2288 2224 2405 ..⁵22
2240 2286 3001 2416 ..mm

667 2419 893 2483 (Aqolay.
974 2420 1225 2481 sacrilegia
1257 2422 1498 2471 ...veniam
1532 2422 1672 2481 Αβα.
1786 2422 1834 2472 7.
1870 2435 2216 2485 recognoscam
2255 2430 2302 2473 et
2348 2424 2428 2485 by.
2513 2433 2897 2484 recognoscam..
2928 2417 3000 2467 Aa·

668 2485 715 2537 8.
751 2499 1097 2551 nonnunquam
1132 2487 1258 2538 dicta
1294 2491 1375 2552 ὸγ.
1444 2503 1792 2554 nonuunquam
1826 2498 1913 2540 ..ta
1949 2494 2025 2540 Aa.
2833 2517 2840 2526 ·

665 2620 873 2682 zuruck,
929 2621 979 2670 h.
1029 2637 1071 2671 e.
1120 2622 1262 2673 etiam
1313 2623 1433 2673 istae
1489 2632 1699 2688 possunt
1746 2625 1795 2675 in
1897 2623 1990 2674 ctio
2015 2622 2280 2686 gentilium.
2318 2622 2446 2674 Esus
2483 2623 2684 2689 quidem
2707 2636 2809 2682 vos,
2844 2629 3001 2669 conce·

669 2689 1081 2752 comparationem
1118 2691 1305 2747 vocari,
1343 2704 1432 2740 nec
1467 2693 1655 2742 minore
1690 2694 1796 2742 iure

667 2771 811 2821 quam
862 2771 985 2821 quae
1030 2770 1178 2820 supra
1216 2756 1488 2813 attulimus.
1538 2759 1612 2808 Cf.
1650 2761 1793 2809 etiam

668 2839 775 2886 cap.
795 2824 818 2873 l
859 2824 1057 2884 „deficit
1081 2825 1359 2888 adaequatio
1379 2826 1797 2889 comparationis.“

664 2892 736 2941 De
771 2891 1251 2955 praesumptionibus
1287 2898 1333 2941 et
1369 2893 1793 2954 obstinationibus,

667 2973 788 3023 quas
824 2959 1073 3018 vocabant,
1109 2958 1493 3010 Christianorum
1530 2975 1570 3009 v.
1592 2962 1791 3013 Herald.

666 3025 725 3075 ad
763 3025 964 3089 apolog.
1003 3040 1107 3090 cap.
1142 3025 1227 3075 49.

733 3092 780 3140 b.
810 3090 1198 3157 repropitiando]
1234 3093 1488 3157 Propitiare
1512 3095 1658 3145 verbo
1677 3110 1788 3144 sae-

668 3160 778 3224 pius
805 3162 954 3209 utitur
968 3160 1314 3220 Tertullianus,
1338 3164 1644 3225 repropitiare
1671 3175 1789 3211 nus-

667 3241 810 3290 quam
859 3227 952 3276 nisi
999 3227 1093 3276 hoc
1144 3226 1254 3276 loco
1303 3229 1557 3290 reperitur.
1631 3229 1791 3288 Quare

667 3307 764 3342 non
814 3295 974 3357 inepta
1030 3301 1103 3342 est
1148 3293 1455 3357 Havercampi
1518 3296 1789 3345 emendatio

667 3368 769 3473 tur'e
798 3358 1114 3423 propitiando.
1187 3359 1384 3410 iuterim
1430 3361 1548 3411 nihil
1603 3371 1791 3412 mutare

665 3440 724 3475 νο
750 3439 813 3473 m.

597 3530 610 3542 .
738 3507 779 3540 c.
832 3490 1039 3541 Parthici
1092 3498 1139 3541 et
1191 3491 1358 3544 Medici
1412 3501 1458 3542 et
1518 3495 1789 3546 Germanici

665 3552 824 3623 flant]
895 3556 1147 3618 Rebelles,
1202 3559 1285 3617 ait,
1321 3560 1540 3611 nationes
1577 3564 1789 3625 impera-

667 3625 854 3675 toribus
906 3624 1072 3673 titulos
1124 3632 1173 3673 et
1231 3628 1516 3687 cognomina
1580 3630 1789 3679 victricia

667 3691 1057 3751 subministrare,
1080 3691 1268 3741 nullum
1294 3693 1389 3742 tale
1418 3703 1788 3756 cognomentum

669 3773 725 3809 ex
761 3759 1144 3810 Christianorum
1193 3758 1461 3811 rebellione
1498 3775 1788 3827 quemquam

665 3828 941 3891 principum
979 3827 1071 3876 sibi
1110 3841 1317 3891 unquam
1354 3829 1622 3892 peperisse.
1696 3831 1789 3882 Ce-

663 3902 820 3944 terum
860 3894 1162 3954 Parthorum,
1201 3895 1481 3957 Medorum,
1520 3898 1788 3947 Germano-

662 3974 772 4010 rum
832 3961 1025 4010 nomina
1075 3962 1152 4011 bic
1198 3962 1307 4012 ideo
1360 3964 1625 4028 expressit,
1677 3966 1788 4029 quia

665 4041 777 4077 cum
829 4027 905 4076 his
958 4028 1233 4079 nationibus
1296 4030 1509 4094 qnotidie
1558 4032 1788 4082 Romanis

665 4093 969 4157 principibus
1000 4094 1094 4143 boc
1129 4096 1326 4146 saeculo
1362 4112 1445 4147 res
1474 4106 1609 4161 erat;
1646 4107 1788 4164 atque

663 4160 780 4210 iude
807 4161 1090 4221 cognomina
1115 4161 1197 4211 illa
1222 4165 1541 4229 principibus,
1578 4164 1672 4230 ipsi
1699 4166 1789 4216 Se·

664 4241 777 4276 vero
831 4227 1111 4277 nominatim
1160 4229 1366 4281 Parthici
1416 4246 1592 4281 nomen
1640 4237 1693 4282 Α.
1731 4233 1787 4283 D.

667 4292 801 4354 198„
841 4301 893 4343 ut
916 4294 1242 4356 exSpartiano
1263 4297 1428 4363 liquet.
1459 4299 1553 4348 Sed
1591 4300 1784 4350 etidem

665 4360 807 4410 docet
855 4360 1152 4411 Caracallam
1190 4364 1509 4427 Germanici,
1577 4367 1786 4417 Parthici

663 4428 859 4478 nomina
871 4427 1023 4478 titulis
1034 4430 1137 4478 auis
1162 4430 1498 4494 adscripsisse.
1523 4432 1787 4493 (Gothofr.)

730 4495 776 4545 d.
815 4496 863 4543 in
899 4491 1097 4560 quibus]
1169 4498 1336 4547 Utrum
1384 4499 1432 4548 in
1480 4500 1785 4563 Christiania,

666 4575 726 4610 an
762 4562 889 4611 inter
922 4562 1143 4624 gentiles.

734 4641 777 4676 e.
791 4628 1018 4679 adversus
1043 4636 1240 4680 nostros
1259 4629 1592 4699 conspiratis]
1636 4634 1783 4686 Obie·

1894 2691 2082 2770 dimnrz,
2131 2706 2228 2741 non
2265 2692 2474 2770 extranei
2525 2692 2690 2770 uobis,
2721 2690 2841 2769 sed,
2888 2683 3003 2751 quod

1894 2772 2324 2876 {ganamt
2332 2759 2656 2890 13242‘2222:
2679 2763 3004 2875 33:223&

1893 2901 2107 3009 spgndg·
2128 2954 2337 3025 reniam]
2399 2958 2470 3007 De
2505 2959 2604 3009 hoc
2638 2959 2783 3010 verbo
2819 2954 3005 3006 adnota-
3045 3006 3050 3013 .

1893 3034 1994 3076 tum
2031 2975 2200 3142 e*d
2236 3026 2436 3090 Apolog.
2477 3042 2586 3091 cap.
2619 3027 2699 3077 10.
2894 3090 2904 3099 ·

1961 3108 2002 3155 g.
2044 3096 2115 3143 t'es
2140 3108 2238 3143 tvos
2266 3092 2459 3142 libellos
2480 3108 2609 3158 quos
2634 3101 2821 3144 statuae
2839 3079 3006 3162 sciunt]

1893 3161 2074 3211 Statuis
2111 3162 2264 3211 festivi
2301 3160 2368 3218 (h.
2396 3175 2439 3209 e.
2473 3162 2674 3220 famosi)
2699 3158 2847 3210 libelli
2874 3155 3004 3210 affixi,

1894 3229 2171 3293 proscripti.
2208 3226 2338 3277 Talis
2376 3226 2459 3276 ille
2496 3228 2672 3278 titulus
2708 3233 2891 3277 statuae
2920 3220 3008 3271 Ne·

1868 3296 2155 3345 ,ronianaet
2191 3295 2328 3356 „Ego
2355 3294 2468 3359 qnid
2509 3296 2670 3358 potui,
2706 3294 2794 3343 sed
2830 3300 2878 3341 tu
2912 3287 3006 3339 cul-

1893 3362 2022 3412 leum
2073 3362 2384 3421 meruisti.“‚
2435 3369 2489 3410 ut
2537 3370 2588 3412 et
2635 3360 2885 3423 inscriptio
2934 3353 3008 3404 illa

1893 3430 2103 3481 Graeca:
2169 3442 2342 3489 „nunc
2396 3429 2597 3479 demum
2653 3443 2807 3493 agona
2859 3418 3009 3481 esse‚“

1893 3504 1968 3546 et:
2020 3497 2269 3556 „traheret
2302 3495 2533 3545 tandem“
2574 3497 2705 3561 apud
2743 3492 3009 3546 Suetonium

1883 3562 2085 3613 ‘Nerone
2121 3578 2227 3627 cap.
2263 3562 2375 3623 45„
2424 3563 2507 3613 ubi
2545 3563 2772 3614 trahendi
2827 3559 3010 3633 verbum

1893 3630 2063 3679 eodem
2100 3631 2339 3693 pertinet,
2387 3642 2484 3693 quo
2522 3634 2773 3691 trahendi,
2831 3628 3012 3678 tractim

1892 3704 1940 3746 et
1978 3698 2179 3747 fiber-ini
2211 3707 2324 3762 post
2361 3697 2667 3759 Heliogabali
2706 3689 3010 3768 mortemndo

1892 3779 1989 3828 quo
2026 3781 2065 3813 v.
2116 3764 2460 3828 Lampridium.
2537 3765 2798 3815 Columnis
2844 3765 3014 3827 pariter

1890 3845 2016 3895 quae
2030 3832 2201 3881 statuis
2217 3833 2462 3895 proximae
2479 3841 2526 3881 et
2544 3829 3013 3903 coniunctae,huins·

1895 3897 2024 3947 modi
2061 3900 2213 3948 festivi
2252 3899 2408 3957 asssxi,
2457 3900 2619 3963 qualis
2669 3899 2780 3949 ille:
2834 3896 3011 3957 „Etiam

1892 3964 2134 4034 Neronem
2149 3965 2384 4016 cantando
2399 3966 2572 4016 Gallos
2592 3964 2865 4017 excitasse‘·
2896 3957 3013 4025 apud

1890 4031 2172 4082 Suetonium
2221 4034 2415 4083 Nerone
2470 4048 2581 4097 cap.
2620 4033 2706 4083 46.
2761 4024 3014 4093 (Gothofr.)

1891 4098 1960 4147 De
1995 4100 2139 4148 verbo
2176 4102 2296 4149 {cire
2318 4114 2422 4162 pro
2446 4115 2591 4150 nossa
2626 4101 2794 4164 posito
2818 4097 2879 4148 cl.
2900 4105 3014 4159 quae

1891 4165 2109 4215 adnotavi
2146 4166 2205 4215 ad
2243 4167 2442 4230 Apolog.
2482 4180 2594 4233 cap.
2633 4168 2683 4216 5.
2969 4227 2979 4237 ³

1957 4234 2003 4282 h.
2042 4228 2275 4300 concilio]
2347 4234 2393 4282 b.
2432 4249 2475 4283 e.
2527 4249 2555 4282 a
2593 4233 2918 4298 popularibus
2967 4239 3012 4275 in

1890 4300 2197 4364 spectaculis.
2226 4300 2492 4351 Concilium
2513 4301 2652 4364 apud
2671 4299 3014 4350 Tertullianum

1890 4381 1981 4430 pro
2017 4368 2257 4425 theatrali,
2294 4382 2450 4431 eoque
2484 4369 2637 4417 etiam
2675 4370 2824 4432 aptat·
2845 4378 2944 4427 cap.
2971 4358 3014 4436 33

1891 4433 1961 4482 De
1995 4436 2216 4497 Spectac.
2252 4434 2373 4485 illud
2411 4450 2437 4484 e
2463 4434 2695 4484 Psalmo:
2734 4432 2900 4493 „Felix
2940 4438 3014 4501 ‘¹3¹¹

1892 4514 1988 4550 non
2023 4501 2141 4551 abiit
2175 4503 2222 4551 iu
2260 4502 2519 4551 concilium
2559 4501 2858 4565 impiorum,
2894 4504 2936 4545 et
2970 4505 3014 4542 ια

1889 4567 1962 4616 via
1998 4577 2305 4631 peccatorum
2343 4584 2441 4619 non
2477 4569 2648 4627 stetit,
2686 4576 2737 4617 et
2771 4569 2818 4617 in
2856 4564 3014 4614 cathe-

1885 4633 1970 4683 dra
2006 4637 2215 4698 pestium
2251 4649 2348 4687 non
2385 4634 2564 4686 sedit.“
2622 4635 2781 4684 lmmo
2819 4639 2866 4682 et
2895 4641 3016 4691 „ee-
