3263 5311
848 451 972 517 810
1352 469 1554 521 Quinti
1598 466 1875 512 sarnun-
1901 467 2234 512 nonanus
2280 465 2665 511 'rennuunt

847 619 1269 682 commercium
1313 616 1542 682 domini
1585 618 1722 681 ‘bet
1766 616 2158 680 ethnicorum.
2218 618 2336 679 Aut
2379 617 2430 678 si
2474 616 2610 696 quis
2651 614 2853 678 dubitat
2883 612 3073 676 ahaim

847 708 1066 782 suisse'
1091 718 1441 800 publicanos
1509 719 1665 799 apud
1720 718 1996 781 Iudaeam
2059 725 2405 799 usurpatam
2466 717 2583 780 iam
2632 716 2839 797 pridem
2882 712 3071 791 Pompeii

591 822 1028 924 xssffl159·manu
1070 828 1247 898 atque
1288 818 1577 893 Luculli¹³‚
1619 819 1778 899 legat
1803 818 2364 883 Deuteronomium:
2419 817 2555 880 Non
2595 817 2704 880 erit
2740 815 2947 894 vectigal
2976 832 3073 892 pen·

844 922 993 984 dens
1024 940 1098 983 ex
1126 920 1263 983 filiis
1292 919 1499 982 Israel.
1571 919 1697 983 Nec
1740 930 1856 983 tam
1901 919 2227 983 execrabile
2270 929 2437 982 esset
2476 936 2692 982 nomen
2732 916 3071 999 publicationis

842 1023 997 1105 apud
1042 1022 1381 1096 dominum,
1425 1021 1545 1083 nisi
1588 1029 1966 1096 extraneum,
2020 1020 2401 1090 vendentium
2445 1020 2632 1101 ipsius
2674 1018 2835 1084 caeli·
2870 1025 2920 1077 et
2951 1023 3072 1075 teme

537 1121 835 1222 „lffl-ffgss·
847 1133 909 1186 et
949 1123 1130 1186 maris
1174 1122 1483 1191 transitus.
1549 1123 1901 1186 Peccatores
1946 1130 2141 1184 autem
2189 1139 2322 1185 cum
2365 1121 2630 1202 adiungit
2661 1117 2973 1201 publicanis,
3002 1130 3070 1175 not

640 1224 790 1274 ¹¹³⁹·
846 1223 1046 1288 statim
1087 1225 1340 1287 Iudaeos
1385 1223 1677 1298 ostendit,
1743 1224 1855 1286 etsi
1913 1223 2092 1305 aliqui
2146 1223 2333 1285 fuisse
2387 1231 2726 1304 potuerunt.
2818 1219 2918 1282 Sed
2962 1231 3068 1278 um·

844 1345 1033 1407 genus
1087 1325 1462 1388 ethnicorum
1515 1324 1667 1387 alios
1725 1344 1797 1386 ex
1857 1324 2053 1387 officio
2094 1330 2470 1403 peccatoreS,
2538 1324 2599 1386 id
2662 1331 2753 1385 est
2808 1317 3070 1400 publicanos.

843 1428 994 1490 alios
1037 1447 1107 1489 ex
1150 1435 1396 1502 natura,
1449 1426 1509 1488 id
1554 1435 1651 1489 est
1692 1444 1815 1487 non
1858 1425 2237 1505 publicanos,
2301 1426 2529 1505 pariter
2578 1422 2844 1506 ponendo
2880 1416 3070 1482 distinxit·

846 1527 1160 1591 Ceterum‘¹
1202 1546 1315 1590 nec
1358 1527 1743 1590 denotaretur
1803 1545 1935 1589 cum
1977 1526 2213 1589 Iudaeis
2268 1526 2714 1590 communicans
2765 1523 2972 1592 victum,
3016 1513 3073 1580 sd

846 1648 980 1693 cum
1024 1629 1308 1703 ethniciS,
1356 1646 1608 1708 quorum
1655 1629 1899 1690 ‘mensa
1940 1626 2175 1689 Iudaica
2218 1627 2527 1708 disciplina
2571 1626 2823 1707 depellit.
2884 1622 3008 1685 Nunc
3032 1616 3072 1676 de

842 1731 965 1793 filio
1008 1731 1261 1811 prodigo
1305 1728 1365 1790 id
1408 1729 1576 1811 prius
1621 1729 2119 1792 considerandum
2177 1736 2274 1790 est
2315 1728 2474 1808 quod
2518 1728 2747 1790 utilius.
2844 1724 2954 1786 Non
2983 1717 3074 1781 enin

842 1832 1185 1897 admittetur
1227 1830 1631 1911 exemplorum
1678 1829 2052 1910 adaequatio,
2096 1830 2235 1892 licet
2274 1829 2372 1891 “in
2401 1830 2570 1911 agina
2603 1822 3070 1908 congruentissima

842 1933 895 1995 si
941 1933 1119 1995 fuerit
1162 1931 1336 1994 saluti
1379 1931 1819 1994 nocentissima.
1887 1931 2102 1993 Totum
2149 1939 2341 1993 autem
2390 1939 2612 1993 statum
2658 1930 2855 1993 salutis
2879 1927 3075 1988 intenae

842 2033 1187 2114 disciplinae
1230 2033 1616 2095 constitutum
1664 2033 1925 2094 subverti
1970 2032 2238 2096 videmus
2282 2051 2350 2094 ea
2393 2030 2871 2112 interpretatione
2906 2040 3011 2106 quae
3035 2034 3071 2078 n

842 2131 1116 2195 diverso‘
1155 2133 1497 2196 adfectatur.
1605 2133 1755 2195 Nam
1800 2134 1853 2195 si
1899 2133 2269 2196 Christianus
2326 2144 2420 2196 est
2474 2133 2572 2213 qui
2635 2139 2911 2212 acceptam
2951 2144 2977 2186 a
3009 2121 3072 2181 Μ

839 2243 1008 2316 patre
1054 2235 1444 2297 substantiam
1475 2234 1680 2315 utique
1708 2234 2109 2316 baptismatis,
2156 2234 2359 2315 utique
2388 2233 2641 2315 spiritus
2672 2230 2851 2296 sancti
2880 2237 2927 2291 et
2947 2218 3070 2288 exinde

844 2335 974 2418 spei
1029 2346 1306 2399 aeternae
1357 2337 1535 2416 longe
1591 2345 1867 2416 evagatus
1925 2355 1956 2398 a
2011 2343 2181 2416 patre
2233 2334 2495 2417 prodigit
2548 2335 2787 2398 ethnice
2835 2319 3071 2393 vivenmi

842 2446 1054 2500 exutus
1099 2437 1278 2499 bonis
1323 2438 1541 2499 mentis
1587 2437 1763 2500 etiam
1806 2437 2061 2518 principi
2102 2435 2323 2499 saeculi
2366 2435 2651 2513 (cui⁷a1ii
2682 2452 2851 2515 quam
2875 2416 3071 2493 diaboloss')

841 2538 1147 2600 servitium
1191 2556 1367 2599 suum
1410 2537 1683 2613 tradidit,
1728 2546 1787 2600 et
1831 2538 1902 2600 ab
1948 2557 2022 2600 eo
2063 2537 2264 2618 porcis
2292 2536 2520 2598 alendis
2560 2535 2905 2605 immundis,
2940 2525 3071 2590 scilioel

841 2639 1151 2720 spiritibus
1203 2637 1512 2714 curandis,
1584 2639 1961 2720 praepositus
2004 2637 2292 2718 ⁸resipuit.
2347 2637 2419 2700 ad
2475 2645 2714 2718 patrem
2767 2630 2973 2703 reverti,
3010 2624 3071 2686 Ν

838 2740 997 2802 ⁹non
1040 2739 1273 2802 moechi
1316 2748 1375 2802 et
1415 2740 1753 2815 fornicarii,
1799 2741 1904 2803 sed
1949 2740 2300 2803 idololatrae
2329 2747 2391 2801 et
2414 2738 2755 2819 blasphemi
2784 2748 2841 2800 et
2862 2738 3070 2811 negatore-⁶

840 2850 900 2903 et
954 2859 1132 2903 omne
1186 2849 1588 2920 apostatarum
1645 2859 1833 2921 genus
1891 2841 2054 2903 ¹⁰hac
2105 2840 2386 2921 parabola
2451 2842 2611 2920 patri
2671 2836 3006 2902 satisfacient,
3044 2834 3073 2883 Β

840 2940 987 3003 elisa
1045 2951 1139 3004 est
1191 2942 1501 3004 verissime
1553 2943 1672 3005 hoc
1723 2941 1910 3022 magis
1965 2942 2146 3004 modo
2201 2950 2324 3004 tota
2383 2940 2725 3004 substantia
2776 2928 3068 3001 sammoefi‘·

839 3041 989 3115 Quis
1036 3043 1193 3105 enim
1238 3042 1466 3104 timebit
1505 3043 1824 3124 prodigere
1867 3042 2026 3122 quod
2055 3042 2296 3104 habebit
2321 3050 2533 3122 postea
2564 3035 2945 3123 recuperare?
2989 3024 3071 3101 0⁸5³

837 3142 1065 3205 curabit
1105 3152 1397 3225 perpetuo
1442 3161 1795 3206 conservare
1849 3142 2010 3223 quod
2063 3161 2185 3206 non
2242 3151 2531 3225 perpetuo
2592 3143 2818 3224 poterit
2863 3120 3069 3201 annuere?

839 3243 1137 3307 Securitas
1182 3244 1377 3308 delicti
1422 3245 1598 3307 etiam
1641 3244 1823 3307 libido
1869 3253 1962 3306 est
2003 3244 2154 3306 eius.
2254 3243 2659 3324 Recuperabit
2714 3244 2883 3323 igitur
2917 3246 2963 3299 et
2989 3246 3071 3308 ²1³⁰·

837 3398 931 3447 412.
973 3404 1019 3446 et
1039 3397 1339 3449 ethnicorum
1388 3415 1487 3462 eqo.
1571 3399 1873 3448 ethnicorum
1926 3399 2036 3448 libri
2068 3413 2241 3447 omnes.
2359 3398 2406 3447 5.
2443 3412 2670 3449 mensam
2704 3401 2758 3448 Α.
2866 3392 2905 3443 6.
2942 3389 3073 3457 ’111Ψῦ

836 3464 959 3514 ABC.
1030 3465 1223 3527 imagini
1260 3467 1332 3526 0„
1370 3467 1499 3516 fulv.
1517 3467 1724 3517 Ursinus.
1830 3465 1877 3515 7.
1914 3465 2207 3529 aliquamdiu
2244 3464 2439 3515 diabolo
2474 3468 2526 3516 A.
2625 3466 2677 3516 8.
2714 3462 2901 3528 resipuit
2929 3450 3075 3506 stt-w

844 3530 1100 3581 Glernentis.
1204 3533 1250 3583 9.
1291 3549 1418 3583 nunc
1455 3534 1670 3584 moechis
1708 3541 1757 3582 et
1792 3533 2116 3583 fornicatoriis
2152 3540 2200 3582 et
2231 3533 2283 3582 A.
2393 3532 2473 3583 10.
2512 3533 2645 3584 lianc
2680 3529 2936 3596 parabolam
2962 3526 2998 3571 A·

1442 3626 1474 3654 d·

903 3665 951 3714 b.
991 3666 1205 3731 Pompeii
1243 3680 1386 3716 manu
1433 3676 1576 3733 atque
1613 3663 1825 3733 Luculli]
1883 3667 1956 3718 Cf.
2127 3682 2170 3716 e.
2209 3667 2321 3717 licet
2356 3669 2405 3718 in
2440 3668 2582 3729 agina
2613 3645 3071 3729 congruentes-ala

837 3732 1031 3797 loseph.
1068 3734 1255 3799 Antiqu.
1295 3734 1396 3784 lud.
1419 3735 1532 3795 xw,
1553 3735 1599 3786 8.
1638 3734 1794 3785 idne
1820 3735 1963 3806 Bellq
2059 3734 2169 3785 Adv.
2208 3735 2497 3797 Hermogen.
2535 3750 2647 3798 cap.
2668 3735 2730 3785 41
2784 3730 2944 3803 „lgitnt
2979 3717 3071 3770 ΝΜ

836 3801 939 3851 lud.
978 3801 1024 3850 5.
1084 3802 1340 3866 Hegesipp.
1378 3802 1446 3851 De
1483 3803 1676 3854 Excidio
1714 3803 1956 3853 Hierosol.
2060 3817 2175 3853 cens
2212 3805 2413 3853 materia
2450 3803 2677 3866 aequalis
2729 3806 2935 3851 momenti
2970 3788 3074 3839 Μ

835 3868 956 3931 1,14
974 3884 1104 3933 sqq„
1138 3870 1594 3935 etlosepb.Antiqn.
1614 3870 1715 3920 lud.
1733 3870 1816 3920 lib.
1832 3870 1955 3931 Xlll,
2061 3878 2261 3928 motum,
2301 3884 2456 3934 neque
2488 3871 2549 3919 ad
2587 3871 2773 3920 bonum
2810 3875 2945 3927 nequ·
2968 3854 3071 3905 *δ’*

837 3951 941 4001 cap.
981 3937 1086 3995 ult.,
1125 3938 1381 4002 Hegesipp.
1420 3938 1457 3995 l,
1481 3937 1561 3988 13.
2060 3938 2158 3987 lum
2195 3938 2459 4000 plurimum
2496 3939 2668 3998 vergit.
2739 3936 2789 3986 Si
2824 3925 3071 3995 aequarent·

903 4019 944 4052 c.
981 4004 1135 4067 ipsius
1157 4001 1301 4069 caeli]
1340 4004 1437 4053 Ael.
1458 4005 1744 4069 Spartianus
1763 4003 1955 4054 Vit.Pe·
2059 4005 2205 4054 menti
2240 4030 2307 4042 «-
2328 4029 2390 4040 -
2412 4031 2476 4041 -
2512 4003 2708 4055 scilicet
2742 4003 2822 4066 qni
2855 3994 3071 4071 interito&

832 4072 1016 4123 scennii
1053 4072 1184 4133 Nigri
1221 4071 1369 4134 p.77.
1429 4071 1505 4121 ed.
1542 4073 1747 4123 Salmas.
1783 4072 1953 4131 „idem
2057 4081 2104 4122 et
2139 4073 2318 4121 malum
2369 4087 2458 4122 suo
2495 4072 2702 4121 arbitrio
2739 4071 2926 4131 agitatus
2952 4074 2987 4107 ’Β
3011 4062 3069 4100 θ’*

831 4137 1118 4187 Palaestinis
1149 4140 1450 4200 rogantibus,
1488 4147 1725 4188 uteorum
1754 4140 1953 4189 censitio
2055 4148 2178 4189 tram
2217 4147 2375 4189 tamen
2415 4147 2602 4202 partem
2642 4151 2829 4203 pronus
2857 4141 2898 4184 et
2931 4130 3072 4194 Μ

829 4202 1070 4255 levaretur
1103 4205 1285 4256 idcirco
1322 4206 1448 4270 quod
1481 4213 1837 4268 essetgravata,
1874 4220 1955 4255 re·
2054 4208 2250 4269 mediae,
2299 4209 2424 4271 quod
2460 4210 2609 4268 aium,
2664 4209 2830 4270 apinae
2868 4192 3065 4263 ‘W

831 4271 1054 4333 spondit:
1101 4273 1194 4322 Vos
1242 4282 1398 4322 terras
1434 4281 1616 4324 vestras
1654 4272 1797 4323 levari
1835 4289 1951 4324 cen·
2055 4276 2227 4339 impetu
2259 4274 2553 4338 serebatur.“

829 4338 1005 4389 sitione
1052 4339 1210 4402 vultis,
1258 4358 1340 4403 τρο
1375 4356 1479 4390 vero
1517 4342 1656 4391 etiam
1689 4348 1841 4392 aerem
1874 4357 1952 4392 ve-
2123 4343 2155 4390 l'.
2204 4355 2258 4391 ex
2307 4339 2518 4404 diverso]
2571 4342 2647 4390 Ab
2702 4334 2954 4391 adven-sari·
2991 4326 3075 4391 iffi*

830 4414 975 4457 strum
1009 4423 1191 4458 censere
1225 4408 1444 4459 veilem.“
1500 4408 1575 4459 Cf.
1612 4410 1754 4459 etiam
1780 4408 1951 4459 ls.Ca-
2052 4408 2119 4458 Aa
2150 4409 2272 4459 Natt.
2296 4408 2356 4469 11,
2377 4409 2408 4459 3
2446 4411 2546 4470 „Ac
2582 4422 2647 4457 ne
2685 4424 2746 4457 ea:
2779 4408 2941 4456 divers·
2967 4400 3075 4459 pap·

828 4475 1076 4593 sau2b⁶o9nus
1125 4475 1347 4526 Exci-citt.
1407 4477 1453 4526 in
1501 4476 1695 4527 Baronii
1743 4477 1952 4527 Annales
2052 4484 2194 4526 netur
2229 4477 2377 4527 multa
2414 4477 2507 4526 alia
2542 4476 2767 4525 moreri“
2804 4479 2905 4525 cett.
2946 4464 3077 4515 ltnfl‘·

829 4557 879 4605 p.
1004 4579 1016 4593 .
2090 4545 2183 4593 ius.
3002 4596 3009 4601 ,

898 4609 945 4659 d.
983 4606 1231 4676 Ceterum]
1268 4612 1504 4676 Alioquin.
1578 4612 1654 4662 Cr.
1690 4612 1853 4663 adnot.
1891 4611 1955 4662 ad
2054 4558 2084 4608 p
2121 4626 2167 4672 g.
2204 4604 2536 4678 sacramenti]
2574 4611 2781 4681 flocest
2813 4598 3079 4658 ndeictmst

828 4675 897 4725 De
933 4677 1061 4741 Fuga
1096 4678 1144 4729 in
1183 4678 1427 4731 Persecut.
1468 4679 1677 4746 cap.11.
2052 4692 2159 4728 nae.
2194 4678 2407 4745 (Rigalt.)
