<?xml version="1.0" encoding="UTF-8"?>
<!DOCTYPE html PUBLIC "-//W3C//DTD XHTML 1.0 Transitional//EN"
    "http://www.w3.org/TR/xhtml1/DTD/xhtml1-transitional.dtd">
<html xmlns="http://www.w3.org/1999/xhtml" xml:lang="en" lang="en">
 <head>
  <title>
</title>
<meta http-equiv="Content-Type" content="text/html;charset=utf-8" />
  <meta name='ocr-system' content='tesseract 3.04.00' />
  <meta name='ocr-capabilities' content='ocr_page ocr_carea ocr_par ocr_line ocrx_word'/>
</head>
<body>
  <div class='ocr_page' id='page_1' title='image "./quintiseptimiif04tertgoog_0201.png"; bbox 0 0 3263 5311; ppageno 0'>
   <div class='ocr_carea' id='block_1_1' title="bbox 1128 418 1604 482">
    <p class='ocr_par' dir='ltr' id='par_1_1' title="bbox 1128 418 1604 482">
     <span class='ocr_line' id='line_1_1' title="bbox 1128 418 1604 482; baseline 0.006 -3"><span class='ocrx_word' id='word_1_1' title='bbox 1128 418 1604 482; x_wconf 55' lang='grc' dir='ltr'>μειώσει-κει.</span> 
     </span>
    </p>
   </div>
   <div class='ocr_carea' id='block_1_2' title="bbox 156 559 2830 676">
    <p class='ocr_par' dir='ltr' id='par_1_2' title="bbox 156 559 2830 676">
     <span class='ocr_line' id='line_1_2' title="bbox 156 559 2830 676; baseline 0.002 -27"><span class='ocrx_word' id='word_1_2' title='bbox 156 559 287 662; x_wconf 72' lang='lat' dir='ltr'><em>s</em></span> <span class='ocrx_word' id='word_1_3' title='bbox 366 588 579 650; x_wconf 64' lang='lat' dir='ltr'>eutem</span> <span class='ocrx_word' id='word_1_4' title='bbox 622 585 896 658; x_wconf 51' lang='lat' dir='ltr'>neuma</span> <span class='ocrx_word' id='word_1_5' title='bbox 940 586 1177 666; x_wconf 75' lang='lat' dir='ltr'>ingenia</span> <span class='ocrx_word' id='word_1_6' title='bbox 1229 587 1405 650; x_wconf 69' lang='lat' dir='ltr'>etiam</span> <span class='ocrx_word' id='word_1_7' title='bbox 1448 586 1850 667; x_wconf 69' lang='lat' dir='ltr'>voluptatibus</span> <span class='ocrx_word' id='word_1_8' title='bbox 1892 586 2110 650; x_wconf 67' lang='lat' dir='ltr'>vestris</span> <span class='ocrx_word' id='word_1_9' title='bbox 2139 605 2268 674; x_wconf 45' lang='lat' dir='ltr'>¹pne</span> <span class='ocrx_word' id='word_1_10' title='bbox 2310 587 2558 651; x_wconf 71' lang='lat' dir='ltr'>deomm</span> <span class='ocrx_word' id='word_1_11' title='bbox 2581 583 2701 676; x_wconf 53' lang='grc' dir='ltr'>[οη.</span> <span class='ocrx_word' id='word_1_12' title='bbox 2730 608 2830 655; x_wconf 81' lang='lat' dir='ltr'>xv..</span> 
     </span>
    </p>
   </div>
   <div class='ocr_carea' id='block_1_3' title="bbox 2435 424 2552 486">
    <p class='ocr_par' dir='ltr' id='par_1_3' title="bbox 2435 424 2552 486">
     <span class='ocr_line' id='line_1_3' title="bbox 2435 424 2552 486; baseline 0.017 -2"><span class='ocrx_word' id='word_1_13' title='bbox 2435 424 2552 486; x_wconf 77' lang='lat'>171</span> 
     </span>
    </p>
   </div>
   <div class='ocr_carea' id='block_1_4' title="bbox 194 685 2560 774">
    <p class='ocr_par' dir='ltr' id='par_1_4' title="bbox 194 685 2560 774">
     <span class='ocr_line' id='line_1_4' title="bbox 194 685 2560 774; baseline -0 -22"><span class='ocrx_word' id='word_1_14' title='bbox 194 690 455 752; x_wconf 77' lang='lat' dir='ltr'>dedecus</span> <span class='ocrx_word' id='word_1_15' title='bbox 485 693 829 774; x_wconf 82' lang='lat' dir='ltr'>operantur.</span> <span class='ocrx_word' id='word_1_16' title='bbox 877 686 893 718; x_wconf 92' lang='lat'>¹</span> <span class='ocrx_word' id='word_1_17' title='bbox 906 685 1192 767; x_wconf 78' lang='lat' dir='ltr'><strong>Dispicite</strong></span> <span class='ocrx_word' id='word_1_18' title='bbox 1208 686 1603 752; x_wconf 71' lang='lat' dir='ltr'><strong>Lentulorum</strong></span> <span class='ocrx_word' id='word_1_19' title='bbox 1628 694 1693 749; x_wconf 85' lang='lat' dir='ltr'>et</span> <span class='ocrx_word' id='word_1_20' title='bbox 1711 687 2105 750; x_wconf 69' lang='lat' dir='ltr'><strong>Hostiliorum</strong></span> <span class='ocrx_word' id='word_1_21' title='bbox 2127 687 2152 721; x_wconf 87' lang='lat'>²</span> <span class='ocrx_word' id='word_1_22' title='bbox 2159 697 2500 751; x_wconf 80' lang='lat' dir='ltr'>venustates</span> <span class='ocrx_word' id='word_1_23' title='bbox 2512 702 2560 764; x_wconf 79' lang='lat'>⁸,</span> 
     </span>
    </p>
   </div>
   <div class='ocr_carea' id='block_1_5' title="bbox 333 838 2558 971">
    <p class='ocr_par' dir='ltr' id='par_1_5' title="bbox 333 838 2558 971">
     <span class='ocr_line' id='line_1_5' title="bbox 333 838 2556 905; baseline 0 -13"><span class='ocrx_word' id='word_1_24' title='bbox 333 840 451 903; x_wconf 85' lang='lat' dir='ltr'>Cap.</span> <span class='ocrx_word' id='word_1_25' title='bbox 488 838 577 888; x_wconf 75' lang='lat' dir='ltr'>XV.</span> <span class='ocrx_word' id='word_1_26' title='bbox 671 838 813 903; x_wconf 72' lang='lat' dir='ltr'>Caput</span> <span class='ocrx_word' id='word_1_27' title='bbox 864 855 1057 900; x_wconf 75' lang='lat' dir='ltr'>novum,</span> <span class='ocrx_word' id='word_1_28' title='bbox 1115 841 1241 904; x_wconf 77' lang='lat' dir='ltr'>quod</span> <span class='ocrx_word' id='word_1_29' title='bbox 1290 841 1340 889; x_wconf 77' lang='lat' dir='ltr'>in</span> <span class='ocrx_word' id='word_1_30' title='bbox 1389 841 1575 905; x_wconf 80' lang='lat' dir='ltr'>scriptis</span> <span class='ocrx_word' id='word_1_31' title='bbox 1612 847 1679 889; x_wconf 81' lang='lat' dir='ltr'>est</span> <span class='ocrx_word' id='word_1_32' title='bbox 1717 841 1941 890; x_wconf 78' lang='lat' dir='ltr'>decimum</span> <span class='ocrx_word' id='word_1_33' title='bbox 1975 846 2215 903; x_wconf 79' lang='lat' dir='ltr'>quartum,</span> <span class='ocrx_word' id='word_1_34' title='bbox 2268 843 2318 890; x_wconf 80' lang='lat' dir='ltr'>in</span> <span class='ocrx_word' id='word_1_35' title='bbox 2350 843 2556 892; x_wconf 76' lang='lat' dir='ltr'>ABDEG.</span> 
     </span>
     <span class='ocr_line' id='line_1_6' title="bbox 412 906 2558 971; baseline 0.001 -16"><span class='ocrx_word' id='word_1_36' title='bbox 412 908 605 957; x_wconf 67' lang='lat' dir='ltr'>vindob.</span> <span class='ocrx_word' id='word_1_37' title='bbox 646 907 795 957; x_wconf 56' lang='grc' dir='ltr'><strong>θεοῦ.</strong></span> <span class='ocrx_word' id='word_1_38' title='bbox 844 906 1044 971; x_wconf 74' lang='lat' dir='ltr'>aliisque</span> <span class='ocrx_word' id='word_1_39' title='bbox 1091 909 1365 971; x_wconf 72' lang='lat' dir='ltr'>inscriptam</span> <span class='ocrx_word' id='word_1_40' title='bbox 1397 915 1465 958; x_wconf 81' lang='lat' dir='ltr'>est</span> <span class='ocrx_word' id='word_1_41' title='bbox 1512 907 1591 956; x_wconf 76' lang='grc' dir='ltr'>ΒΕ</span> <span class='ocrx_word' id='word_1_42' title='bbox 1648 907 1892 957; x_wconf 70' lang='lat' dir='ltr'>navus</span> <span class='ocrx_word' id='word_1_43' title='bbox 1951 906 2028 955; x_wconf 76' lang='lat' dir='ltr'>m·</span> <span class='ocrx_word' id='word_1_44' title='bbox 2083 907 2254 956; x_wconf 70' lang='lat' dir='ltr'>nmis</span> <span class='ocrx_word' id='word_1_45' title='bbox 2313 908 2558 959; x_wconf 66' lang='lat' dir='ltr'>tit-:mm</span> 
     </span>
    </p>
   </div>
   <div class='ocr_carea' id='block_1_6' title="bbox 170 925 2076 1173">
    <p class='ocr_par' dir='ltr' id='par_1_6' title="bbox 170 925 2076 1173">
     <span class='ocr_line' id='line_1_7' title="bbox 170 925 1492 1035; baseline -0.003 -9"><span class='ocrx_word' id='word_1_46' title='bbox 170 925 271 1026; x_wconf 74' lang='grc' dir='ltr'>Ἐ-ι·Ι</span> <span class='ocrx_word' id='word_1_47' title='bbox 308 973 743 1025; x_wconf 73' lang='lat' dir='ltr'>roenrrmevs</span> <span class='ocrx_word' id='word_1_48' title='bbox 780 973 1232 1032; x_wconf 76' lang='lat' dir='ltr'>(SORDtTATtBVS</span> <span class='ocrx_word' id='word_1_49' title='bbox 1273 975 1492 1035; x_wconf 68' lang='lat' dir='ltr'>oxon.).,</span> 
     </span>
     <span class='ocr_line' id='line_1_8' title="bbox 197 1040 2076 1093; baseline -0.002 0"><span class='ocrx_word' id='word_1_50' title='bbox 197 1043 255 1093; x_wconf 70' lang='lat' dir='ltr'>ut</span> <span class='ocrx_word' id='word_1_51' title='bbox 303 1040 604 1092; x_wconf 67' lang='lat' dir='ltr'>rut-:unis</span> <span class='ocrx_word' id='word_1_52' title='bbox 651 1041 725 1091; x_wconf 70' lang='lat' dir='ltr'>Ac</span> <span class='ocrx_word' id='word_1_53' title='bbox 775 1041 968 1090; x_wconf 69' lang='lat' dir='ltr'>seem</span> <span class='ocrx_word' id='word_1_54' title='bbox 1016 1041 1093 1090; x_wconf 76' lang='lat' dir='ltr'>oe</span> <span class='ocrx_word' id='word_1_55' title='bbox 1130 1040 1251 1090; x_wconf 82' lang='lat' dir='ltr'>niis</span> <span class='ocrx_word' id='word_1_56' title='bbox 1287 1041 1886 1091; x_wconf 65' lang='lat' dir='ltr'>annuissem-imm.</span> <span class='ocrx_word' id='word_1_57' title='bbox 2031 1040 2076 1090; x_wconf 93' lang='lat'>1.</span> 
     </span>
     <span class='ocr_line' id='line_1_9' title="bbox 496 1103 1439 1173; baseline 0.001 -16"><span class='ocrx_word' id='word_1_58' title='bbox 496 1107 545 1158; x_wconf 81' lang='lat'>2.</span> <span class='ocrx_word' id='word_1_59' title='bbox 582 1111 855 1158; x_wconf 72' lang='lat' dir='ltr'>vetustates</span> <span class='ocrx_word' id='word_1_60' title='bbox 880 1103 1036 1158; x_wconf 70' lang='lat'>0820.</span> <span class='ocrx_word' id='word_1_61' title='bbox 1075 1109 1248 1173; x_wconf 58' lang='lat' dir='ltr'>Ermrt.</span> <span class='ocrx_word' id='word_1_62' title='bbox 1290 1110 1439 1160; x_wconf 67' lang='lat' dir='ltr'>Goon.</span> 
     </span>
    </p>
   </div>
   <div class='ocr_carea' id='block_1_7' title="bbox 203 1112 393 1161">
    <p class='ocr_par' dir='ltr' id='par_1_7' title="bbox 203 1112 393 1161">
     <span class='ocr_line' id='line_1_10' title="bbox 203 1112 393 1161; baseline -0.011 -1"><span class='ocrx_word' id='word_1_63' title='bbox 203 1112 393 1161; x_wconf 64' lang='lat' dir='ltr'>vindob.</span> 
     </span>
    </p>
   </div>
   <div class='ocr_carea' id='block_1_8' title="bbox 162 1207 1326 3970">
    <p class='ocr_par' dir='ltr' id='par_1_8' title="bbox 192 1207 1326 2416">
     <span class='ocr_line' id='line_1_11' title="bbox 198 1207 1323 1260; baseline -0.001 -1"><span class='ocrx_word' id='word_1_64' title='bbox 198 1208 375 1260; x_wconf 84' lang='lat' dir='ltr'>moniis</span> <span class='ocrx_word' id='word_1_65' title='bbox 408 1209 471 1258; x_wconf 90' lang='lat' dir='ltr'>ab</span> <span class='ocrx_word' id='word_1_66' title='bbox 503 1207 717 1258; x_wconf 83' lang='lat' dir='ltr'>Heraldo</span> <span class='ocrx_word' id='word_1_67' title='bbox 764 1208 938 1258; x_wconf 82' lang='lat' dir='ltr'>adlatis</span> <span class='ocrx_word' id='word_1_68' title='bbox 991 1209 1115 1258; x_wconf 81' lang='lat' dir='ltr'>addo</span> <span class='ocrx_word' id='word_1_69' title='bbox 1152 1209 1323 1258; x_wconf 87' lang='lat' dir='ltr'>lulian.</span> 
     </span>
     <span class='ocr_line' id='line_1_12' title="bbox 198 1268 1323 1342; baseline -0.001 -16"><span class='ocrx_word' id='word_1_70' title='bbox 198 1277 420 1340; x_wconf 76' lang='lat' dir='ltr'>Imperat.</span> <span class='ocrx_word' id='word_1_71' title='bbox 458 1275 590 1325; x_wconf 86' lang='lat' dir='ltr'>Orat.</span> <span class='ocrx_word' id='word_1_72' title='bbox 628 1276 714 1325; x_wconf 81' lang='lat' dir='ltr'>vt:</span> <span class='ocrx_word' id='word_1_73' title='bbox 761 1268 857 1330; x_wconf 73' lang='grc' dir='ltr'>υὈ</span> <span class='ocrx_word' id='word_1_74' title='bbox 892 1270 1155 1342; x_wconf 70' lang='grc' dir='ltr'>κνησμὸς</span> <span class='ocrx_word' id='word_1_75' title='bbox 1200 1268 1323 1325; x_wconf 79' lang='grc' dir='ltr'>οὔτε</span> 
     </span>
     <span class='ocr_line' id='line_1_13' title="bbox 192 1333 1323 1408; baseline 0 -16"><span class='ocrx_word' id='word_1_76' title='bbox 192 1334 632 1407; x_wconf 68' lang='grc' dir='ltr'>Ἀντισθενισμός</span> <span class='ocrx_word' id='word_1_77' title='bbox 676 1335 833 1390; x_wconf 72' lang='grc' dir='ltr'><strong><em>ἐστιν</em></strong></span> <span class='ocrx_word' id='word_1_78' title='bbox 876 1333 1001 1391; x_wconf 70' lang='grc' dir='ltr'>οὔτε</span> <span class='ocrx_word' id='word_1_79' title='bbox 1045 1341 1323 1408; x_wconf 72' lang='grc' dir='ltr'><em>Διογενισ-</em></span> 
     </span>
     <span class='ocr_line' id='line_1_14' title="bbox 198 1402 1323 1476; baseline -0.001 -17"><span class='ocrx_word' id='word_1_80' title='bbox 198 1405 314 1476; x_wconf 62' lang='lat' dir='ltr'>pais.</span> <span class='ocrx_word' id='word_1_81' title='bbox 383 1406 626 1474; x_wconf 75' lang='grc' dir='ltr'>Λέγουσι</span> <span class='ocrx_word' id='word_1_82' title='bbox 666 1403 775 1474; x_wconf 77' lang='grc' dir='ltr'>μὲν</span> <span class='ocrx_word' id='word_1_83' title='bbox 856 1403 926 1476; x_wconf 81' lang='grc' dir='ltr'>ἀρ</span> <span class='ocrx_word' id='word_1_84' title='bbox 978 1402 1035 1458; x_wconf 75' lang='grc' dir='ltr'>οἱ</span> <span class='ocrx_word' id='word_1_85' title='bbox 1074 1403 1323 1474; x_wconf 73' lang='grc' dir='ltr'>γενναιό-</span> 
     </span>
     <span class='ocr_line' id='line_1_15' title="bbox 194 1472 1323 1613; baseline 0.001 -21"><span class='ocrx_word' id='word_1_86' title='bbox 194 1475 794 1613; x_wconf 52' lang='grc' dir='ltr'>’ἓὲἕὲλέῗνῶῖξινεῗῖἒν</span> <span class='ocrx_word' id='word_1_87' title='bbox 829 1472 1323 1593; x_wconf 47' lang='grc' dir='ltr'>ἔὲἶνκέὲλέινμένῖ</span> 
     </span>
     <span class='ocr_line' id='line_1_16' title="bbox 202 1604 1319 1677; baseline 0.002 -17"><span class='ocrx_word' id='word_1_88' title='bbox 202 1614 321 1660; x_wconf 70' lang='grc' dir='ltr'>θῶν</span> <span class='ocrx_word' id='word_1_89' title='bbox 353 1604 487 1677; x_wconf 70' lang='grc' dir='ltr'>ἡμῖν</span> <span class='ocrx_word' id='word_1_90' title='bbox 520 1624 603 1665; x_wconf 78' lang='grc' dir='ltr'>τις</span> <span class='ocrx_word' id='word_1_91' title='bbox 648 1604 823 1665; x_wconf 78' lang='grc' dir='ltr'><strong><em>αἴτιος</em></strong></span> <span class='ocrx_word' id='word_1_92' title='bbox 866 1609 1119 1672; x_wconf 77' lang='grc' dir='ltr'>κατέστη,</span> <span class='ocrx_word' id='word_1_93' title='bbox 1176 1627 1205 1660; x_wconf 84' lang='grc' dir='ltr'><strong>ο</strong></span> <span class='ocrx_word' id='word_1_94' title='bbox 1244 1627 1319 1662; x_wconf 80' lang='grc' dir='ltr'>τω</span> 
     </span>
     <span class='ocr_line' id='line_1_17' title="bbox 205 1673 1321 1748; baseline 0 -20"><span class='ocrx_word' id='word_1_95' title='bbox 205 1673 261 1728; x_wconf 73' lang='grc' dir='ltr'>δὲ</span> <span class='ocrx_word' id='word_1_96' title='bbox 294 1674 381 1726; x_wconf 78' lang='grc' dir='ltr'>καὶ</span> <span class='ocrx_word' id='word_1_97' title='bbox 416 1673 610 1726; x_wconf 75' lang='grc' dir='ltr'><em>τούτου</em></span> <span class='ocrx_word' id='word_1_98' title='bbox 655 1678 754 1726; x_wconf 84' lang='grc' dir='ltr'>τοῦ</span> <span class='ocrx_word' id='word_1_99' title='bbox 798 1675 923 1743; x_wconf 81' lang='grc' dir='ltr'>βίου</span> <span class='ocrx_word' id='word_1_100' title='bbox 967 1674 1321 1748; x_wconf 77' lang='grc' dir='ltr'><strong><em>παράδειγμα</em></strong></span> 
     </span>
     <span class='ocr_line' id='line_1_18' title="bbox 206 1730 1320 1814; baseline 0.001 -20"><span class='ocrx_word' id='word_1_101' title='bbox 206 1740 270 1794; x_wconf 77' lang='grc' dir='ltr'>τὸ</span> <span class='ocrx_word' id='word_1_102' title='bbox 303 1742 559 1811; x_wconf 75' lang='grc' dir='ltr'>μέγιστον</span> <span class='ocrx_word' id='word_1_103' title='bbox 592 1730 752 1799; x_wconf 73' lang='grc' dir='ltr'><em>οὗτος</em></span> <span class='ocrx_word' id='word_1_104' title='bbox 782 1742 1071 1798; x_wconf 78' lang='grc' dir='ltr'><strong><em>κατέλιπεν,</em></strong></span> <span class='ocrx_word' id='word_1_105' title='bbox 1101 1739 1320 1814; x_wconf 72' lang='grc' dir='ltr'><em>ἀνθρώ-</em></span> 
     </span>
     <span class='ocr_line' id='line_1_19' title="bbox 207 1814 1320 1880; baseline 0.004 -19"><span class='ocrx_word' id='word_1_106' title='bbox 207 1819 391 1867; x_wconf 74' lang='lat' dir='ltr'>notc.“</span> <span class='ocrx_word' id='word_1_107' title='bbox 456 1814 673 1876; x_wconf 76' lang='lat' dir='ltr'>Legenda</span> <span class='ocrx_word' id='word_1_108' title='bbox 722 1822 797 1865; x_wconf 87' lang='lat' dir='ltr'>est</span> <span class='ocrx_word' id='word_1_109' title='bbox 841 1816 984 1865; x_wconf 84' lang='lat' dir='ltr'>etiam</span> <span class='ocrx_word' id='word_1_110' title='bbox 1021 1815 1320 1880; x_wconf 79' lang='lat' dir='ltr'>lepidissima</span> 
     </span>
     <span class='ocr_line' id='line_1_20' title="bbox 206 1881 1323 1944; baseline 0.001 -13"><span class='ocrx_word' id='word_1_111' title='bbox 206 1881 285 1932; x_wconf 83' lang='lat' dir='ltr'>illa</span> <span class='ocrx_word' id='word_1_112' title='bbox 340 1881 659 1931; x_wconf 75' lang='lat' dir='ltr'>confabulatio</span> <span class='ocrx_word' id='word_1_113' title='bbox 715 1882 943 1944; x_wconf 80' lang='lat' dir='ltr'>Diogenis</span> <span class='ocrx_word' id='word_1_114' title='bbox 999 1891 1048 1933; x_wconf 92' lang='lat' dir='ltr'>et</span> <span class='ocrx_word' id='word_1_115' title='bbox 1100 1883 1323 1935; x_wconf 77' lang='lat' dir='ltr'>Herculis</span> 
     </span>
     <span class='ocr_line' id='line_1_21' title="bbox 212 1949 1326 2016; baseline 0.002 -18"><span class='ocrx_word' id='word_1_116' title='bbox 212 1949 327 2013; x_wconf 86' lang='lat' dir='ltr'>apud</span> <span class='ocrx_word' id='word_1_117' title='bbox 344 1950 536 1999; x_wconf 75' lang='lat' dir='ltr'>Lucisn.</span> <span class='ocrx_word' id='word_1_118' title='bbox 562 1949 715 2010; x_wconf 67' lang='lat' dir='ltr'>vohi,</span> <span class='ocrx_word' id='word_1_119' title='bbox 736 1949 896 2013; x_wconf 79' lang='lat' dir='ltr'>p.298</span> <span class='ocrx_word' id='word_1_120' title='bbox 914 1965 1024 2014; x_wconf 84' lang='lat' dir='ltr'>sqq·</span> <span class='ocrx_word' id='word_1_121' title='bbox 1059 1951 1134 2001; x_wconf 84' lang='lat' dir='ltr'>ed.</span> <span class='ocrx_word' id='word_1_122' title='bbox 1153 1952 1326 2016; x_wconf 76' lang='lat' dir='ltr'>Grnev.¹</span> 
     </span>
     <span class='ocr_line' id='line_1_22' title="bbox 211 2015 1321 2081; baseline 0.003 -16"><span class='ocrx_word' id='word_1_123' title='bbox 211 2015 407 2080; x_wconf 87' lang='lat' dir='ltr'>Denique</span> <span class='ocrx_word' id='word_1_124' title='bbox 458 2018 585 2066; x_wconf 89' lang='lat' dir='ltr'>inter</span> <span class='ocrx_word' id='word_1_125' title='bbox 638 2016 793 2081; x_wconf 84' lang='lat' dir='ltr'>ipsius</span> <span class='ocrx_word' id='word_1_126' title='bbox 852 2017 1079 2079; x_wconf 80' lang='lat' dir='ltr'>Diogenis</span> <span class='ocrx_word' id='word_1_127' title='bbox 1140 2019 1321 2073; x_wconf 80' lang='lat' dir='ltr'>scrinte</span> 
     </span>
     <span class='ocr_line' id='line_1_23' title="bbox 214 2083 1319 2148; baseline 0.003 -16"><span class='ocrx_word' id='word_1_128' title='bbox 214 2085 326 2148; x_wconf 81' lang='lat' dir='ltr'>apud</span> <span class='ocrx_word' id='word_1_129' title='bbox 360 2083 491 2146; x_wconf 86' lang='lat' dir='ltr'>Diog.</span> <span class='ocrx_word' id='word_1_130' title='bbox 531 2084 689 2134; x_wconf 77' lang='lat' dir='ltr'>Laert.</span> <span class='ocrx_word' id='word_1_131' title='bbox 727 2084 799 2144; x_wconf 78' lang='lat' dir='ltr'>Vl,</span> <span class='ocrx_word' id='word_1_132' title='bbox 840 2084 919 2144; x_wconf 82' lang='lat'>12,</span> <span class='ocrx_word' id='word_1_133' title='bbox 956 2084 1038 2135; x_wconf 85' lang='lat'>80.</span> <span class='ocrx_word' id='word_1_134' title='bbox 1076 2100 1319 2135; x_wconf 82' lang='lat' dir='ltr'>meinora-</span> 
     </span>
     <span class='ocr_line' id='line_1_24' title="bbox 215 2151 1319 2216; baseline 0.002 -16"><span class='ocrx_word' id='word_1_135' title='bbox 215 2158 283 2201; x_wconf 87' lang='lat' dir='ltr'>tur</span> <span class='ocrx_word' id='word_1_136' title='bbox 313 2152 551 2213; x_wconf 72' lang='lat' dir='ltr'>tragoedia</span> <span class='ocrx_word' id='word_1_137' title='bbox 587 2151 810 2201; x_wconf 83' lang='lat' dir='ltr'>Herculis</span> <span class='ocrx_word' id='word_1_138' title='bbox 842 2153 1037 2206; x_wconf 88' lang='lat' dir='ltr'>nomine</span> <span class='ocrx_word' id='word_1_139' title='bbox 1070 2152 1319 2216; x_wconf 86' lang='lat' dir='ltr'>inscripta,</span> 
     </span>
     <span class='ocr_line' id='line_1_25' title="bbox 215 2218 1319 2284; baseline 0.003 -17"><span class='ocrx_word' id='word_1_140' title='bbox 215 2227 341 2283; x_wconf 86' lang='lat' dir='ltr'>quam</span> <span class='ocrx_word' id='word_1_141' title='bbox 375 2220 413 2268; x_wconf 89' lang='lat' dir='ltr'>si</span> <span class='ocrx_word' id='word_1_142' title='bbox 447 2219 559 2284; x_wconf 84' lang='lat' dir='ltr'>quis</span> <span class='ocrx_word' id='word_1_143' title='bbox 605 2219 666 2268; x_wconf 87' lang='lat' dir='ltr'>ab</span> <span class='ocrx_word' id='word_1_144' title='bbox 704 2218 1001 2269; x_wconf 81' lang='lat' dir='ltr'>Tertulliano</span> <span class='ocrx_word' id='word_1_145' title='bbox 1049 2220 1128 2269; x_wconf 85' lang='lat' dir='ltr'>hie</span> <span class='ocrx_word' id='word_1_146' title='bbox 1175 2235 1319 2283; x_wconf 81' lang='lat' dir='ltr'>prae·</span> 
     </span>
     <span class='ocr_line' id='line_1_26' title="bbox 215 2286 1320 2352; baseline 0.002 -18"><span class='ocrx_word' id='word_1_147' title='bbox 215 2286 363 2335; x_wconf 77' lang='lat' dir='ltr'>sertim</span> <span class='ocrx_word' id='word_1_148' title='bbox 382 2287 556 2350; x_wconf 78' lang='lat' dir='ltr'>respici</span> <span class='ocrx_word' id='word_1_149' title='bbox 583 2286 933 2348; x_wconf 70' lang='lat' dir='ltr'>coniecuverit,</span> <span class='ocrx_word' id='word_1_150' title='bbox 969 2288 1195 2352; x_wconf 75' lang='lat' dir='ltr'>equidem</span> <span class='ocrx_word' id='word_1_151' title='bbox 1222 2302 1320 2337; x_wconf 90' lang='lat' dir='ltr'>non</span> 
     </span>
     <span class='ocr_line' id='line_1_27' title="bbox 217 2353 730 2416; baseline 0.004 -15"><span class='ocrx_word' id='word_1_152' title='bbox 217 2353 399 2403; x_wconf 87' lang='lat' dir='ltr'>multum</span> <span class='ocrx_word' id='word_1_153' title='bbox 430 2355 730 2416; x_wconf 75' lang='lat' dir='ltr'>refragabor.</span> 
     </span>
    </p>

    <p class='ocr_par' dir='ltr' id='par_1_9' title="bbox 212 2419 1323 3559">
     <span class='ocr_line' id='line_1_28' title="bbox 279 2419 1321 2485; baseline 0.003 -17"><span class='ocrx_word' id='word_1_154' title='bbox 279 2436 319 2469; x_wconf 88' lang='lat' dir='ltr'>r.</span> <span class='ocrx_word' id='word_1_155' title='bbox 366 2422 460 2470; x_wconf 82' lang='lat' dir='ltr'>sine</span> <span class='ocrx_word' id='word_1_156' title='bbox 494 2422 734 2485; x_wconf 70' lang='lat' dir='ltr'>capitibus</span> <span class='ocrx_word' id='word_1_157' title='bbox 772 2419 1067 2484; x_wconf 60' lang='lat' dir='ltr'>introducit]</span> <span class='ocrx_word' id='word_1_158' title='bbox 1124 2422 1321 2472; x_wconf 86' lang='lat' dir='ltr'>Tertul-</span> 
     </span>
     <span class='ocr_line' id='line_1_29' title="bbox 219 2487 1320 2554; baseline 0.003 -18"><span class='ocrx_word' id='word_1_159' title='bbox 219 2487 385 2536; x_wconf 86' lang='lat' dir='ltr'>lianum</span> <span class='ocrx_word' id='word_1_160' title='bbox 432 2489 503 2540; x_wconf 87' lang='lat' dir='ltr'>hic</span> <span class='ocrx_word' id='word_1_161' title='bbox 541 2489 770 2539; x_wconf 82' lang='lat' dir='ltr'>Varronis</span> <span class='ocrx_word' id='word_1_162' title='bbox 806 2490 1004 2539; x_wconf 81' lang='lat' dir='ltr'>Saturae</span> <span class='ocrx_word' id='word_1_163' title='bbox 1041 2489 1320 2554; x_wconf 67' lang='lat' dir='ltr'>Menippeas</span> 
     </span>
     <span class='ocr_line' id='line_1_30' title="bbox 216 2555 1322 2619; baseline 0.001 -15"><span class='ocrx_word' id='word_1_164' title='bbox 216 2556 305 2604; x_wconf 81' lang='lat' dir='ltr'>sive</span> <span class='ocrx_word' id='word_1_165' title='bbox 323 2555 506 2619; x_wconf 79' lang='lat' dir='ltr'>Cynicas</span> <span class='ocrx_word' id='word_1_166' title='bbox 540 2557 814 2619; x_wconf 78' lang='lat' dir='ltr'>siguificare</span> <span class='ocrx_word' id='word_1_167' title='bbox 849 2557 942 2606; x_wconf 82' lang='lat' dir='ltr'>dixi</span> <span class='ocrx_word' id='word_1_168' title='bbox 977 2557 1072 2606; x_wconf 87' lang='lat' dir='ltr'>iam</span> <span class='ocrx_word' id='word_1_169' title='bbox 1110 2558 1157 2607; x_wconf 90' lang='lat' dir='ltr'>in</span> <span class='ocrx_word' id='word_1_170' title='bbox 1173 2557 1322 2606; x_wconf 88' lang='lat' dir='ltr'>Com-</span> 
     </span>
     <span class='ocr_line' id='line_1_31' title="bbox 215 2624 1323 2686; baseline 0.003 -14"><span class='ocrx_word' id='word_1_171' title='bbox 215 2624 483 2674; x_wconf 82' lang='lat' dir='ltr'>mentatione</span> <span class='ocrx_word' id='word_1_172' title='bbox 517 2626 576 2675; x_wconf 87' lang='lat' dir='ltr'>ad</span> <span class='ocrx_word' id='word_1_173' title='bbox 606 2625 891 2686; x_wconf 72' lang='lat' dir='ltr'>Fragmenta</span> <span class='ocrx_word' id='word_1_174' title='bbox 928 2638 1092 2674; x_wconf 86' lang='lat' dir='ltr'>earum</span> <span class='ocrx_word' id='word_1_175' title='bbox 1121 2625 1323 2675; x_wconf 86' lang='lat' dir='ltr'>Satura-</span> 
     </span>
     <span class='ocr_line' id='line_1_32' title="bbox 215 2692 1322 2756; baseline 0.001 -16"><span class='ocrx_word' id='word_1_176' title='bbox 215 2705 316 2740; x_wconf 78' lang='lat' dir='ltr'>rum</span> <span class='ocrx_word' id='word_1_177' title='bbox 363 2707 390 2740; x_wconf 90' lang='lat' dir='ltr'>a</span> <span class='ocrx_word' id='word_1_178' title='bbox 432 2707 511 2741; x_wconf 86' lang='lat' dir='ltr'>me</span> <span class='ocrx_word' id='word_1_179' title='bbox 556 2697 697 2741; x_wconf 81' lang='lat' dir='ltr'>annis</span> <span class='ocrx_word' id='word_1_180' title='bbox 745 2692 931 2756; x_wconf 76' lang='lat' dir='ltr'>aliquot</span> <span class='ocrx_word' id='word_1_181' title='bbox 973 2693 1147 2742; x_wconf 80' lang='lat' dir='ltr'>abhinc</span> <span class='ocrx_word' id='word_1_182' title='bbox 1194 2693 1322 2742; x_wconf 79' lang='lat' dir='ltr'>editu</span> 
     </span>
     <span class='ocr_line' id='line_1_33' title="bbox 214 2757 1321 2823; baseline 0.001 -16"><span class='ocrx_word' id='word_1_183' title='bbox 214 2757 353 2821; x_wconf 55' lang='lat' dir='ltr'>pte.</span> <span class='ocrx_word' id='word_1_184' title='bbox 385 2767 430 2807; x_wconf 85' lang='lat' dir='ltr'>et</span> <span class='ocrx_word' id='word_1_185' title='bbox 456 2759 614 2822; x_wconf 75' lang='lat' dir='ltr'>p.238</span> <span class='ocrx_word' id='word_1_186' title='bbox 641 2775 715 2823; x_wconf 84' lang='lat' dir='ltr'>sq.</span> <span class='ocrx_word' id='word_1_187' title='bbox 786 2760 934 2809; x_wconf 79' lang='lat' dir='ltr'>Aliter</span> <span class='ocrx_word' id='word_1_188' title='bbox 967 2760 1148 2823; x_wconf 78' lang='lat' dir='ltr'>placuit</span> <span class='ocrx_word' id='word_1_189' title='bbox 1169 2760 1321 2823; x_wconf 86' lang='lat' dir='ltr'>Leop.</span> 
     </span>
     <span class='ocr_line' id='line_1_34' title="bbox 217 2824 1323 2877; baseline 0.004 -5"><span class='ocrx_word' id='word_1_190' title='bbox 217 2824 449 2873; x_wconf 77' lang='lat' dir='ltr'>Krahnero</span> <span class='ocrx_word' id='word_1_191' title='bbox 482 2828 528 2875; x_wconf 88' lang='lat' dir='ltr'>in</span> <span class='ocrx_word' id='word_1_192' title='bbox 562 2826 840 2877; x_wconf 78' lang='lat' dir='ltr'>doctissimo</span> <span class='ocrx_word' id='word_1_193' title='bbox 877 2827 1040 2877; x_wconf 87' lang='lat' dir='ltr'>libello</span> <span class='ocrx_word' id='word_1_194' title='bbox 1070 2827 1136 2877; x_wconf 86' lang='lat' dir='ltr'>De</span> <span class='ocrx_word' id='word_1_195' title='bbox 1150 2827 1323 2877; x_wconf 76' lang='lat' dir='ltr'>causis</span> 
     </span>
     <span class='ocr_line' id='line_1_35' title="bbox 221 2891 1321 2958; baseline 0.004 -18"><span class='ocrx_word' id='word_1_196' title='bbox 221 2891 354 2940; x_wconf 84' lang='lat' dir='ltr'>Corr.</span> <span class='ocrx_word' id='word_1_197' title='bbox 388 2892 531 2953; x_wconf 79' lang='lat' dir='ltr'>Relig.</span> <span class='ocrx_word' id='word_1_198' title='bbox 566 2895 697 2943; x_wconf 80' lang='lat' dir='ltr'>llom.</span> <span class='ocrx_word' id='word_1_199' title='bbox 742 2910 790 2958; x_wconf 89' lang='lat' dir='ltr'>p.</span> <span class='ocrx_word' id='word_1_200' title='bbox 817 2894 898 2945; x_wconf 86' lang='lat'>52.</span> <span class='ocrx_word' id='word_1_201' title='bbox 954 2903 1002 2943; x_wconf 86' lang='lat' dir='ltr'>et</span> <span class='ocrx_word' id='word_1_202' title='bbox 1053 2902 1164 2958; x_wconf 84' lang='lat' dir='ltr'>post</span> <span class='ocrx_word' id='word_1_203' title='bbox 1208 2908 1321 2944; x_wconf 89' lang='lat' dir='ltr'>eum</span> 
     </span>
     <span class='ocr_line' id='line_1_36' title="bbox 218 2958 1317 3025; baseline 0.004 -19"><span class='ocrx_word' id='word_1_204' title='bbox 218 2958 337 3007; x_wconf 76' lang='lat' dir='ltr'>Rud.</span> <span class='ocrx_word' id='word_1_205' title='bbox 372 2959 587 3009; x_wconf 70' lang='lat' dir='ltr'>merketio</span> <span class='ocrx_word' id='word_1_206' title='bbox 622 2964 671 3010; x_wconf 89' lang='lat' dir='ltr'>in</span> <span class='ocrx_word' id='word_1_207' title='bbox 688 2962 900 3025; x_wconf 78' lang='lat' dir='ltr'>Prolegg.</span> <span class='ocrx_word' id='word_1_208' title='bbox 937 2962 998 3011; x_wconf 83' lang='lat' dir='ltr'>ad</span> <span class='ocrx_word' id='word_1_209' title='bbox 1013 2962 1163 3011; x_wconf 80' lang='lat' dir='ltr'>Ovidii</span> <span class='ocrx_word' id='word_1_210' title='bbox 1191 2962 1317 3011; x_wconf 80' lang='lat' dir='ltr'>Fast.</span> 
     </span>
     <span class='ocr_line' id='line_1_37' title="bbox 215 3020 1322 3094; baseline 0.004 -22"><span class='ocrx_word' id='word_1_211' title='bbox 215 3040 265 3089; x_wconf 86' lang='lat' dir='ltr'>p.</span> <span class='ocrx_word' id='word_1_212' title='bbox 294 3025 501 3085; x_wconf 61' lang='lat' dir='ltr'><strong>Genu„</strong></span> <span class='ocrx_word' id='word_1_213' title='bbox 551 3029 630 3090; x_wconf 88' lang='lat' dir='ltr'>qui</span> <span class='ocrx_word' id='word_1_214' title='bbox 667 3027 793 3077; x_wconf 82' lang='lat' dir='ltr'>illam</span> <span class='ocrx_word' id='word_1_215' title='bbox 825 3029 989 3078; x_wconf 81' lang='lat' dir='ltr'>lovum</span> <span class='ocrx_word' id='word_1_216' title='bbox 1026 3020 1322 3094; x_wconf 68' lang='grc' dir='ltr'>ἀκεφάλων</span> 
     </span>
     <span class='ocr_line' id='line_1_38' title="bbox 216 3094 1320 3149; baseline 0.007 -8"><span class='ocrx_word' id='word_1_217' title='bbox 216 3094 455 3142; x_wconf 84' lang='lat' dir='ltr'>cohortem</span> <span class='ocrx_word' id='word_1_218' title='bbox 516 3095 575 3143; x_wconf 83' lang='lat' dir='ltr'>ad</span> <span class='ocrx_word' id='word_1_219' title='bbox 624 3095 838 3145; x_wconf 77' lang='lat' dir='ltr'>Varronis</span> <span class='ocrx_word' id='word_1_220' title='bbox 884 3097 1062 3146; x_wconf 83' lang='lat' dir='ltr'>Rerum</span> <span class='ocrx_word' id='word_1_221' title='bbox 1113 3097 1320 3149; x_wconf 75' lang='lat' dir='ltr'>Divinar-</span> 
     </span>
     <span class='ocr_line' id='line_1_39' title="bbox 214 3161 1321 3225; baseline 0.003 -16"><span class='ocrx_word' id='word_1_222' title='bbox 214 3168 349 3225; x_wconf 82' lang='lat' dir='ltr'>atque</span> <span class='ocrx_word' id='word_1_223' title='bbox 372 3161 860 3213; x_wconf 76' lang='lat' dir='ltr'>Humanarumlibros</span> <span class='ocrx_word' id='word_1_224' title='bbox 887 3165 1115 3214; x_wconf 74' lang='lat' dir='ltr'>referunt.</span> <span class='ocrx_word' id='word_1_225' title='bbox 1165 3164 1321 3212; x_wconf 74' lang='lat' dir='ltr'>Krab-</span> 
     </span>
     <span class='ocr_line' id='line_1_40' title="bbox 213 3231 1321 3293; baseline 0.002 -16"><span class='ocrx_word' id='word_1_226' title='bbox 213 3242 350 3277; x_wconf 83' lang='lat' dir='ltr'>nerus</span> <span class='ocrx_word' id='word_1_227' title='bbox 396 3231 671 3293; x_wconf 82' lang='lat' dir='ltr'>nuperrime</span> <span class='ocrx_word' id='word_1_228' title='bbox 731 3231 855 3281; x_wconf 81' lang='lat' dir='ltr'>hanc</span> <span class='ocrx_word' id='word_1_229' title='bbox 900 3246 1004 3283; x_wconf 88' lang='lat' dir='ltr'>rem</span> <span class='ocrx_word' id='word_1_230' title='bbox 1049 3231 1321 3280; x_wconf 79' lang='lat' dir='ltr'>retractavit</span> 
     </span>
     <span class='ocr_line' id='line_1_41' title="bbox 212 3293 1318 3348; baseline 0.004 -5"><span class='ocrx_word' id='word_1_231' title='bbox 212 3296 257 3344; x_wconf 90' lang='lat' dir='ltr'>in</span> <span class='ocrx_word' id='word_1_232' title='bbox 300 3293 557 3347; x_wconf 80' lang='lat' dir='ltr'>Comment-</span> <span class='ocrx_word' id='word_1_233' title='bbox 608 3298 680 3346; x_wconf 85' lang='lat' dir='ltr'>De</span> <span class='ocrx_word' id='word_1_234' title='bbox 727 3298 939 3347; x_wconf 81' lang='lat' dir='ltr'>Varrone</span> <span class='ocrx_word' id='word_1_235' title='bbox 988 3313 1043 3347; x_wconf 79' lang='lat' dir='ltr'>ex</span> <span class='ocrx_word' id='word_1_236' title='bbox 1090 3298 1318 3348; x_wconf 75' lang='lat' dir='ltr'>Marciani</span> 
     </span>
     <span class='ocr_line' id='line_1_42' title="bbox 214 3363 1321 3429; baseline 0.003 -18"><span class='ocrx_word' id='word_1_237' title='bbox 214 3363 421 3426; x_wconf 79' lang='lat' dir='ltr'>Capellae</span> <span class='ocrx_word' id='word_1_238' title='bbox 448 3365 621 3415; x_wconf 86' lang='lat' dir='ltr'>Satura</span> <span class='ocrx_word' id='word_1_239' title='bbox 651 3364 1321 3429; x_wconf 71' lang='lat' dir='ltr'>Supplendoffleubranden-</span> 
     </span>
     <span class='ocr_line' id='line_1_43' title="bbox 212 3428 1322 3497; baseline 0.003 -18"><span class='ocrx_word' id='word_1_240' title='bbox 212 3428 319 3492; x_wconf 82' lang='lat' dir='ltr'>burg</span> <span class='ocrx_word' id='word_1_241' title='bbox 354 3431 491 3483; x_wconf 75' lang='lat'>1846.</span> <span class='ocrx_word' id='word_1_242' title='bbox 527 3434 603 3491; x_wconf 80' lang='lat'>4.)</span> <span class='ocrx_word' id='word_1_243' title='bbox 641 3447 747 3495; x_wconf 88' lang='lat' dir='ltr'>cap.</span> <span class='ocrx_word' id='word_1_244' title='bbox 770 3433 813 3482; x_wconf 90' lang='grc'>1.</span> <span class='ocrx_word' id='word_1_245' title='bbox 849 3448 898 3496; x_wconf 87' lang='lat' dir='ltr'>p.</span> <span class='ocrx_word' id='word_1_246' title='bbox 914 3432 961 3483; x_wconf 83' lang='lat'>9.</span> <span class='ocrx_word' id='word_1_247' title='bbox 1034 3434 1172 3483; x_wconf 86' lang='lat' dir='ltr'>Putat</span> <span class='ocrx_word' id='word_1_248' title='bbox 1208 3448 1322 3497; x_wconf 86' lang='lat' dir='ltr'>per-</span> 
     </span>
     <span class='ocr_line' id='line_1_44' title="bbox 214 3499 1321 3559; baseline 0.005 -14"><span class='ocrx_word' id='word_1_249' title='bbox 214 3499 361 3559; x_wconf 82' lang='lat' dir='ltr'>stringi</span> <span class='ocrx_word' id='word_1_250' title='bbox 392 3516 419 3549; x_wconf 85' lang='lat' dir='ltr'>a</span> <span class='ocrx_word' id='word_1_251' title='bbox 453 3500 757 3550; x_wconf 79' lang='lat' dir='ltr'>Tertulliano</span> <span class='ocrx_word' id='word_1_252' title='bbox 861 3500 1073 3550; x_wconf 86' lang='lat' dir='ltr'>inionem</span> <span class='ocrx_word' id='word_1_253' title='bbox 1091 3500 1321 3550; x_wconf 82' lang='lat' dir='ltr'>Varronis</span> 
     </span>
    </p>

    <p class='ocr_par' dir='ltr' id='par_1_10' title="bbox 162 3563 1323 3970">
     <span class='ocr_line' id='line_1_45' title="bbox 162 3563 1323 3631; baseline 0.004 -20"><span class='ocrx_word' id='word_1_254' title='bbox 162 3618 169 3628; x_wconf 29' lang='lat'><em>⁶</em></span> <span class='ocrx_word' id='word_1_255' title='bbox 217 3563 269 3611; x_wconf 87' lang='lat' dir='ltr'>de</span> <span class='ocrx_word' id='word_1_256' title='bbox 300 3566 395 3615; x_wconf 74' lang='lat' dir='ltr'>love</span> <span class='ocrx_word' id='word_1_257' title='bbox 426 3569 613 3618; x_wconf 81' lang='lat' dir='ltr'>mundo</span> <span class='ocrx_word' id='word_1_258' title='bbox 649 3582 774 3631; x_wconf 87' lang='lat' dir='ltr'>eoqu</span> <span class='ocrx_word' id='word_1_259' title='bbox 840 3568 1048 3618; x_wconf 80' lang='lat' dir='ltr'>rotundo</span> <span class='ocrx_word' id='word_1_260' title='bbox 1084 3568 1323 3617; x_wconf 86' lang='lat' dir='ltr'>humana-</span> 
     </span>
     <span class='ocr_line' id='line_1_46' title="bbox 211 3632 1322 3696; baseline 0 -12"><span class='ocrx_word' id='word_1_261' title='bbox 211 3643 292 3695; x_wconf 79' lang='lat' dir='ltr'>que</span> <span class='ocrx_word' id='word_1_262' title='bbox 322 3636 462 3696; x_wconf 82' lang='lat' dir='ltr'>ligura</span> <span class='ocrx_word' id='word_1_263' title='bbox 496 3635 681 3686; x_wconf 83' lang='lat' dir='ltr'>melius</span> <span class='ocrx_word' id='word_1_264' title='bbox 718 3642 912 3685; x_wconf 83' lang='lat' dir='ltr'>carente</span> <span class='ocrx_word' id='word_1_265' title='bbox 953 3650 1009 3685; x_wconf 84' lang='lat' dir='ltr'>ex</span> <span class='ocrx_word' id='word_1_266' title='bbox 1046 3632 1322 3685; x_wconf 88' lang='lat' dir='ltr'>Stoicorum</span> 
     </span>
     <span class='ocr_line' id='line_1_47' title="bbox 213 3698 1320 3768; baseline 0.006 -22"><span class='ocrx_word' id='word_1_267' title='bbox 213 3698 420 3751; x_wconf 76' lang='lat' dir='ltr'>doctrina.</span> <span class='ocrx_word' id='word_1_268' title='bbox 503 3705 561 3754; x_wconf 77' lang='lat' dir='ltr'>At</span> <span class='ocrx_word' id='word_1_269' title='bbox 595 3712 943 3768; x_wconf 73' lang='lat' dir='ltr'>praeterquam</span> <span class='ocrx_word' id='word_1_270' title='bbox 993 3703 1124 3767; x_wconf 86' lang='lat' dir='ltr'>quod</span> <span class='ocrx_word' id='word_1_271' title='bbox 1160 3702 1320 3766; x_wconf 72' lang='lat' dir='ltr'>Cynici</span> 
     </span>
     <span class='ocr_line' id='line_1_48' title="bbox 213 3770 1322 3835; baseline 0.001 -18"><span class='ocrx_word' id='word_1_272' title='bbox 213 3780 468 3829; x_wconf 76' lang='lat' dir='ltr'>ooguotnen,</span> <span class='ocrx_word' id='word_1_273' title='bbox 508 3786 605 3835; x_wconf 90' lang='lat' dir='ltr'>quo</span> <span class='ocrx_word' id='word_1_274' title='bbox 647 3770 730 3820; x_wconf 77' lang='lat' dir='ltr'>bie</span> <span class='ocrx_word' id='word_1_275' title='bbox 764 3778 967 3820; x_wconf 85' lang='lat' dir='ltr'>ornetur</span> <span class='ocrx_word' id='word_1_276' title='bbox 1001 3771 1167 3833; x_wconf 84' lang='lat' dir='ltr'>Varro,</span> <span class='ocrx_word' id='word_1_277' title='bbox 1205 3783 1322 3833; x_wconf 86' lang='lat' dir='ltr'>per-</span> 
     </span>
     <span class='ocr_line' id='line_1_49' title="bbox 213 3838 1320 3900; baseline 0.002 -16"><span class='ocrx_word' id='word_1_278' title='bbox 213 3846 337 3895; x_wconf 74' lang='lat' dir='ltr'>quam</span> <span class='ocrx_word' id='word_1_279' title='bbox 366 3839 621 3889; x_wconf 77' lang='lat' dir='ltr'>verisimile</span> <span class='ocrx_word' id='word_1_280' title='bbox 675 3838 837 3888; x_wconf 82' lang='lat' dir='ltr'>reddit</span> <span class='ocrx_word' id='word_1_281' title='bbox 885 3839 991 3888; x_wconf 83' lang='lat' dir='ltr'>eins</span> <span class='ocrx_word' id='word_1_282' title='bbox 1042 3838 1320 3900; x_wconf 68' lang='lat' dir='ltr'>Menippeas</span> 
     </span>
     <span class='ocr_line' id='line_1_50' title="bbox 210 3904 1319 3970; baseline 0.005 -23"><span class='ocrx_word' id='word_1_283' title='bbox 210 3904 365 3962; x_wconf 81' lang='lat' dir='ltr'>notari,</span> <span class='ocrx_word' id='word_1_284' title='bbox 408 3907 591 3970; x_wconf 84' lang='lat' dir='ltr'>etipsa</span> <span class='ocrx_word' id='word_1_285' title='bbox 630 3906 735 3955; x_wconf 88' lang='lat' dir='ltr'>loci</span> <span class='ocrx_word' id='word_1_286' title='bbox 767 3907 910 3966; x_wconf 80' lang='lat' dir='ltr'>ratio,</span> <span class='ocrx_word' id='word_1_287' title='bbox 961 3920 1069 3956; x_wconf 86' lang='lat' dir='ltr'>cum</span> <span class='ocrx_word' id='word_1_288' title='bbox 1118 3919 1319 3954; x_wconf 86' lang='lat' dir='ltr'>enume-</span> 
     </span>
    </p>
   </div>
   <div class='ocr_carea' id='block_1_9' title="bbox 209 3971 1349 4038">
    <p class='ocr_par' dir='ltr' id='par_1_11' title="bbox 209 3971 1349 4038">
     <span class='ocr_line' id='line_1_51' title="bbox 209 3971 1349 4038; baseline 0.006 -21"><span class='ocrx_word' id='word_1_289' title='bbox 209 3976 359 4018; x_wconf 77' lang='lat' dir='ltr'>rentur</span> <span class='ocrx_word' id='word_1_290' title='bbox 390 3972 466 4035; x_wconf 85' lang='lat' dir='ltr'>qui</span> <span class='ocrx_word' id='word_1_291' title='bbox 514 3988 720 4038; x_wconf 83' lang='lat' dir='ltr'>quoquo</span> <span class='ocrx_word' id='word_1_292' title='bbox 770 3974 919 4023; x_wconf 88' lang='lat' dir='ltr'>modo</span> <span class='ocrx_word' id='word_1_293' title='bbox 967 3973 1169 4023; x_wconf 86' lang='lat' dir='ltr'>deorum</span> <span class='ocrx_word' id='word_1_294' title='bbox 1204 3971 1349 4024; x_wconf 87' lang='lat' dir='ltr'>illu-.</span> 
     </span>
    </p>
   </div>
   <div class='ocr_carea' id='block_1_10' title="bbox 202 4040 1327 4709">
    <p class='ocr_par' dir='ltr' id='par_1_12' title="bbox 202 4040 1327 4709">
     <span class='ocr_line' id='line_1_52' title="bbox 208 4040 1321 4104; baseline 0.003 -20"><span class='ocrx_word' id='word_1_295' title='bbox 208 4047 336 4084; x_wconf 78' lang='lat' dir='ltr'>sores</span> <span class='ocrx_word' id='word_1_296' title='bbox 381 4041 674 4101; x_wconf 71' lang='lat' dir='ltr'>exstiterint,</span> <span class='ocrx_word' id='word_1_297' title='bbox 744 4040 804 4090; x_wconf 89' lang='lat' dir='ltr'>de</span> <span class='ocrx_word' id='word_1_298' title='bbox 870 4054 1078 4104; x_wconf 88' lang='lat' dir='ltr'>quonam</span> <span class='ocrx_word' id='word_1_299' title='bbox 1141 4052 1321 4100; x_wconf 82' lang='lat' dir='ltr'>genere</span> 
     </span>
     <span class='ocr_line' id='line_1_53' title="bbox 207 4102 1321 4169; baseline -0.004 -11"><span class='ocrx_word' id='word_1_300' title='bbox 207 4102 471 4165; x_wconf 67' lang='lat' dir='ltr'>Scriptorum</span> <span class='ocrx_word' id='word_1_301' title='bbox 494 4108 733 4159; x_wconf 75' lang='lat' dir='ltr'>Varronis</span> <span class='ocrx_word' id='word_1_302' title='bbox 767 4109 963 4158; x_wconf 82' lang='lat' dir='ltr'>rectius·</span> <span class='ocrx_word' id='word_1_303' title='bbox 983 4107 1193 4169; x_wconf 72' lang='lat' dir='ltr'>cogitare</span> <span class='ocrx_word' id='word_1_304' title='bbox 1230 4120 1321 4155; x_wconf 85' lang='lat' dir='ltr'>nos</span> 
     </span>
     <span class='ocr_line' id='line_1_54' title="bbox 205 4169 1320 4233; baseline 0.002 -13"><span class='ocrx_word' id='word_1_305' title='bbox 205 4171 430 4232; x_wconf 73' lang='lat' dir='ltr'>permittit,</span> <span class='ocrx_word' id='word_1_306' title='bbox 466 4182 631 4225; x_wconf 89' lang='lat' dir='ltr'>utrum</span> <span class='ocrx_word' id='word_1_307' title='bbox 664 4175 730 4223; x_wconf 88' lang='lat' dir='ltr'>de</span> <span class='ocrx_word' id='word_1_308' title='bbox 746 4174 896 4233; x_wconf 88' lang='lat' dir='ltr'>serio,</span> <span class='ocrx_word' id='word_1_309' title='bbox 925 4188 984 4224; x_wconf 89' lang='lat' dir='ltr'>an</span> <span class='ocrx_word' id='word_1_310' title='bbox 1007 4175 1066 4225; x_wconf 83' lang='lat' dir='ltr'>de</span> <span class='ocrx_word' id='word_1_311' title='bbox 1090 4169 1320 4223; x_wconf 75' lang='lat' dir='ltr'>ludicro?</span> 
     </span>
     <span class='ocr_line' id='line_1_55' title="bbox 206 4235 1321 4293; baseline -0.003 0"><span class='ocrx_word' id='word_1_312' title='bbox 206 4235 449 4293; x_wconf 67' lang='lat' dir='ltr'>Quomodo·</span> <span class='ocrx_word' id='word_1_313' title='bbox 483 4258 601 4292; x_wconf 82' lang='lat' dir='ltr'>vero</span> <span class='ocrx_word' id='word_1_314' title='bbox 638 4242 769 4291; x_wconf 76' lang='lat' dir='ltr'>lovis</span> <span class='ocrx_word' id='word_1_315' title='bbox 824 4250 1153 4292; x_wconf 83' lang='lat' dir='ltr'>ceterorumve</span> <span class='ocrx_word' id='word_1_316' title='bbox 1200 4240 1321 4290; x_wconf 88' lang='lat' dir='ltr'>deo·</span> 
     </span>
     <span class='ocr_line' id='line_1_56' title="bbox 202 4307 1322 4372; baseline 0.006 -21"><span class='ocrx_word' id='word_1_317' title='bbox 202 4314 300 4354; x_wconf 85' lang='lat' dir='ltr'>rum</span> <span class='ocrx_word' id='word_1_318' title='bbox 332 4307 496 4358; x_wconf 80' lang='lat' dir='ltr'>irrisor</span> <span class='ocrx_word' id='word_1_319' title='bbox 531 4318 619 4359; x_wconf 84' lang='lat' dir='ltr'>aut</span> <span class='ocrx_word' id='word_1_320' title='bbox 652 4309 856 4360; x_wconf 82' lang='lat' dir='ltr'>delusor</span> <span class='ocrx_word' id='word_1_321' title='bbox 883 4309 1029 4358; x_wconf 77' lang='lat' dir='ltr'>Varro</span> <span class='ocrx_word' id='word_1_322' title='bbox 1066 4308 1322 4372; x_wconf 82' lang='lat' dir='ltr'>appellan-</span> 
     </span>
     <span class='ocr_line' id='line_1_57' title="bbox 205 4367 1321 4441; baseline 0.004 -21"><span class='ocrx_word' id='word_1_323' title='bbox 205 4367 283 4420; x_wconf 78' lang='lat' dir='ltr'>das</span> <span class='ocrx_word' id='word_1_324' title='bbox 315 4382 401 4435; x_wconf 75' lang='lat' dir='ltr'>est,</span> <span class='ocrx_word' id='word_1_325' title='bbox 446 4377 488 4426; x_wconf 85' lang='lat' dir='ltr'>si</span> <span class='ocrx_word' id='word_1_326' title='bbox 534 4376 665 4427; x_wconf 79' lang='lat' dir='ltr'>lovis</span> <span class='ocrx_word' id='word_1_327' title='bbox 714 4376 914 4426; x_wconf 84' lang='lat' dir='ltr'>numine</span> <span class='ocrx_word' id='word_1_328' title='bbox 948 4375 1165 4441; x_wconf 82' lang='lat' dir='ltr'>reliquos</span> <span class='ocrx_word' id='word_1_329' title='bbox 1202 4378 1321 4426; x_wconf 88' lang='lat' dir='ltr'>deos</span> 
     </span>
     <span class='ocr_line' id='line_1_58' title="bbox 204 4442 1325 4508; baseline 0.004 -18"><span class='ocrx_word' id='word_1_330' title='bbox 204 4442 407 4502; x_wconf 63' lang='lat' dir='ltr'>unquam</span> <span class='ocrx_word' id='word_1_331' title='bbox 442 4444 801 4508; x_wconf 74' lang='lat' dir='ltr'>comprehendi</span> <span class='ocrx_word' id='word_1_332' title='bbox 849 4452 896 4494; x_wconf 87' lang='lat' dir='ltr'>et</span> <span class='ocrx_word' id='word_1_333' title='bbox 930 4444 989 4495; x_wconf 88' lang='lat' dir='ltr'>ad</span> <span class='ocrx_word' id='word_1_334' title='bbox 1026 4458 1175 4494; x_wconf 87' lang='lat' dir='ltr'>unum</span> <span class='ocrx_word' id='word_1_335' title='bbox 1211 4456 1325 4495; x_wconf 75' lang='lat' dir='ltr'>eum</span> 
     </span>
     <span class='ocr_line' id='line_1_59' title="bbox 202 4502 1327 4563; baseline 0.002 -7"><span class='ocrx_word' id='word_1_336' title='bbox 202 4502 364 4559; x_wconf 69' lang='lat' dir='ltr'>fontem</span> <span class='ocrx_word' id='word_1_337' title='bbox 399 4525 572 4561; x_wconf 84' lang='lat' dir='ltr'>omnes</span> <span class='ocrx_word' id='word_1_338' title='bbox 623 4525 739 4561; x_wconf 84' lang='lat' dir='ltr'>esse</span> <span class='ocrx_word' id='word_1_339' title='bbox 786 4512 1071 4562; x_wconf 75' lang='lat' dir='ltr'>referendos</span> <span class='ocrx_word' id='word_1_340' title='bbox 1115 4504 1327 4563; x_wconf 65' lang='lat' dir='ltr'>statuit?</span> 
     </span>
     <span class='ocr_line' id='line_1_60' title="bbox 206 4568 1323 4640; baseline -0.004 -11"><span class='ocrx_word' id='word_1_341' title='bbox 206 4568 447 4637; x_wconf 73' lang='lat' dir='ltr'>(Augustin.</span> <span class='ocrx_word' id='word_1_342' title='bbox 494 4579 565 4629; x_wconf 90' lang='lat' dir='ltr'>De</span> <span class='ocrx_word' id='word_1_343' title='bbox 605 4579 709 4629; x_wconf 69' lang='lat' dir='ltr'>Cir.</span> <span class='ocrx_word' id='word_1_344' title='bbox 747 4579 834 4628; x_wconf 89' lang='lat' dir='ltr'>Dei</span> <span class='ocrx_word' id='word_1_345' title='bbox 879 4579 966 4640; x_wconf 83' lang='lat' dir='ltr'>Vl,</span> <span class='ocrx_word' id='word_1_346' title='bbox 1008 4579 1106 4639; x_wconf 90' lang='lat'>11.)</span> <span class='ocrx_word' id='word_1_347' title='bbox 1176 4578 1323 4629; x_wconf 81' lang='lat' dir='ltr'>Estne</span> 
     </span>
     <span class='ocr_line' id='line_1_61' title="bbox 206 4635 1325 4709; baseline 0.003 -18"><span class='ocrx_word' id='word_1_348' title='bbox 206 4635 285 4691; x_wconf 73' lang='lat' dir='ltr'>hoc</span> <span class='ocrx_word' id='word_1_349' title='bbox 323 4643 570 4697; x_wconf 74' lang='lat' dir='ltr'>illudere?</span> <span class='ocrx_word' id='word_1_350' title='bbox 625 4660 692 4696; x_wconf 85' lang='lat' dir='ltr'>en</span> <span class='ocrx_word' id='word_1_351' title='bbox 741 4646 937 4708; x_wconf 86' lang='lat' dir='ltr'>dooere,</span> <span class='ocrx_word' id='word_1_352' title='bbox 993 4661 1055 4697; x_wconf 90' lang='lat' dir='ltr'>an</span> <span class='ocrx_word' id='word_1_353' title='bbox 1105 4645 1325 4709; x_wconf 83' lang='lat' dir='ltr'>pbiloso-</span> 
     </span>
    </p>
   </div>
   <div class='ocr_carea' id='block_1_11' title="bbox 1555 974 2553 1106">
    <p class='ocr_par' dir='ltr' id='par_1_13' title="bbox 1555 974 2553 1106">
     <span class='ocr_line' id='line_1_62' title="bbox 1555 974 2553 1036; baseline 0.002 -12"><span class='ocrx_word' id='word_1_354' title='bbox 1555 976 1607 1024; x_wconf 71' lang='grc' dir='ltr'>ἑτι</span> <span class='ocrx_word' id='word_1_355' title='bbox 1642 977 1715 1025; x_wconf 80' lang='lat' dir='ltr'>ab.</span> <span class='ocrx_word' id='word_1_356' title='bbox 1766 974 1925 1033; x_wconf 70' lang='lat' dir='ltr'><strong>QVAM</strong></span> <span class='ocrx_word' id='word_1_357' title='bbox 1976 974 2113 1024; x_wconf 84' lang='lat' dir='ltr'>SINT</span> <span class='ocrx_word' id='word_1_358' title='bbox 2170 974 2366 1026; x_wconf 71' lang='lat' dir='ltr'>FOEDA</span> <span class='ocrx_word' id='word_1_359' title='bbox 2402 977 2553 1036; x_wconf 73' lang='lat' dir='ltr'>QVAE</span> 
     </span>
     <span class='ocr_line' id='line_1_63' title="bbox 2126 1041 2553 1106; baseline 0.009 -16"><span class='ocrx_word' id='word_1_360' title='bbox 2126 1041 2370 1106; x_wconf 86' lang='lat' dir='ltr'>Despicite</span> <span class='ocrx_word' id='word_1_361' title='bbox 2428 1045 2553 1094; x_wconf 83' lang='lat' dir='ltr'>DFG.</span> 
     </span>
    </p>
   </div>
   <div class='ocr_carea' id='block_1_12' title="bbox 1418 1206 2556 3078">
    <p class='ocr_par' dir='ltr' id='par_1_14' title="bbox 1418 1206 2556 3078">
     <span class='ocr_line' id='line_1_64' title="bbox 1424 1206 2554 1278; baseline 0.003 -20"><span class='ocrx_word' id='word_1_362' title='bbox 1424 1206 1609 1278; x_wconf 64' lang='lat' dir='ltr'>phari?</span> <span class='ocrx_word' id='word_1_363' title='bbox 1672 1209 1877 1259; x_wconf 82' lang='lat' dir='ltr'>Verbum</span> <span class='ocrx_word' id='word_1_364' title='bbox 1913 1210 2206 1259; x_wconf 73' lang='lat' dir='ltr'>introducere</span> <span class='ocrx_word' id='word_1_365' title='bbox 2240 1217 2402 1260; x_wconf 78' lang='lat' dir='ltr'>antem</span> <span class='ocrx_word' id='word_1_366' title='bbox 2437 1211 2554 1275; x_wconf 78' lang='lat' dir='ltr'>quid</span> 
     </span>
     <span class='ocr_line' id='line_1_65' title="bbox 1425 1277 2555 1341; baseline 0 -14"><span class='ocrx_word' id='word_1_367' title='bbox 1425 1277 1678 1339; x_wconf 84' lang='lat' dir='ltr'>vulgatius,</span> <span class='ocrx_word' id='word_1_368' title='bbox 1746 1277 1862 1341; x_wconf 89' lang='lat' dir='ltr'>quid</span> <span class='ocrx_word' id='word_1_369' title='bbox 1919 1277 2077 1340; x_wconf 86' lang='lat' dir='ltr'>aptius</span> <span class='ocrx_word' id='word_1_370' title='bbox 2124 1277 2171 1327; x_wconf 87' lang='lat' dir='ltr'>b.</span> <span class='ocrx_word' id='word_1_371' title='bbox 2208 1277 2242 1327; x_wconf 91' lang='lat' dir='ltr'>l.</span> <span class='ocrx_word' id='word_1_372' title='bbox 2302 1278 2555 1340; x_wconf 79' lang='lat' dir='ltr'>significat,</span> 
     </span>
     <span class='ocr_line' id='line_1_66' title="bbox 1425 1343 2555 1408; baseline 0 -14"><span class='ocrx_word' id='word_1_373' title='bbox 1425 1358 1569 1408; x_wconf 84' lang='lat' dir='ltr'>quam</span> <span class='ocrx_word' id='word_1_374' title='bbox 1606 1346 1656 1394; x_wconf 90' lang='lat' dir='ltr'>in</span> <span class='ocrx_word' id='word_1_375' title='bbox 1691 1358 1936 1402; x_wconf 85' lang='lat' dir='ltr'>sermone,</span> <span class='ocrx_word' id='word_1_376' title='bbox 1973 1343 2140 1407; x_wconf 82' lang='lat' dir='ltr'>quales</span> <span class='ocrx_word' id='word_1_377' title='bbox 2177 1353 2315 1394; x_wconf 85' lang='lat' dir='ltr'>erant</span> <span class='ocrx_word' id='word_1_378' title='bbox 2341 1345 2555 1408; x_wconf 85' lang='lat' dir='ltr'>pleram-</span> 
     </span>
     <span class='ocr_line' id='line_1_67' title="bbox 1423 1411 2556 1476; baseline 0.001 -15"><span class='ocrx_word' id='word_1_379' title='bbox 1423 1423 1518 1475; x_wconf 84' lang='lat' dir='ltr'>que</span> <span class='ocrx_word' id='word_1_380' title='bbox 1554 1419 1740 1476; x_wconf 83' lang='lat' dir='ltr'>partem</span> <span class='ocrx_word' id='word_1_381' title='bbox 1762 1412 1876 1461; x_wconf 87' lang='lat' dir='ltr'>illae</span> <span class='ocrx_word' id='word_1_382' title='bbox 1896 1411 2174 1475; x_wconf 71' lang='lat' dir='ltr'>Menippeae</span> <span class='ocrx_word' id='word_1_383' title='bbox 2193 1412 2436 1471; x_wconf 82' lang='lat' dir='ltr'>Varronis,</span> <span class='ocrx_word' id='word_1_384' title='bbox 2470 1428 2556 1462; x_wconf 82' lang='lat' dir='ltr'>ve-</span> 
     </span>
     <span class='ocr_line' id='line_1_68' title="bbox 1423 1476 2554 1542; baseline 0.002 -14"><span class='ocrx_word' id='word_1_385' title='bbox 1423 1480 1511 1528; x_wconf 93' lang='lat' dir='ltr'>luti</span> <span class='ocrx_word' id='word_1_386' title='bbox 1559 1479 1609 1528; x_wconf 86' lang='lat' dir='ltr'>in</span> <span class='ocrx_word' id='word_1_387' title='bbox 1660 1492 1855 1528; x_wconf 86' lang='lat' dir='ltr'>scenam</span> <span class='ocrx_word' id='word_1_388' title='bbox 1906 1479 2197 1542; x_wconf 81' lang='lat' dir='ltr'>spectandos</span> <span class='ocrx_word' id='word_1_389' title='bbox 2242 1476 2554 1542; x_wconf 71' lang='lat' dir='ltr'>producere?</span> 
     </span>
     <span class='ocr_line' id='line_1_69' title="bbox 1421 1545 2554 1609; baseline 0.001 -14"><span class='ocrx_word' id='word_1_390' title='bbox 1421 1545 1519 1596; x_wconf 86' lang='lat' dir='ltr'>Sed</span> <span class='ocrx_word' id='word_1_391' title='bbox 1553 1547 1652 1596; x_wconf 82' lang='lat' dir='ltr'>sive</span> <span class='ocrx_word' id='word_1_392' title='bbox 1688 1547 1886 1607; x_wconf 73' lang='lat' dir='ltr'>Saturae</span> <span class='ocrx_word' id='word_1_393' title='bbox 1923 1547 2020 1594; x_wconf 78' lang='lat' dir='ltr'>sive</span> <span class='ocrx_word' id='word_1_394' title='bbox 2057 1547 2399 1609; x_wconf 75' lang='lat' dir='ltr'>Antiquitatum</span> <span class='ocrx_word' id='word_1_395' title='bbox 2437 1547 2554 1597; x_wconf 79' lang='lat' dir='ltr'>Vat-</span> 
     </span>
     <span class='ocr_line' id='line_1_70' title="bbox 1421 1613 2552 1676; baseline 0.002 -14"><span class='ocrx_word' id='word_1_396' title='bbox 1421 1614 1556 1664; x_wconf 87' lang='lat' dir='ltr'>ronis</span> <span class='ocrx_word' id='word_1_397' title='bbox 1592 1613 1744 1663; x_wconf 83' lang='lat' dir='ltr'>libros</span> <span class='ocrx_word' id='word_1_398' title='bbox 1782 1613 2054 1676; x_wconf 70' lang='lat' dir='ltr'>respexisse</span> <span class='ocrx_word' id='word_1_399' title='bbox 2084 1613 2262 1665; x_wconf 80' lang='lat' dir='ltr'>rectius</span> <span class='ocrx_word' id='word_1_400' title='bbox 2282 1615 2552 1664; x_wconf 84' lang='lat' dir='ltr'>censendus</span> 
     </span>
     <span class='ocr_line' id='line_1_71' title="bbox 1421 1679 2552 1744; baseline 0.001 -14"><span class='ocrx_word' id='word_1_401' title='bbox 1421 1679 1843 1740; x_wconf 81' lang='lat' dir='ltr'>sit‘l&#39;ertullianus,</span> <span class='ocrx_word' id='word_1_402' title='bbox 1879 1681 1921 1729; x_wconf 86' lang='lat' dir='ltr'>si</span> <span class='ocrx_word' id='word_1_403' title='bbox 1957 1681 2100 1730; x_wconf 81' lang='lat' dir='ltr'>verba</span> <span class='ocrx_word' id='word_1_404' title='bbox 2136 1681 2241 1730; x_wconf 86' lang='lat' dir='ltr'>eius</span> <span class='ocrx_word' id='word_1_405' title='bbox 2276 1682 2381 1730; x_wconf 86' lang='lat' dir='ltr'>sine</span> <span class='ocrx_word' id='word_1_406' title='bbox 2408 1696 2552 1744; x_wconf 89' lang='lat' dir='ltr'>prae-</span> 
     </span>
     <span class='ocr_line' id='line_1_72' title="bbox 1422 1748 2554 1812; baseline 0.003 -16"><span class='ocrx_word' id='word_1_407' title='bbox 1422 1748 1597 1797; x_wconf 89' lang='lat' dir='ltr'>iudicio</span> <span class='ocrx_word' id='word_1_408' title='bbox 1636 1748 2090 1807; x_wconf 74' lang='lat' dir='ltr'>examinaverimus,</span> <span class='ocrx_word' id='word_1_409' title='bbox 2139 1749 2231 1798; x_wconf 87' lang='lat' dir='ltr'>boc</span> <span class='ocrx_word' id='word_1_410' title='bbox 2266 1749 2554 1812; x_wconf 86' lang='lat' dir='ltr'>simpliciter</span> 
     </span>
     <span class='ocr_line' id='line_1_73' title="bbox 1418 1815 2553 1874; baseline 0.002 -10"><span class='ocrx_word' id='word_1_411' title='bbox 1418 1815 1545 1864; x_wconf 79' lang='lat' dir='ltr'>velle</span> <span class='ocrx_word' id='word_1_412' title='bbox 1578 1815 1830 1874; x_wconf 79' lang='lat' dir='ltr'>videbitur,</span> <span class='ocrx_word' id='word_1_413' title='bbox 1863 1816 2125 1864; x_wconf 79' lang='lat' dir='ltr'>Varronem</span> <span class='ocrx_word' id='word_1_414' title='bbox 2162 1815 2440 1866; x_wconf 76' lang='lat' dir='ltr'>irridentem</span> <span class='ocrx_word' id='word_1_415' title='bbox 2466 1831 2553 1866; x_wconf 82' lang='lat' dir='ltr'>su-</span> 
     </span>
     <span class='ocr_line' id='line_1_74' title="bbox 1422 1881 2554 1946; baseline 0.002 -15"><span class='ocrx_word' id='word_1_416' title='bbox 1422 1883 1758 1946; x_wconf 84' lang='lat' dir='ltr'>perstitionem</span> <span class='ocrx_word' id='word_1_417' title='bbox 1812 1881 1964 1942; x_wconf 86' lang='lat' dir='ltr'>illam,</span> <span class='ocrx_word' id='word_1_418' title='bbox 2018 1897 2158 1946; x_wconf 82' lang='lat' dir='ltr'>quae,</span> <span class='ocrx_word' id='word_1_419' title='bbox 2221 1897 2328 1932; x_wconf 91' lang='lat' dir='ltr'>cum</span> <span class='ocrx_word' id='word_1_420' title='bbox 2381 1892 2554 1933; x_wconf 83' lang='lat' dir='ltr'>natura</span> 
     </span>
     <span class='ocr_line' id='line_1_75' title="bbox 1420 1949 2554 2015; baseline 0.001 -15"><span class='ocrx_word' id='word_1_421' title='bbox 1420 1958 1653 2012; x_wconf 81' lang='lat' dir='ltr'>sequatur</span> <span class='ocrx_word' id='word_1_422' title='bbox 1716 1949 1933 1999; x_wconf 83' lang='lat' dir='ltr'>eiusdem</span> <span class='ocrx_word' id='word_1_423' title='bbox 1991 1949 2202 2000; x_wconf 86' lang='lat' dir='ltr'>nominis</span> <span class='ocrx_word' id='word_1_424' title='bbox 2255 1959 2318 2000; x_wconf 41' lang='lat' dir='ltr'>‘et</span> <span class='ocrx_word' id='word_1_425' title='bbox 2381 1951 2554 2015; x_wconf 83' lang='lat' dir='ltr'>capitis</span> 
     </span>
     <span class='ocr_line' id='line_1_76' title="bbox 1422 2018 2554 2081; baseline 0.002 -14"><span class='ocrx_word' id='word_1_426' title='bbox 1422 2031 1569 2067; x_wconf 90' lang='lat' dir='ltr'>unum</span> <span class='ocrx_word' id='word_1_427' title='bbox 1607 2025 1791 2067; x_wconf 83' lang='lat' dir='ltr'>tautum</span> <span class='ocrx_word' id='word_1_428' title='bbox 1826 2031 1976 2080; x_wconf 86' lang='lat' dir='ltr'>posse</span> <span class='ocrx_word' id='word_1_429' title='bbox 2009 2018 2153 2067; x_wconf 89' lang='lat' dir='ltr'>deum</span> <span class='ocrx_word' id='word_1_430' title='bbox 2201 2032 2329 2077; x_wconf 84' lang='lat' dir='ltr'>esse,</span> <span class='ocrx_word' id='word_1_431' title='bbox 2381 2019 2554 2081; x_wconf 85' lang='lat' dir='ltr'>ingen-</span> 
     </span>
     <span class='ocr_line' id='line_1_77' title="bbox 1423 2084 2553 2135; baseline 0.002 -2"><span class='ocrx_word' id='word_1_432' title='bbox 1423 2091 1519 2133; x_wconf 86' lang='lat' dir='ltr'>tem</span> <span class='ocrx_word' id='word_1_433' title='bbox 1556 2084 1774 2134; x_wconf 86' lang='lat' dir='ltr'>eiusdem</span> <span class='ocrx_word' id='word_1_434' title='bbox 1810 2085 2013 2134; x_wconf 85' lang='lat' dir='ltr'>deorum</span> <span class='ocrx_word' id='word_1_435' title='bbox 2050 2098 2304 2134; x_wconf 85' lang='lat' dir='ltr'>numerum</span> <span class='ocrx_word' id='word_1_436' title='bbox 2348 2085 2440 2134; x_wconf 82' lang='lat' dir='ltr'>sibi</span> <span class='ocrx_word' id='word_1_437' title='bbox 2477 2086 2553 2135; x_wconf 78' lang='lat' dir='ltr'>el-</span> 
     </span>
     <span class='ocr_line' id='line_1_78' title="bbox 1422 2151 2553 2216; baseline 0.001 -15"><span class='ocrx_word' id='word_1_438' title='bbox 1422 2152 1626 2210; x_wconf 81' lang='lat' dir='ltr'>tinxerit,</span> <span class='ocrx_word' id='word_1_439' title='bbox 1666 2159 1737 2202; x_wconf 91' lang='lat' dir='ltr'>tot</span> <span class='ocrx_word' id='word_1_440' title='bbox 1770 2151 1936 2201; x_wconf 81' lang='lat' dir='ltr'>lovum</span> <span class='ocrx_word' id='word_1_441' title='bbox 1973 2166 2205 2216; x_wconf 84' lang='lat' dir='ltr'>perquam</span> <span class='ocrx_word' id='word_1_442' title='bbox 2234 2152 2349 2201; x_wconf 82' lang='lat' dir='ltr'>varii</span> <span class='ocrx_word' id='word_1_443' title='bbox 2369 2166 2553 2214; x_wconf 87' lang='lat' dir='ltr'>coguo-</span> 
     </span>
     <span class='ocr_line' id='line_1_79' title="bbox 1422 2218 2553 2284; baseline 0 -15"><span class='ocrx_word' id='word_1_444' title='bbox 1422 2219 1567 2269; x_wconf 82' lang='lat' dir='ltr'>miuis</span> <span class='ocrx_word' id='word_1_445' title='bbox 1603 2218 1956 2269; x_wconf 85' lang='lat' dir='ltr'>multitudinem</span> <span class='ocrx_word' id='word_1_446' title='bbox 1993 2219 2152 2284; x_wconf 88' lang='lat' dir='ltr'>lepide</span> <span class='ocrx_word' id='word_1_447' title='bbox 2188 2227 2238 2269; x_wconf 88' lang='lat' dir='ltr'>et</span> <span class='ocrx_word' id='word_1_448' title='bbox 2264 2220 2419 2270; x_wconf 75' lang='lat' dir='ltr'>facete</span> <span class='ocrx_word' id='word_1_449' title='bbox 2440 2235 2553 2284; x_wconf 84' lang='lat' dir='ltr'>per-</span> 
     </span>
     <span class='ocr_line' id='line_1_80' title="bbox 1421 2286 2554 2351; baseline 0 -14"><span class='ocrx_word' id='word_1_450' title='bbox 1421 2287 1673 2337; x_wconf 72' lang='lat' dir='ltr'>strinxisse</span> <span class='ocrx_word' id='word_1_451' title='bbox 1709 2294 1850 2351; x_wconf 87' lang='lat' dir='ltr'>atque</span> <span class='ocrx_word' id='word_1_452' title='bbox 1874 2286 1933 2335; x_wconf 86' lang='lat' dir='ltr'>ad</span> <span class='ocrx_word' id='word_1_453' title='bbox 1956 2300 2106 2337; x_wconf 89' lang='lat' dir='ltr'>unum</span> <span class='ocrx_word' id='word_1_454' title='bbox 2126 2294 2285 2351; x_wconf 88' lang='lat' dir='ltr'>caput,</span> <span class='ocrx_word' id='word_1_455' title='bbox 2322 2287 2382 2338; x_wconf 91' lang='lat' dir='ltr'>ad</span> <span class='ocrx_word' id='word_1_456' title='bbox 2403 2301 2554 2337; x_wconf 76' lang='lat' dir='ltr'>unum</span> 
     </span>
     <span class='ocr_line' id='line_1_81' title="bbox 1421 2354 2554 2416; baseline 0.002 -14"><span class='ocrx_word' id='word_1_457' title='bbox 1421 2354 1580 2408; x_wconf 82' lang='lat' dir='ltr'>lovem</span> <span class='ocrx_word' id='word_1_458' title='bbox 1617 2354 1879 2416; x_wconf 72' lang='lat' dir='ltr'>redegisse.</span> <span class='ocrx_word' id='word_1_459' title='bbox 1909 2355 2138 2404; x_wconf 80' lang='lat' dir='ltr'>=Faciunt</span> <span class='ocrx_word' id='word_1_460' title='bbox 2172 2355 2232 2404; x_wconf 81' lang='lat' dir='ltr'>ad</span> <span class='ocrx_word' id='word_1_461' title='bbox 2267 2369 2374 2404; x_wconf 87' lang='lat' dir='ltr'>rem</span> <span class='ocrx_word' id='word_1_462' title='bbox 2407 2356 2554 2404; x_wconf 85' lang='lat' dir='ltr'>etiam</span> 
     </span>
     <span class='ocr_line' id='line_1_82' title="bbox 1420 2420 2552 2485; baseline 0.001 -14"><span class='ocrx_word' id='word_1_463' title='bbox 1420 2422 1564 2472; x_wconf 80' lang='lat' dir='ltr'>verba</span> <span class='ocrx_word' id='word_1_464' title='bbox 1600 2421 1791 2471; x_wconf 69' lang='lat' dir='ltr'>Minucii</span> <span class='ocrx_word' id='word_1_465' title='bbox 1811 2420 1909 2470; x_wconf 76' lang='lat' dir='ltr'>Fel.</span> <span class='ocrx_word' id='word_1_466' title='bbox 1939 2421 2110 2471; x_wconf 60' lang='grc' dir='ltr'><strong>θεων.</strong></span> <span class='ocrx_word' id='word_1_467' title='bbox 2137 2436 2243 2485; x_wconf 86' lang='lat' dir='ltr'>cap.</span> <span class='ocrx_word' id='word_1_468' title='bbox 2258 2422 2353 2471; x_wconf 79' lang='lat'>21:</span> <span class='ocrx_word' id='word_1_469' title='bbox 2389 2423 2552 2482; x_wconf 87' lang='lat' dir='ltr'>„Quid</span> 
     </span>
     <span class='ocr_line' id='line_1_83' title="bbox 1422 2485 2556 2553; baseline 0.001 -15"><span class='ocrx_word' id='word_1_470' title='bbox 1422 2489 1527 2553; x_wconf 82' lang='lat' dir='ltr'>ipse</span> <span class='ocrx_word' id='word_1_471' title='bbox 1577 2489 1796 2553; x_wconf 86' lang='lat' dir='ltr'>luppiter</span> <span class='ocrx_word' id='word_1_472' title='bbox 1851 2485 2048 2539; x_wconf 74' lang='lat' dir='ltr'>vester?</span> <span class='ocrx_word' id='word_1_473' title='bbox 2117 2490 2262 2538; x_wconf 88' lang='lat' dir='ltr'>modo</span> <span class='ocrx_word' id='word_1_474' title='bbox 2320 2490 2556 2540; x_wconf 85' lang='lat' dir='ltr'>imberbis</span> 
     </span>
     <span class='ocr_line' id='line_1_84' title="bbox 1420 2556 2553 2617; baseline 0.002 -12"><span class='ocrx_word' id='word_1_475' title='bbox 1420 2557 1663 2616; x_wconf 81' lang='lat' dir='ltr'>statuitur,</span> <span class='ocrx_word' id='word_1_476' title='bbox 1700 2557 1844 2608; x_wconf 90' lang='lat' dir='ltr'>modo</span> <span class='ocrx_word' id='word_1_477' title='bbox 1870 2556 2101 2606; x_wconf 77' lang='lat' dir='ltr'>herbetus</span> <span class='ocrx_word' id='word_1_478' title='bbox 2125 2556 2332 2617; x_wconf 87' lang='lat' dir='ltr'>locatur,</span> <span class='ocrx_word' id='word_1_479' title='bbox 2369 2565 2417 2606; x_wconf 90' lang='lat' dir='ltr'>et</span> <span class='ocrx_word' id='word_1_480' title='bbox 2443 2571 2553 2607; x_wconf 90' lang='lat' dir='ltr'>cum</span> 
     </span>
     <span class='ocr_line' id='line_1_85' title="bbox 1421 2623 2552 2686; baseline 0 -11"><span class='ocrx_word' id='word_1_481' title='bbox 1421 2624 1660 2675; x_wconf 81' lang='lat' dir='ltr'>Hammon</span> <span class='ocrx_word' id='word_1_482' title='bbox 1696 2623 1885 2684; x_wconf 86' lang='lat' dir='ltr'>dicitur,</span> <span class='ocrx_word' id='word_1_483' title='bbox 1935 2624 2078 2674; x_wconf 85' lang='lat' dir='ltr'>babet</span> <span class='ocrx_word' id='word_1_484' title='bbox 2112 2637 2310 2686; x_wconf 84' lang='lat' dir='ltr'>cornua,</span> <span class='ocrx_word' id='word_1_485' title='bbox 2357 2632 2407 2675; x_wconf 86' lang='lat' dir='ltr'>et</span> <span class='ocrx_word' id='word_1_486' title='bbox 2442 2629 2552 2676; x_wconf 83' lang='lat' dir='ltr'>cu‘m</span> 
     </span>
     <span class='ocr_line' id='line_1_86' title="bbox 1421 2692 2554 2755; baseline 0.001 -14"><span class='ocrx_word' id='word_1_487' title='bbox 1421 2692 1740 2755; x_wconf 85' lang='lat' dir='ltr'>Capitolinus,</span> <span class='ocrx_word' id='word_1_488' title='bbox 1788 2700 1901 2742; x_wconf 91' lang='lat' dir='ltr'>tunc</span> <span class='ocrx_word' id='word_1_489' title='bbox 1935 2694 2059 2753; x_wconf 87' lang='lat' dir='ltr'>gerit</span> <span class='ocrx_word' id='word_1_490' title='bbox 2092 2693 2311 2751; x_wconf 76' lang='lat' dir='ltr'>fulmina,</span> <span class='ocrx_word' id='word_1_491' title='bbox 2360 2700 2408 2741; x_wconf 91' lang='lat' dir='ltr'>et</span> <span class='ocrx_word' id='word_1_492' title='bbox 2443 2698 2554 2742; x_wconf 73' lang='lat' dir='ltr'>cum</span> 
     </span>
     <span class='ocr_line' id='line_1_87' title="bbox 1421 2759 2552 2823; baseline -0.001 -15"><span class='ocrx_word' id='word_1_493' title='bbox 1421 2759 1642 2819; x_wconf 72' lang='lat' dir='ltr'>Latiaris,</span> <span class='ocrx_word' id='word_1_494' title='bbox 1680 2773 1852 2810; x_wconf 89' lang='lat' dir='ltr'>cruore</span> <span class='ocrx_word' id='word_1_495' title='bbox 1888 2759 2211 2823; x_wconf 76' lang='lat' dir='ltr'>pertunditur,</span> <span class='ocrx_word' id='word_1_496' title='bbox 2247 2766 2294 2808; x_wconf 92' lang='lat' dir='ltr'>et</span> <span class='ocrx_word' id='word_1_497' title='bbox 2327 2773 2434 2808; x_wconf 91' lang='lat' dir='ltr'>cum</span> <span class='ocrx_word' id='word_1_498' title='bbox 2461 2759 2552 2807; x_wconf 80' lang='lat' dir='ltr'>Fe-</span> 
     </span>
     <span class='ocr_line' id='line_1_88' title="bbox 1420 2824 2553 2888; baseline -0.002 -13"><span class='ocrx_word' id='word_1_499' title='bbox 1420 2827 1617 2885; x_wconf 84' lang='lat' dir='ltr'>retrius,</span> <span class='ocrx_word' id='word_1_500' title='bbox 1654 2840 1750 2875; x_wconf 89' lang='lat' dir='ltr'>non</span> <span class='ocrx_word' id='word_1_501' title='bbox 1788 2827 1961 2884; x_wconf 87' lang='lat' dir='ltr'>aditur,</span> <span class='ocrx_word' id='word_1_502' title='bbox 1998 2833 2062 2881; x_wconf 88' lang='lat' dir='ltr'>et,</span> <span class='ocrx_word' id='word_1_503' title='bbox 2099 2840 2160 2874; x_wconf 89' lang='lat' dir='ltr'>ne</span> <span class='ocrx_word' id='word_1_504' title='bbox 2198 2825 2388 2888; x_wconf 83' lang='lat' dir='ltr'>longius</span> <span class='ocrx_word' id='word_1_505' title='bbox 2425 2824 2553 2874; x_wconf 84' lang='lat' dir='ltr'>mul-</span> 
     </span>
     <span class='ocr_line' id='line_1_89' title="bbox 1422 2891 2554 2954; baseline -0.003 -11"><span class='ocrx_word' id='word_1_506' title='bbox 1422 2900 1497 2943; x_wconf 84' lang='lat' dir='ltr'>tos</span> <span class='ocrx_word' id='word_1_507' title='bbox 1534 2892 1670 2943; x_wconf 84' lang='lat' dir='ltr'>loves</span> <span class='ocrx_word' id='word_1_508' title='bbox 1703 2894 1898 2954; x_wconf 83' lang='lat' dir='ltr'>obeam,</span> <span class='ocrx_word' id='word_1_509' title='bbox 1932 2900 2003 2942; x_wconf 90' lang='lat' dir='ltr'>tot</span> <span class='ocrx_word' id='word_1_510' title='bbox 2035 2899 2147 2942; x_wconf 87' lang='lat' dir='ltr'>sunt</span> <span class='ocrx_word' id='word_1_511' title='bbox 2178 2891 2304 2942; x_wconf 83' lang='lat' dir='ltr'>lovis</span> <span class='ocrx_word' id='word_1_512' title='bbox 2337 2899 2554 2941; x_wconf 81' lang='lat' dir='ltr'>monstra</span> 
     </span>
     <span class='ocr_line' id='line_1_90' title="bbox 1423 2959 2552 3024; baseline 0 -16"><span class='ocrx_word' id='word_1_513' title='bbox 1423 2968 1539 3024; x_wconf 88' lang='lat' dir='ltr'>quot</span> <span class='ocrx_word' id='word_1_514' title='bbox 1575 2960 1826 3009; x_wconf 82' lang='lat' dir='ltr'>nomina.“</span> <span class='ocrx_word' id='word_1_515' title='bbox 1909 2959 2049 3019; x_wconf 82' lang='lat' dir='ltr'>Quod</span> <span class='ocrx_word' id='word_1_516' title='bbox 2097 2959 2305 3022; x_wconf 87' lang='lat' dir='ltr'>denique</span> <span class='ocrx_word' id='word_1_517' title='bbox 2340 2960 2552 3022; x_wconf 82' lang='lat' dir='ltr'>scripto-</span> 
     </span>
     <span class='ocr_line' id='line_1_91' title="bbox 1422 3025 2552 3078; baseline -0.002 0"><span class='ocrx_word' id='word_1_518' title='bbox 1422 3032 1531 3078; x_wconf 81' lang='lat' dir='ltr'>rum</span> <span class='ocrx_word' id='word_1_519' title='bbox 1568 3027 1801 3077; x_wconf 89' lang='lat' dir='ltr'>librorum</span> <span class='ocrx_word' id='word_1_520' title='bbox 1839 3025 2172 3077; x_wconf 85' lang='lat' dir='ltr'>auctoritatem</span> <span class='ocrx_word' id='word_1_521' title='bbox 2209 3034 2257 3074; x_wconf 90' lang='lat' dir='ltr'>et</span> <span class='ocrx_word' id='word_1_522' title='bbox 2289 3025 2433 3075; x_wconf 78' lang='lat' dir='ltr'>tidem</span> <span class='ocrx_word' id='word_1_523' title='bbox 2469 3041 2552 3076; x_wconf 85' lang='lat' dir='ltr'>se·</span> 
     </span>
    </p>
   </div>
   <div class='ocr_carea' id='block_1_13' title="bbox 1423 3094 2646 3159">
    <p class='ocr_par' dir='ltr' id='par_1_15' title="bbox 1423 3094 2646 3159">
     <span class='ocr_line' id='line_1_92' title="bbox 1423 3094 2646 3159; baseline -0.002 -14"><span class='ocrx_word' id='word_1_524' title='bbox 1423 3102 1560 3145; x_wconf 79' lang='lat' dir='ltr'>cutus</span> <span class='ocrx_word' id='word_1_525' title='bbox 1594 3096 1797 3159; x_wconf 75' lang='lat' dir='ltr'>Iupitros</span> <span class='ocrx_word' id='word_1_526' title='bbox 1844 3094 2002 3152; x_wconf 90' lang='lat' dir='ltr'>edidi,</span> <span class='ocrx_word' id='word_1_527' title='bbox 2056 3106 2345 3157; x_wconf 85' lang='lat' dir='ltr'>quamquam</span> <span class='ocrx_word' id='word_1_528' title='bbox 2396 3094 2553 3143; x_wconf 82' lang='lat' dir='ltr'>facilis</span> <span class='ocrx_word' id='word_1_529' title='bbox 2635 3100 2646 3113; x_wconf 68' lang='lat'>⁸</span> 
     </span>
    </p>
   </div>
   <div class='ocr_carea' id='block_1_14' title="bbox 1420 3159 2556 3698">
    <p class='ocr_par' dir='ltr' id='par_1_16' title="bbox 1420 3159 2556 3698">
     <span class='ocr_line' id='line_1_93' title="bbox 1420 3159 2553 3226; baseline -0.002 -14"><span class='ocrx_word' id='word_1_530' title='bbox 1420 3170 1529 3213; x_wconf 85' lang='lat' dir='ltr'>erat</span> <span class='ocrx_word' id='word_1_531' title='bbox 1562 3163 1806 3223; x_wconf 88' lang='lat' dir='ltr'>corrigere</span> <span class='ocrx_word' id='word_1_532' title='bbox 1838 3163 2060 3226; x_wconf 74' lang='lat' dir='ltr'>Jupiteres</span> <span class='ocrx_word' id='word_1_533' title='bbox 2119 3159 2179 3221; x_wconf 83' lang='lat' dir='ltr'>(v.</span> <span class='ocrx_word' id='word_1_534' title='bbox 2218 3160 2447 3213; x_wconf 81' lang='lat' dir='ltr'>Priscian.</span> <span class='ocrx_word' id='word_1_535' title='bbox 2479 3161 2553 3221; x_wconf 87' lang='lat' dir='ltr'>vt,</span> 
     </span>
     <span class='ocr_line' id='line_1_94' title="bbox 1424 3228 2552 3289; baseline -0.003 -10"><span class='ocrx_word' id='word_1_536' title='bbox 1424 3230 1517 3279; x_wconf 86' lang='lat' dir='ltr'>col.</span> <span class='ocrx_word' id='word_1_537' title='bbox 1557 3229 1676 3289; x_wconf 79' lang='lat'>595,</span> <span class='ocrx_word' id='word_1_538' title='bbox 1705 3228 1780 3279; x_wconf 85' lang='lat'>19.</span> <span class='ocrx_word' id='word_1_539' title='bbox 1819 3229 1894 3278; x_wconf 88' lang='lat' dir='ltr'>ed.</span> <span class='ocrx_word' id='word_1_540' title='bbox 1916 3228 2110 3278; x_wconf 85' lang='lat' dir='ltr'>Putsch.</span> <span class='ocrx_word' id='word_1_541' title='bbox 2162 3228 2304 3277; x_wconf 76' lang='lat' dir='ltr'>Varro</span> <span class='ocrx_word' id='word_1_542' title='bbox 2338 3228 2405 3277; x_wconf 84' lang='lat' dir='ltr'>De</span> <span class='ocrx_word' id='word_1_543' title='bbox 2429 3228 2552 3277; x_wconf 76' lang='lat' dir='ltr'>t..1..</span> 
     </span>
     <span class='ocr_line' id='line_1_95' title="bbox 1422 3295 2552 3357; baseline -0.001 -11"><span class='ocrx_word' id='word_1_544' title='bbox 1422 3297 1543 3357; x_wconf 83' lang='lat' dir='ltr'>vut,</span> <span class='ocrx_word' id='word_1_545' title='bbox 1578 3296 1662 3347; x_wconf 74' lang='lat'>33.</span> <span class='ocrx_word' id='word_1_546' title='bbox 1700 3297 1898 3357; x_wconf 75' lang='lat' dir='ltr'>Muell.),</span> <span class='ocrx_word' id='word_1_547' title='bbox 1967 3304 2129 3345; x_wconf 82' lang='lat' dir='ltr'>tamen</span> <span class='ocrx_word' id='word_1_548' title='bbox 2178 3310 2351 3345; x_wconf 75' lang='lat' dir='ltr'>novere</span> <span class='ocrx_word' id='word_1_549' title='bbox 2398 3295 2552 3354; x_wconf 84' lang='lat' dir='ltr'>nolui,</span> 
     </span>
     <span class='ocr_line' id='line_1_96' title="bbox 1423 3363 2556 3427; baseline 0 -14"><span class='ocrx_word' id='word_1_550' title='bbox 1423 3379 1481 3413; x_wconf 90' lang='lat' dir='ltr'>eo</span> <span class='ocrx_word' id='word_1_551' title='bbox 1531 3366 1711 3427; x_wconf 81' lang='lat' dir='ltr'>minus,</span> <span class='ocrx_word' id='word_1_552' title='bbox 1763 3378 1890 3423; x_wconf 90' lang='lat' dir='ltr'>cum,</span> <span class='ocrx_word' id='word_1_553' title='bbox 1938 3364 1979 3413; x_wconf 84' lang='lat' dir='ltr'>si</span> <span class='ocrx_word' id='word_1_554' title='bbox 2028 3371 2142 3413; x_wconf 84' lang='lat' dir='ltr'>sunt</span> <span class='ocrx_word' id='word_1_555' title='bbox 2188 3363 2556 3426; x_wconf 68' lang='lat' dir='ltr'>Menippearum</span> 
     </span>
     <span class='ocr_line' id='line_1_97' title="bbox 1423 3431 2554 3490; baseline -0.001 -9"><span class='ocrx_word' id='word_1_556' title='bbox 1423 3431 1706 3483; x_wconf 81' lang='lat' dir='ltr'>Saturarum</span> <span class='ocrx_word' id='word_1_557' title='bbox 1751 3432 1822 3482; x_wconf 88' lang='lat' dir='ltr'>illi</span> <span class='ocrx_word' id='word_1_558' title='bbox 1857 3431 1993 3481; x_wconf 79' lang='lat' dir='ltr'>loves</span> <span class='ocrx_word' id='word_1_559' title='bbox 2041 3432 2261 3490; x_wconf 84' lang='lat' dir='ltr'>trecenti,</span> <span class='ocrx_word' id='word_1_560' title='bbox 2311 3431 2455 3480; x_wconf 84' lang='lat' dir='ltr'>Varro</span> <span class='ocrx_word' id='word_1_561' title='bbox 2506 3438 2554 3480; x_wconf 90' lang='lat' dir='ltr'>et</span> 
     </span>
     <span class='ocr_line' id='line_1_98' title="bbox 1421 3498 2554 3549; baseline -0.001 0"><span class='ocrx_word' id='word_1_562' title='bbox 1421 3500 1616 3549; x_wconf 84' lang='lat' dir='ltr'>nomine</span> <span class='ocrx_word' id='word_1_563' title='bbox 1665 3513 1833 3548; x_wconf 88' lang='lat' dir='ltr'>eorum</span> <span class='ocrx_word' id='word_1_564' title='bbox 1880 3513 2000 3548; x_wconf 85' lang='lat' dir='ltr'>nove</span> <span class='ocrx_word' id='word_1_565' title='bbox 2046 3498 2335 3549; x_wconf 84' lang='lat' dir='ltr'>declinando</span> <span class='ocrx_word' id='word_1_566' title='bbox 2389 3498 2554 3548; x_wconf 77' lang='lat' dir='ltr'>neseio</span> 
     </span>
     <span class='ocr_line' id='line_1_99' title="bbox 1423 3565 2554 3630; baseline -0.002 -14"><span class='ocrx_word' id='word_1_567' title='bbox 1423 3567 1536 3630; x_wconf 86' lang='lat' dir='ltr'>quid</span> <span class='ocrx_word' id='word_1_568' title='bbox 1572 3567 1742 3617; x_wconf 86' lang='lat' dir='ltr'>ludere</span> <span class='ocrx_word' id='word_1_569' title='bbox 1777 3566 1986 3617; x_wconf 81' lang='lat' dir='ltr'>voluisse</span> <span class='ocrx_word' id='word_1_570' title='bbox 2034 3565 2354 3630; x_wconf 82' lang='lat' dir='ltr'>probabiliter</span> <span class='ocrx_word' id='word_1_571' title='bbox 2388 3566 2554 3615; x_wconf 84' lang='lat' dir='ltr'>existi-</span> 
     </span>
     <span class='ocr_line' id='line_1_100' title="bbox 1425 3634 1754 3698; baseline -0.003 -14"><span class='ocrx_word' id='word_1_572' title='bbox 1425 3634 1545 3684; x_wconf 84' lang='lat' dir='ltr'>mati</span> <span class='ocrx_word' id='word_1_573' title='bbox 1580 3635 1754 3698; x_wconf 81' lang='lat' dir='ltr'>possit.</span> 
     </span>
    </p>
   </div>
   <div class='ocr_carea' id='block_1_15' title="bbox 1419 3764 2558 4701">
    <p class='ocr_par' dir='ltr' id='par_1_17' title="bbox 1419 3764 2558 4701">
     <span class='ocr_line' id='line_1_101' title="bbox 1490 3764 2554 3832; baseline -0.006 -14"><span class='ocrx_word' id='word_1_574' title='bbox 1490 3768 1607 3832; x_wconf 85' lang='lat' dir='ltr'>Cap.</span> <span class='ocrx_word' id='word_1_575' title='bbox 1643 3768 1732 3818; x_wconf 77' lang='lat' dir='ltr'>XV.</span> <span class='ocrx_word' id='word_1_576' title='bbox 1804 3783 1846 3817; x_wconf 83' lang='lat' dir='ltr'>a.</span> <span class='ocrx_word' id='word_1_577' title='bbox 1887 3765 2201 3816; x_wconf 84' lang='lat' dir='ltr'>Lentulorum</span> <span class='ocrx_word' id='word_1_578' title='bbox 2239 3773 2285 3815; x_wconf 90' lang='lat' dir='ltr'>et</span> <span class='ocrx_word' id='word_1_579' title='bbox 2321 3764 2554 3814; x_wconf 81' lang='lat' dir='ltr'>Hostilio-</span> 
     </span>
     <span class='ocr_line' id='line_1_102' title="bbox 1419 3829 2556 3899; baseline -0.004 -15"><span class='ocrx_word' id='word_1_580' title='bbox 1419 3849 1525 3885; x_wconf 81' lang='lat' dir='ltr'>rum</span> <span class='ocrx_word' id='word_1_581' title='bbox 1572 3829 1870 3899; x_wconf 83' lang='lat' dir='ltr'>venustates]</span> <span class='ocrx_word' id='word_1_582' title='bbox 1916 3834 1998 3895; x_wconf 68' lang='lat' dir='ltr'>⁸De</span> <span class='ocrx_word' id='word_1_583' title='bbox 2034 3834 2239 3883; x_wconf 82' lang='lat' dir='ltr'>Hostilio</span> <span class='ocrx_word' id='word_1_584' title='bbox 2290 3832 2556 3893; x_wconf 86' lang='lat' dir='ltr'>mimogra-</span> 
     </span>
     <span class='ocr_line' id='line_1_103' title="bbox 1420 3899 2554 3967; baseline -0.005 -14"><span class='ocrx_word' id='word_1_585' title='bbox 1420 3903 1538 3967; x_wconf 74' lang='lat' dir='ltr'>phe,</span> <span class='ocrx_word' id='word_1_586' title='bbox 1575 3916 1720 3966; x_wconf 84' lang='lat' dir='ltr'>quom</span> <span class='ocrx_word' id='word_1_587' title='bbox 1759 3903 1881 3952; x_wconf 86' lang='lat' dir='ltr'>liber</span> <span class='ocrx_word' id='word_1_588' title='bbox 1915 3900 2155 3961; x_wconf 80' lang='lat' dir='ltr'>Agebat-di</span> <span class='ocrx_word' id='word_1_589' title='bbox 2189 3899 2554 3957; x_wconf 58' lang='lat' dir='ltr'>Admetum).</span> 
     </span>
     <span class='ocr_line' id='line_1_104' title="bbox 1420 3967 2554 4034; baseline -0.004 -14"><span class='ocrx_word' id='word_1_590' title='bbox 1420 3970 1635 4021; x_wconf 76' lang='lat' dir='ltr'>Hostium</span> <span class='ocrx_word' id='word_1_591' title='bbox 1671 3968 1902 4034; x_wconf 84' lang='lat' dir='ltr'>appellat,</span> <span class='ocrx_word' id='word_1_592' title='bbox 1939 3967 2060 4019; x_wconf 82' lang='lat' dir='ltr'>nibil</span> <span class='ocrx_word' id='word_1_593' title='bbox 2081 3974 2284 4017; x_wconf 86' lang='lat' dir='ltr'>constat.</span> <span class='ocrx_word' id='word_1_594' title='bbox 2333 3967 2554 4016; x_wconf 69' lang='lat' dir='ltr'>cnwei-</span> 
     </span>
     <span class='ocr_line' id='line_1_105' title="bbox 1424 4033 2553 4098; baseline -0.003 -12"><span class='ocrx_word' id='word_1_595' title='bbox 1424 4037 1574 4087; x_wconf 74' lang='lat' dir='ltr'>chert-</span> <span class='ocrx_word' id='word_1_596' title='bbox 1612 4037 1744 4087; x_wconf 77' lang='lat' dir='ltr'>Poet.</span> <span class='ocrx_word' id='word_1_597' title='bbox 1780 4036 1979 4085; x_wconf 86' lang='lat' dir='ltr'>Roman.</span> <span class='ocrx_word' id='word_1_598' title='bbox 2017 4035 2204 4098; x_wconf 76' lang='lat' dir='ltr'>Reliqn.</span> <span class='ocrx_word' id='word_1_599' title='bbox 2237 4046 2287 4098; x_wconf 83' lang='lat' dir='ltr'>p.</span> <span class='ocrx_word' id='word_1_600' title='bbox 2309 4033 2385 4083; x_wconf 82' lang='lat'>17.</span> <span class='ocrx_word' id='word_1_601' title='bbox 2424 4033 2553 4083; x_wconf 83' lang='lat' dir='ltr'>Len-</span> 
     </span>
     <span class='ocr_line' id='line_1_106' title="bbox 1422 4100 2554 4155; baseline -0.004 -1"><span class='ocrx_word' id='word_1_602' title='bbox 1422 4105 1575 4154; x_wconf 87' lang='lat' dir='ltr'>tulum</span> <span class='ocrx_word' id='word_1_603' title='bbox 1623 4104 1950 4155; x_wconf 80' lang='lat' dir='ltr'>Tertullianus</span> <span class='ocrx_word' id='word_1_604' title='bbox 2002 4110 2242 4152; x_wconf 84' lang='lat' dir='ltr'>memorat</span> <span class='ocrx_word' id='word_1_605' title='bbox 2285 4100 2353 4150; x_wconf 89' lang='lat' dir='ltr'>De</span> <span class='ocrx_word' id='word_1_606' title='bbox 2402 4101 2554 4150; x_wconf 84' lang='lat' dir='ltr'>Pallio</span> 
     </span>
     <span class='ocr_line' id='line_1_107' title="bbox 1424 4168 2556 4235; baseline -0.004 -13"><span class='ocrx_word' id='word_1_607' title='bbox 1424 4186 1528 4235; x_wconf 87' lang='lat' dir='ltr'>cap.</span> <span class='ocrx_word' id='word_1_608' title='bbox 1566 4171 1645 4231; x_wconf 84' lang='grc'>4.,</span> <span class='ocrx_word' id='word_1_609' title='bbox 1700 4179 1749 4221; x_wconf 90' lang='lat' dir='ltr'>et</span> <span class='ocrx_word' id='word_1_610' title='bbox 1795 4171 2113 4233; x_wconf 70' lang='lat' dir='ltr'>Hieronymus</span> <span class='ocrx_word' id='word_1_611' title='bbox 2150 4169 2266 4219; x_wconf 72' lang='grc' dir='ltr'>Λᾶν.</span> <span class='ocrx_word' id='word_1_612' title='bbox 2299 4169 2454 4218; x_wconf 79' lang='lat' dir='ltr'>Rufln.</span> <span class='ocrx_word' id='word_1_613' title='bbox 2489 4168 2556 4227; x_wconf 85' lang='lat' dir='ltr'>ll,</span> 
     </span>
     <span class='ocr_line' id='line_1_108' title="bbox 1421 4235 2558 4303; baseline -0.002 -16"><span class='ocrx_word' id='word_1_614' title='bbox 1421 4254 1471 4303; x_wconf 80' lang='lat' dir='ltr'>p.</span> <span class='ocrx_word' id='word_1_615' title='bbox 1492 4237 1608 4289; x_wconf 76' lang='lat'>414.</span> <span class='ocrx_word' id='word_1_616' title='bbox 1647 4242 1784 4297; x_wconf 86' lang='lat' dir='ltr'>(tom.</span> <span class='ocrx_word' id='word_1_617' title='bbox 1799 4239 1872 4288; x_wconf 82' lang='lat' dir='ltr'>lv.</span> <span class='ocrx_word' id='word_1_618' title='bbox 1911 4239 1984 4288; x_wconf 88' lang='lat' dir='ltr'>ed.</span> <span class='ocrx_word' id='word_1_619' title='bbox 2023 4237 2250 4297; x_wconf 85' lang='lat' dir='ltr'>Bened.):</span> <span class='ocrx_word' id='word_1_620' title='bbox 2289 4236 2385 4295; x_wconf 76' lang='lat' dir='ltr'>„Et</span> <span class='ocrx_word' id='word_1_621' title='bbox 2413 4235 2558 4299; x_wconf 74' lang='lat' dir='ltr'>quasi</span> 
     </span>
     <span class='ocr_line' id='line_1_109' title="bbox 1422 4302 2552 4356; baseline -0.004 0"><span class='ocrx_word' id='word_1_622' title='bbox 1422 4307 1621 4356; x_wconf 87' lang='lat' dir='ltr'>mimum</span> <span class='ocrx_word' id='word_1_623' title='bbox 1671 4304 1970 4355; x_wconf 80' lang='lat' dir='ltr'>Philistionis</span> <span class='ocrx_word' id='word_1_624' title='bbox 2021 4305 2093 4354; x_wconf 77' lang='lat' dir='ltr'>vel</span> <span class='ocrx_word' id='word_1_625' title='bbox 2131 4302 2316 4354; x_wconf 80' lang='lat' dir='ltr'>Lentuli</span> <span class='ocrx_word' id='word_1_626' title='bbox 2361 4318 2418 4353; x_wconf 87' lang='lat' dir='ltr'>ae</span> <span class='ocrx_word' id='word_1_627' title='bbox 2455 4302 2552 4352; x_wconf 49' lang='lat' dir='ltr'>nar</span> 
     </span>
     <span class='ocr_line' id='line_1_110' title="bbox 1422 4372 2556 4437; baseline -0.004 -14"><span class='ocrx_word' id='word_1_628' title='bbox 1422 4373 1536 4423; x_wconf 90' lang='lat' dir='ltr'>rulli</span> <span class='ocrx_word' id='word_1_629' title='bbox 1583 4374 1833 4437; x_wconf 79' lang='lat' dir='ltr'>stropham</span> <span class='ocrx_word' id='word_1_630' title='bbox 1890 4372 2096 4434; x_wconf 87' lang='lat' dir='ltr'>eleganti</span> <span class='ocrx_word' id='word_1_631' title='bbox 2150 4374 2377 4423; x_wconf 64' lang='lat' dir='ltr'>sermobe</span> <span class='ocrx_word' id='word_1_632' title='bbox 2431 4384 2556 4419; x_wconf 88' lang='lat' dir='ltr'>con-</span> 
     </span>
     <span class='ocr_line' id='line_1_111' title="bbox 1424 4437 2556 4500; baseline -0.004 -11"><span class='ocrx_word' id='word_1_633' title='bbox 1424 4440 1636 4500; x_wconf 81' lang='lat' dir='ltr'>fictam‚“</span> <span class='ocrx_word' id='word_1_634' title='bbox 1691 4448 1739 4490; x_wconf 92' lang='lat' dir='ltr'>et</span> <span class='ocrx_word' id='word_1_635' title='bbox 1773 4441 1926 4491; x_wconf 85' lang='lat' dir='ltr'>schol.</span> <span class='ocrx_word' id='word_1_636' title='bbox 1964 4440 2026 4490; x_wconf 84' lang='lat' dir='ltr'>ad</span> <span class='ocrx_word' id='word_1_637' title='bbox 2061 4437 2269 4489; x_wconf 80' lang='lat' dir='ltr'>luvenul.</span> <span class='ocrx_word' id='word_1_638' title='bbox 2303 4438 2403 4487; x_wconf 83' lang='lat' dir='ltr'>Sat.</span> <span class='ocrx_word' id='word_1_639' title='bbox 2434 4437 2556 4497; x_wconf 80' lang='lat' dir='ltr'>vul,</span> 
     </span>
     <span class='ocr_line' id='line_1_112' title="bbox 1428 4504 2556 4569; baseline -0.005 -12"><span class='ocrx_word' id='word_1_640' title='bbox 1428 4507 1542 4558; x_wconf 84' lang='lat'>186.</span> <span class='ocrx_word' id='word_1_641' title='bbox 1614 4508 1686 4559; x_wconf 75' lang='lat' dir='ltr'>Cf.</span> <span class='ocrx_word' id='word_1_642' title='bbox 1737 4508 1888 4558; x_wconf 86' lang='lat' dir='ltr'>Bothe</span> <span class='ocrx_word' id='word_1_643' title='bbox 1924 4508 2113 4569; x_wconf 77' lang='lat' dir='ltr'>Fragm.</span> <span class='ocrx_word' id='word_1_644' title='bbox 2168 4506 2350 4557; x_wconf 88' lang='lat' dir='ltr'>Comic.</span> <span class='ocrx_word' id='word_1_645' title='bbox 2401 4504 2556 4562; x_wconf 76' lang='lat' dir='ltr'>(Poet.</span> 
     </span>
     <span class='ocr_line' id='line_1_113' title="bbox 1422 4569 2555 4637; baseline -0.005 -12"><span class='ocrx_word' id='word_1_646' title='bbox 1422 4576 1545 4625; x_wconf 87' lang='lat' dir='ltr'>Latt.</span> <span class='ocrx_word' id='word_1_647' title='bbox 1574 4575 1716 4625; x_wconf 87' lang='lat' dir='ltr'>Scen.</span> <span class='ocrx_word' id='word_1_648' title='bbox 1739 4577 1925 4637; x_wconf 82' lang='lat' dir='ltr'>Fragm.</span> <span class='ocrx_word' id='word_1_649' title='bbox 1941 4575 1992 4635; x_wconf 85' lang='lat' dir='ltr'>V,</span> <span class='ocrx_word' id='word_1_650' title='bbox 2006 4574 2079 4633; x_wconf 85' lang='lat'>2.)</span> <span class='ocrx_word' id='word_1_651' title='bbox 2115 4589 2161 4637; x_wconf 88' lang='lat' dir='ltr'>p.</span> <span class='ocrx_word' id='word_1_652' title='bbox 2185 4572 2302 4622; x_wconf 79' lang='lat'>270.</span> <span class='ocrx_word' id='word_1_653' title='bbox 2349 4569 2555 4620; x_wconf 86' lang='lat' dir='ltr'>Schnei-</span> 
     </span>
     <span class='ocr_line' id='line_1_114' title="bbox 1425 4635 2558 4701; baseline -0.004 -9"><span class='ocrx_word' id='word_1_654' title='bbox 1425 4643 1512 4694; x_wconf 87' lang='lat' dir='ltr'>der</span> <span class='ocrx_word' id='word_1_655' title='bbox 1547 4643 1609 4695; x_wconf 85' lang='lat' dir='ltr'>ad</span> <span class='ocrx_word' id='word_1_656' title='bbox 1634 4644 1831 4695; x_wconf 80' lang='lat' dir='ltr'>Varron.</span> <span class='ocrx_word' id='word_1_657' title='bbox 1865 4643 1935 4692; x_wconf 88' lang='lat' dir='ltr'>De</span> <span class='ocrx_word' id='word_1_658' title='bbox 1958 4642 2024 4693; x_wconf 81' lang='lat' dir='ltr'>Re</span> <span class='ocrx_word' id='word_1_659' title='bbox 2040 4643 2176 4693; x_wconf 78' lang='lat' dir='ltr'>Rust-</span> <span class='ocrx_word' id='word_1_660' title='bbox 2213 4638 2337 4700; x_wconf 77' lang='lat'>11,3.</span> <span class='ocrx_word' id='word_1_661' title='bbox 2372 4635 2558 4701; x_wconf 80' lang='lat' dir='ltr'>p.419.</span> 
     </span>
    </p>
   </div>
  </div>
 </body>
</html>
