3263 5311
1627 315 1650 346 Ο

1184 393 1262 436 nn
1305 393 1718 438 smirna-ru.
2484 383 2614 462 063

277 541 484 623 poris,
548 557 661 608 nec
713 541 1108 606 incommodis
1164 551 1422 618 tantum,
1488 563 1695 608 verum
1751 546 1863 607 ¹¹et
1918 547 2288 612 contumeliis
2347 551 2623 615 omnibus

282 642 429 706 eniti
484 641 549 704 in
606 659 783 706 eausa
826 652 1102 706 votorum
1159 663 1426 710 suorum.
1526 646 1690 720 Quas
1745 664 1872 709 non
1922 647 2322 728 ignobilitates
2368 651 2622 716 vestium

278 740 602 808 affectant?
645 761 793 826 quse
821 762 945 808 non
970 745 1122 808 stria
1151 745 1458 810 nocturnis
1489 755 1550 814 et
1577 746 1778 810 crudis
1809 748 2262 814 salutationibus
2288 752 2622 833 occupant?

276 846 355 909 ad
398 863 637 910 omem
681 865 995 912 occursum
1037 846 1284 912 maioris
1328 845 1615 929 cuiusque
1641 867 1934 930 personae
1962 850 2374 916 decrescentes
2386 863 2433 927 τ,
2476 854 2613 916 nul-

274 947 354 1010 lis
397 946 682 1010 conviviis
726 947 991 1012 celebres
1003 947 1053 1022 ¹¹,
1108 948 1288 1010 nullis
1342 950 1880 1014 comessationibus
1924 969 2247 1036 congreges
2266 999 2282 1027 ,
2352 953 2461 1015 sed
2511 972 2617 1016 ex-

277 1048 411 1112 ules
455 1067 491 1112 a
528 1047 819 1112 libertatis
863 1058 925 1111 et
962 1049 1223 1114 laetitiae
1262 1049 1569 1126 {elicitate‚
1628 1051 1669 1082 ¹²
1684 1052 1860 1132 idque
1911 1061 2101 1116 totum
2157 1061 2401 1135 propter
2440 1054 2621 1118 unius

280 1150 420 1214 anni
462 1149 775 1214 volaticum
816 1151 1117 1231 gaudium.
1192 1150 1352 1226 Nos,
1397 1151 1559 1232 quod
1603 1152 1648 1185 ¹³
1660 1154 1961 1218 securium
2001 1154 2370 1235 virgarumve
2410 1155 2619 1235 petitio

280 1250 572 1325 sustinet,
615 1252 676 1314 in
721 1252 983 1332 periculo
1026 1253 1392 1316 aeternitatis
1435 1252 1691 1316 tolerare
1733 1253 2116 1319 dubitamus?
2175 1264 2234 1318 et
2274 1255 2618 1337 castigatio-

277 1371 419 1415 nem
460 1351 651 1417 victus
695 1361 870 1434 atque
911 1353 1103 1417 cultus
1150 1355 1393 1418 offenso·
1414 1352 1656 1418 domino
1685 1363 1995 1437 praestare
2024 1357 2388 1422 cessabimus
2406 1404 2424 1433 ,
2468 1375 2619 1438 quae

278 1454 531 1535 gentiles
572 1454 815 1518 nemine
855 1456 1099 1518 omnino
1160 1455 1325 1518 laeso
1368 1455 1479 1518 sibi
1524 1455 1838 1537 irrogant?
1928 1458 2056 1521 “Hi
2101 1468 2243 1521 sunt
2283 1459 2358 1521 de
2401 1457 2615 1539 quibus

276 1556 574 1637 scriptura
615 1565 1069 1620 commemorat:
1114 1557 1233 1620 Vae
1276 1556 1392 1622 illis
1436 1557 1539 1637 qui
1581 1543 1791 1624 delicta
1832 1579 1940 1622 sua
1983 1558 2138 1624 velut
2179 1578 2432 1641 procero
2478 1560 2620 1626 func

274 1665 544 1720 nectunt.

448 1758 512 1819 Si
556 1757 632 1820 de
675 1757 1079 1838 exomologesi
1121 1767 1439 1832 retractas,
1504 1761 1833 1841 gehennam
1895 1762 1959 1823 in
2013 1761 2191 1824 corde
2249 1761 2613 1835 ¹considera,
2655 1782 2761 1842 cap.
2783 1781 2875 1827 ιιι.

276 1877 455 1940 quam
497 1858 604 1922 tibi
648 1859 1087 1940 exomologesis
1130 1860 1494 1941 'extinguet,
1550 1871 1610 1924 et
1661 1880 1892 1941 poenae
1943 1862 2120 1948 prius·
2153 1862 2617 1942 magnitudinem

274 1961 633 2040 imaginare,
700 1961 800 2024 ³ut
855 1962 930 2025 de
983 1962 1230 2025 remedii
1287 1962 1640 2044 ⁴adoptione
1697 1982 1819 2026 non
1876 1963 2129 2026 dubites.
2239 1963 2395 2038 Quid
2454 1964 2622 2027 illum

272 2062 625 2125 thesaurum
664 2063 819 2143 ignis
863 2063 1125 2125 aeterni·
1168 2064 1617 2137 ‘aestimamuffi
1665 2083 1800 2128 cum
1827 2064 2136 2128 fumariola
2167 2049 2456 2145 quaedani
2486 2065 2616 2128 eius

272 2164 426 2228 tales
468 2165 836 2230 flammarum
879 2164 1066 2227 “ictus
1106 2164 1428 2239 suscitent,
1473 2174 1539 2227 ut
1578 2166 1882 2246 proximae
1925 2165 2103 2228 urbes
2147 2174 2249 2228 aut
2279 2166 2394 2228 iam
2422 2165 2617 2230 nullae

276 2274 478 2330 extent
537 2272 640 2328 aut
691 2265 848 2328 idem
903 2264 1019 2327 sibi
1074 2264 1183 2327 'de
1239 2265 1378 2327 dieb
1435 2266 1723 2347 sperent?
1827 2266 2143 2329 Dissiliunt
2202 2265 2618 2348 superbissimi

272 2375 512 2430 montes
555 2366 710 2447 ignis
752 2366 1110 2430 intrinsecus
1155 2365 1342 2440 ⁸fetu,
1396 2375 1457 2429 et
1496 2367 1659 2448 quod
1701 2367 1874 2430 nobis
1918 2366 2117 2428 iudicii
2159 2368 2616 2448 perpetuitatem

274 2467 521 2549 probat,
568 2486 702 2530 cum
744 2466 1067 2540 dissiliant,
1112 2485 1244 2528 cum
1290 2467 1679 2543 devorentur,
1723 2487 2024 2550 nunquam
2069 2476 2264 2530 tamen
2307 2469 2613 2530 finiuntur.

278 2568 427 2643 Quis
470 2569 620 2631 baec
660 2567 947 2649 supplicia
974 2568 1235 2632 ¹interitu
1291 2569 1581 2632 montium
1642 2589 1765 2632 non
1821 2569 2021 2632 iudicii
2077 2569 2355 2632 minantis
2411 2588 2613 2632 exem-

268 2671 457 2753 plaria
502 2669 851 2752 deputabit?
894 2671 1026 2751 quis
1072 2670 1355 2733 scintillas
1398 2671 1560 2752 tales⁸
1588 2690 1711 2734 non
1756 2672 1951 2753 magni
1994 2672 2241 2734 alicuius
2278 2679 2339 2733 et
2366 2671 2613 2733 inaesti-

276 2857 362 2908 11.
398 2860 539 2909 etism
572 2859 627 2909 B.
736 2856 815 2908 12.
850 2845 994 2923 idque
1028 2860 1191 2921 abed„
1232 2874 1291 2908 ex
1325 2861 1641 2911 emendatione
1675 2858 1804 2910 Beati
1838 2860 2058 2910 Meneni.
2129 2859 2289 2923 itaque
2323 2858 2441 2908 ΑΒΕ.
2534 2856 2612 2908 13.

275 2940 501 2978 securum
534 2927 623 2978 AB.
737 2925 815 2976 14.
851 2933 902 2974 et
936 2925 1002 2975 bii
1035 2925 1121 2976 ΑΒ.
1725 2970 1734 2985 ,

416 2994 528 3059 Cap.
564 2994 664 3044 xli.
749 2994 793 3043 1.
832 2993 1085 3043 considera
1122 2995 1273 3054 abed„
1324 3010 1384 3043 ex
1417 2996 1732 3045 emendatione
1766 2995 1896 3045 Beati
1931 2994 2148 3045 Rhenum.
2230 2994 2451 3045 desidera
2489 2993 2615 3044 ABG.

274 3059 331 3113 2.
367 3062 604 3125 extinguet
634 3061 782 3112 Asca.
824 3062 1027 3115 Vaticani
1063 3068 1170 3111 tres.
1242 3061 1472 3124 extinguit
1507 3062 1611 3112 Gale.
1706 3062 1753 3111 3.
1790 3070 1838 3112 et
1869 3063 1956 3112 ΑΒ.
2047 3061 2095 3111 4.
2136 3060 2396 3126 adoptione
2428 3061 2613 3113 ABCab.

270 3129 531 3194 adeptione
566 3131 657 3192 ed„
696 3129 792 3180 1012.
813 3129 1070 3180 Han-isius.
1175 3128 1222 3178 5.
1262 3129 1545 3191 extimemus
1579 3131 1667 3181 ΑΒ.
1755 3129 1803 3180 6.
1839 3131 1935 3181 ictu
1971 3129 2264 3180 suscitentur
2296 3130 2385 3181 AB.
2467 3128 2515 3179 7.
2553 3128 2613 3179 de

270 3197 353 3249 die
389 3198 437 3248 in
471 3197 599 3248 diem
633 3200 766 3248 A-m.
794 3213 887 3248 see.
983 3195 1031 3246 8.
1067 3196 1167 3247 retu
1200 3197 1323 3247 And.
1357 3197 1586 3249 Latinius.
1613 3197 1744 3248 Fulv.
1762 3198 1967 3251 Ursinus.
2041 3198 2168 3247 foeta
2209 3197 2342 3249 Cabc.

338 3349 384 3396 g.
420 3324 781 3398 decrescentes]
828 3331 931 3383 Hoc
979 3341 1052 3382 est
1104 3331 1390 3383 inclinantes
1493 3332 1626 3392 furit,
1691 3332 1933 3397 supplicio
1994 3332 2234 3397 nutriente
2292 3332 2612 3397 reparabitur.

268 3415 329 3453 se
365 3409 413 3451 et
446 3403 569 3451 flexu
595 3401 815 3465 corporis
840 3408 1136 3461 venerantes,
1173 3399 1391 3451 utinter-
1492 3400 1544 3450 Si
1580 3399 1640 3449 de
1677 3400 1887 3451 cruciatu
1909 3400 2262 3463 exomologesis
2285 3400 2477 3451 retracti
2497 3399 2604 3464 (leg.

266 3477 493 3536 pretatus
531 3477 605 3519 est
638 3467 678 3518 l.
713 3467 792 3518 Fr.
830 3468 1096 3519 Gronovius
1124 3466 1388 3519 Observatt.
1491 3467 1761 3528 retractas),
1799 3469 2064 3530 gebennam
2088 3468 2429 3527 recordemini,
2465 3483 2608 3533 quarn

254 3536 359 3617 μί,
381 3537 425 3587 1.
488 3537 562 3587 Cf.
597 3536 726 3600 Lips.
763 3532 912 3601 Epist.
950 3536 1163 3596 Quaestt.
1201 3535 1387 3597 m,24.
1489 3536 1623 3585 vobis
1659 3537 2012 3599 exomologesis
2049 3538 2302 3599 extinguet.
2365 3534 2467 3586 Vim
2505 3536 2610 3586 eius

266 3604 458 3671 p.544.
494 3613 610 3655 tom.
643 3604 677 3654 Ι.
726 3603 801 3654 ed.
831 3602 1013 3665 Veni„
1079 3603 1272 3653 Herald.
1325 3601 1385 3653 sd
1488 3611 1536 3653 et
1570 3603 1630 3653 de
1667 3605 2004 3669 praesentibus
2041 3605 2321 3666 aestimate3
2358 3605 2495 3653 cuius
2529 3605 2609 3653 fu-

264 3673 447 3723 Arnob.
471 3672 581 3722 Λᾶν.
602 3671 725 3722 Natt.
756 3670 794 3731 l,
831 3686 879 3736 p.
902 3669 998 3730 12..
1034 3686 1080 3735 p.
1101 3670 1179 3720 20.
1202 3670 1381 3720 ed.LB.
1486 3672 1690 3722 mariola
1726 3673 1959 3736 quaedam
1999 3673 2229 3721 maximos
2267 3680 2456 3721 montes
2488 3671 2607 3721 sub·

342 3740 390 3790 b.
424 3737 572 3789 nullis
607 3739 829 3790 conviviis
863 3734 1105 3805 celebres]
1162 3739 1262 3788 flue
1313 3746 1388 3788 est
1486 3739 1721 3789 terraneis
1770 3739 1959 3803 ignibus
2008 3741 2299 3804 decoquunt.
2378 3740 2609 3788 Aestuant

266 3807 404 3858 nulls
443 3806 650 3857 convivia
688 3807 1013 3871 frequentans.
1484 3806 1742 3857 indefessis
1803 3809 2102 3858 flammarum
2162 3806 2319 3869 globis
2364 3807 2512 3855 Aetna
2559 3813 2609 3856 et

342 3875 456 3939 Cap.
493 3874 589 3925 ΧΙΙ.
660 3890 703 3924 a.
751 3874 885 3924 illum
932 3874 1211 3924 thesaurum
1260 3874 1384 3936 ignis
1485 3874 1785 3924 Lissniculus
1806 3874 1918 3936 (leg.
1937 3876 2061 3939 apud
2080 3875 2282 3933 Siculos)
2319 3872 2605 3923 etVesuvius

265 3944 479 4003 aeterni]
515 3943 586 3994 Cf.
615 3940 814 4006 Apolog.
852 3941 1035 4007 cup-47
1076 3942 1167 4001 „Et
1202 3942 1382 4004 geben·
1486 3941 1780 4006 Campanus,
1827 3949 1875 3993 et
1921 3956 2016 4006 quo
2053 3942 2193 3992 nobis
2231 3939 2390 3991 iudicii
2425 3955 2607 4005 perpe-

266 4024 381 4062 nam
418 4012 458 4061 si
497 4010 862 4070 comminemur,
899 4022 1020 4075 quae
1057 4010 1273 4073 estignis
1302 4023 1382 4059 ar·
1484 4010 1702 4059 tuitutem
1741 4009 1966 4074 probent,
2003 4009 2263 4069 dissiliunt,
2299 4008 2604 4070 devorantur,

265 4079 377 4130 cani
400 4078 774 4131 subterraneam
824 4078 882 4128 sd
930 4092 1136 4141 poenam
1185 4074 1380 4127 thesau-
1485 4092 1575 4128 nec
1610 4077 1724 4127 ullis
1760 4086 1920 4128 temen
1955 4076 2165 4127 saeculis
2199 4075 2483 4126 finiuntur.“

500 4147 511 4157 .
828 4145 840 4156 .
1066 4146 1100 4170 ,0
1245 4146 1256 4156 .
1765 4147 1775 4158 .
2021 4144 2032 4156 .
2101 4146 2110 4155 .
2220 4145 2230 4156 .

263 4160 372 4265 {¹¹55
402 4145 1384 4278 3152'303„?3222”J.⁰·::33;..÷.5233333
1484 4145 1594 4278 ..ἒξ
1609 4141 1957 4275 effluit
1986 4144 2602 4276 ³22.:,¹3.:¹·‘.¹¹.‘.12,:÷t⁰.223;

263 4281 342 4333 cia
379 4281 594 4332 redivivis
629 4296 822 4346 quoque
842 4289 1075 4347 perpetua
1094 4281 1382 4345 corporibus
1485 4290 1534 4331 et
1580 4296 1699 4331 nove
1748 4285 1807 4333 de
1854 4284 1928 4333 die
1976 4282 2139 4331 vivitis.
2221 4281 2289 4330 Ad
2338 4280 2463 4331 Nstt.
2497 4280 2538 4340 1,
2568 4279 2599 4328 7

262 4362 427 4416 poena
462 4357 692 4399 servatur.
761 4349 915 4400 Nemo
950 4349 1058 4400 Titii
1107 4349 1240 4400 iecur
1275 4362 1382 4399 ere-
1480 4351 1584 4411 „de
1618 4351 1696 4401 die
1730 4348 2112 4400 redundemus.“
2182 4347 2367 4405 lbid.1,
2399 4348 2460 4398 10
2496 4346 2602 4409 „De

265 4418 359 4468 dat
399 4424 447 4468 et
489 4417 722 4467 vulturem
782 4422 1049 4481 poetarum.
1135 4415 1244 4480 lpse
1290 4416 1383 4467 sibi
1481 4417 1669 4479 legibus
1718 4417 1911 4483 quidem
1959 4418 2053 4467 ism
2099 4430 2247 4481 snpra
2295 4414 2474 4466 dictum
2510 4422 2601 4473 est,

263 4485 518 4537 materiem
567 4484 938 4535 recrescentium
992 4498 1247 4547 corporum
1303 4499 1382 4534 re·
1483 4485 1612 4549 quod
1650 4499 1731 4534 ess
1767 4484 1901 4534 novis
1937 4486 1995 4534 de
2030 4476 2118 4535 die‘
2141 4482 2375 4534 consultis
2402 4480 2601 4531 'consti-

261 4560 410 4619 paret
442 4553 567 4616 ignis
599 4561 840 4603 aeternus.
907 4552 1162 4610 Attendite,
1206 4553 1247 4602 si
1284 4566 1382 4602 uon
1479 4554 1692 4615 tutisque
1737 4551 2020 4603 obruistis.“
2063 4604 2066 4609 ,
2103 4550 2242 4611 Quod
2289 4550 2349 4599 ud
2397 4563 2499 4600 rem
2537 4548 2600 4599 ct.

264 4619 496 4684 creditis3
546 4633 779 4686 aquarum
812 4620 1040 4685 impetus,
1075 4620 1157 4684 qui
1193 4619 1382 4685 ignibus
1480 4618 1684 4685 Apolog.
1720 4635 1824 4684 cap.
1854 4619 1936 4670 40.
1992 4619 2060 4670 De
2096 4618 2214 4669 Pan.
2251 4631 2357 4682 cap.
2379 4616 2428 4668 6.
