3263 5311
721 404 847 467 350
1234 417 1437 468 oman-1
1482 414 1746 460 suerint
1786 413 2117 459 raoni-‚uus
2164 412 2553 458 Taurunum

721 566 965 630 sibimet
1005 566 1256 629 assumit
1299 574 1360 628 et
1403 583 1641 627 omnem
1685 564 1842 630 illam
1871 564 1910 598 ¹¹
1926 572 2392 645 expugnatorum
2418 560 2894 626 multitudinem‘
2920 579 3081 642 pro-

722 669 957 730 sternit.
1043 657 1343 729 Adversus
1387 668 1534 728 baec
1574 667 1755 745 igitur
1798 664 1973 727 nobis
2018 666 2321 744 negotium
2363 672 2488 736 est,
2554 664 2844 726 adversus
2889 661 3078 724 insti-

722 767 982 830 tutiones
1047 767 1369 841 maiorum,
1439 767 1821 829 auctoritates
1885 774 2262 845 receptorum
2273 765 2312 841 f,
2390 766 2552 846 leges
2619 763 3078 836 dominantium,

719 868 1262 949 argumentationes
1305 868 1718 948 prudentium,
1785 867 2070 929 adversus
2115 875 2500 942 vetustatem,
2558 865 3082 940 consuetudinem,

720 968 1168 1040 necessitatem,
1228 968 1513 1030 adversus
1575 968 1872 1047 exempla,
1926 967 2230 1048 prodigia,
2289 967 2600 1040 miracula,
2665 985 2816 1047 quae
2875 965 3082 1027 omnia

721 1069 1110 1133 adulterinam
1154 1068 1222 1102 ¹²
1207 1077 1383 1131 istam
1428 1070 1792 1132 divinitatem
1849 1068 2385 1130 corroboraverint.
2493 1068 2691 1140 Quare
2746 1066 3079 1128 secundum

721 1179 958 1233 vestros
1004 1170 1500 1245 commentarioS,
1559 1189 1712 1250 quos
1772 1187 1845 1231 ex
1906 1169 2069 1231 omni
2128 1168 2457 1246 theologiae
2499 1165 2719 1276 g‘e
2768 1166 3076 1246 cepistis‘,

723 1271 972 1351 gradum
1016 1271 1392 1344 conferens¹¹,
1435 1268 1716 1350 quoniam
1759 1271 1951 1331 maior
1992 1270 2053 1330 in
2095 1267 2463 1332 huiusmodi·
2505 1287 2691 1349 penes
2720 1285 2831 1329 vos
2864 1274 3078 1328 aucto-

722 1372 867 1433 ritas
923 1371 1225 1433 literarum
1291 1389 1465 1451 quam
1530 1389 1734 1432 rerum
1796 1379 1920 1442 est,
1988 1369 2136 1449 elegi
2190 1370 2264 1431 ad
2319 1368 2734 1450 compendium
2793 1366 3080 1428 Varronis

723 1472 967 1553 operak,
1025 1472 1125 1551 qui
1168 1491 1369 1533 rerum
1414 1471 1745 1533 divinarum
1788 1489 1861 1532 ex
1906 1469 2181 1533 omnibus
2225 1478 2387 1532 retro
2445 1468 2719 1550 digestis¹
2763 1485 3080 1530 commen-

721 1581 876 1636 tatus
922 1573 1200 1635 idoneum
1246 1591 1314 1633 se
1370 1572 1545 1633 nobis
1606 1590 1858 1651 scopum
1901 1569 2250 1651 ¹³exposnit.
2351 1570 2526 1632 Hunc
2579 1569 2632 1630 si
2686 1569 3080 1648 interrogem,

721 1661 1620 1755 qui'insinuatores·.deorum,
1667 1679 1770 1735 ant
1810 1671 2204 1752 philosophos
2249 1671 2523 1752 designat
2556 1679 2657 1732 aut
2684 1670 2944 1750 populos
2977 1675 3084 1730 aut

727 1860 809 1909 11.
845 1867 1222 1923 expugnatorum
1259 1861 1302 1909 b.
1373 1867 1748 1922 expugnatorem
1783 1857 1866 1907 Aa.
1981 1855 2059 1906 12.
2096 1858 2235 1907 istam
2274 1850 2564 1908 divinitatem
2599 1858 2743 1910 istam
2778 1857 3084 1907 corrobora·

722 1927 874 1977 verint
907 1929 988 1977 Aa.
1072 1927 1211 1976 istam
1247 1927 1539 1978 divinitatem
1576 1925 2012 1976 corroboraverunt
2046 1926 2089 1974 b.
2206 1923 2285 1975 13.
2323 1926 2544 1989 exposuit
2578 1928 2625 1976 b.
2707 1933 2755 1975 et
2791 1925 2958 1989 posuit
2989 1927 3083 1975 Aa.

791 2075 833 2112 e.
870 2068 1249 2126 expugnatorum
1278 2055 1660 2137 multitudinem]
1721 2059 1842 2108 Sunt

720 2130 803 2194 qni
838 2129 1103 2179 defendunt
1138 2129 1245 2178 libri
1281 2130 1519 2189 Agebardi
1555 2128 1844 2191 scripturam

721 2203 1113 2274 „eoepuqnulorem
1150 2195 1556 2246 multitudinemf‘
1627 2197 1844 2254 Quorum

723 2264 1052 2315 curiositatem
1073 2262 1237 2324 relego
1272 2263 1331 2312 ad
1364 2262 1566 2312 alterum
1605 2260 1843 2311 eiusmodi

721 2332 997 2395 prodigium
1014 2330 1216 2394 apolog.
1256 2345 1360 2395 cap.
1377 2330 1461 2391 25,
1481 2329 1652 2380 ubivel
1676 2328 1848 2415 optimi

725 2398 837 2448 libri
872 2397 1166 2461 praebent,
1166 2400 1429 2460 ,Graeciam
1463 2392 1848 2448 debellatorem.“

794 2483 827 2531 l'.
877 2483 1185 2532 auctoritates
1232 2478 1565 2545 receptorum]
1637 2480 1847 2544 Recepta

723 2557 861 2601 vocat
897 2550 1325 2610 consuetudinem,
1377 2557 1427 2599 ut
1473 2562 1583 2598 mox
1633 2556 1847 2607 vocatur,

723 2631 809 2669 seu
847 2631 969 2681 quae
1005 2617 1384 2677 consuetudine,
1432 2630 1555 2680 qnae
1590 2613 1847 2666 traditione

723 2694 952 2749 recepta.
1000 2698 1113 2734 nam
1149 2693 1197 2734 et
1247 2692 1416 2749 postea
1464 2683 1848 2733 institutionibus

724 2753 961 2803 maiorum
981 2752 1245 2817 respondet
1262 2759 1496 2802 vetustas
1534 2751 1721 2812 legibus
1758 2749 1848 2799 do-

725 2819 1006 2871 minantium
1029 2821 1320 2870 necessitas.
1353 2817 1849 2882 argumentationibus

724 2887 1033 2952 prudentium
1070 2878 1305 2952 exempla.
1341 2886 1606 2948 (Gothorr.)

763 2987 839 3091 g.
876 2968 1100 3037 cepistis]
1171 2972 1217 3020 b.
1267 2985 1309 3021 e.
1357 2970 1613 3031 hausistis,
1669 2984 1847 3021 conce·

724 3040 881 3105 pisis.

796 3124 839 3177 b.
879 3123 1080 3187 gradum
1117 3120 1399 3185 conserens]
1437 3121 1512 3172 Cf.
1548 3136 1671 3187 qnae
1692 3121 1846 3173 adno-

725 3197 886 3241 tavere
924 3192 985 3242 ad
1020 3191 1267 3254 Scorpiac.
1305 3205 1411 3255 cap.
1449 3189 1497 3240 8.

796 3275 826 3323 i.
862 3269 1164 3339 huiusmodi]
1212 3274 1467 3325 Vocabnlis
1502 3275 1768 3324 huiusmodi
1802 3279 1850 3322 et

725 3341 954 3390 eiusmodi
1002 3353 1092 3403 pro
1128 3341 1435 3391 substantivis
1472 3343 1619 3392 utitur
1655 3338 1849 3390 Tertul-

727 3406 900 3455 lianus.
888 3407 1157 3521 .2Exempla
1174 3408 1411 3472 adscripsi
1433 3408 1493 3458 ad
1511 3408 1578 3457 De
1600 3407 1846 3471 Baptismo

729 3487 783 3521 ca
877 3473 900 3523 1

788 3487 840 3587 ¹1³1.
876 3541 1103 3590 Varronis
1140 3536 1311 3603 opera]
1382 3541 1440 3591 Et
1485 3542 1610 3590 bos·
1624 3541 1848 3591 Varronis

728 3606 1002 3656 Divinarum
1033 3606 1186 3656 libros
1235 3609 1296 3657 ad
1332 3608 1672 3670 compendium
1708 3609 1853 3673 elegit

726 3674 917 3739 sibique
951 3675 1209 3739 proposuit
1242 3675 1561 3736 Augustinus,
1614 3675 1753 3725 libris
1788 3672 1851 3726 de

728 3743 927 3794 Civitate
960 3741 1062 3792 Dei.
1102 3741 1327 3793 Ceterum
1364 3756 1391 3791 e
1425 3742 1638 3792 sedecim
1675 3744 1848 3794 Varro·

728 3812 805 3861 nis
851 3810 1126 3861 Divinarum
1174 3810 1312 3859 libris
1372 3817 1577 3873 quatuor
1634 3809 1726 3859 sibi
1770 3811 1850 3861 hic

700 3892 819 3942 ,pro
854 3893 1006 3942 scopo
1035 3878 1362 3927 Tertullianus
1390 3877 1599 3939 delegit:
1620 3878 1849 3942 ‘primum

728 3946 929 4007 scilicet,
966 3946 1046 4009 qui
1084 3945 1325 4008 generalis
1348 3943 1453 4005 suit,
1490 3959 1685 4009 quoque
1709 3946 1849 3995 theo·

727 4010 885 4073 logias
919 4012 1202 4062 divisionem
1251 4011 1383 4061 illam
1425 4012 1666 4076 triplicem
1703 4012 1849 4062 Varro

730 4079 1011 4142 complexus
1058 4080 1241 4141 inerat3
1299 4093 1394 4143 qno
1448 4080 1694 4143 pertinent
1739 4086 1847 4130 octo

727 4146 891 4209 priora
928 4147 1072 4196 buius
1122 4146 1233 4195 libri
1270 4147 1454 4209 capita:
1499 4154 1599 4197 tum
1656 4154 1850 4211 postre-

728 4226 837 4263 mos
874 4220 991 4274 tres,
1027 4220 1142 4277 puta
1159 4213 1399 4263 decimum
1435 4222 1679 4279 quartum,
1715 4213 1849 4265 deci-

728 4293 862 4330 mum
880 4282 1117 4345 quintum,
1152 4280 1392 4331 decimum
1416 4289 1634 4345 sextum3
1669 4281 1717 4335 in
1738 4282 1848 4346 qni·

727 4347 821 4398 bns
856 4348 1001 4399 Varro
1050 4349 1111 4399 de
1158 4349 1252 4399 diis
1287 4348 1614 4401 Romanorum
1670 4356 1849 4411 egerat,

728 4422 843 4480 puta
891 4415 951 4466 de
998 4415 1091 4466 diis
1144 4416 1289 4467 certis
1330 4417 1455 4467 libro
1486 4415 1849 4476 11v.‚doin-

729 4482 872 4533 certis
917 4482 1044 4533 libro
1100 4484 1224 4544 XV„
1276 4483 1338 4533 de
1383 4484 1660 4549 praecipuis
1707 4490 1849 4549 atque

725 4551 921 4601 selectis
943 4548 1067 4600 libro
1088 4551 1219 4611 XVL,
1242 4550 1366 4602 libro
1387 4553 1550 4616 operis
1569 4552 1852 4603 novissimo.

724 4623 875 4680 Atque
933 4617 1010 4667 bia
1056 4618 1323 4668 refutandis
1370 4619 1695 4670 Tertullianus
1755 4634 1849 4685 po·

1945 2059 2198 2109 steriorem
2236 2059 2378 2110 buius
2425 2059 2535 2110 libri
2586 2062 2774 2123 partem
2822 2060 3084 2124 impendit.

1948 2126 2214 2186 (Gotbol'r.)

2014 2192 2047 2242 1.
2084 2208 2140 2244 ex
2175 2194 2401 2244 omnibus
2434 2201 2564 2243 retro
2597 2188 2822 2260 digestis]
2861 2193 2929 2243 De
2952 2195 3082 2246 Ter·

1948 2261 2176 2312 tullianen
2211 2269 2334 2311 retro
2370 2276 2408 2310 v.
2448 2260 2611 2311 adnot.
2648 2261 2709 2311 ad
2745 2261 2812 2310 De
2848 2262 3078 2325 Spectac-

1948 2342 2053 2391 cap.
2088 2328 2137 2377 9.
2173 2329 2387 2391 θέρει-ονε
2421 2335 2469 2378 et
2511 2330 2738 2391 digestum
2773 2329 3077 2381 Tertulliano

1948 2394 2258 2445 usitatissima
2294 2402 2408 2446 sunt
2442 2396 2688 2446 vocabula.
2726 2395 2880 2446 Pauca
2909 2412 3078 2448 exem·

1946 2463 2028 2527 pla
2064 2462 2303 2513 adscribo.
2336 2462 2538 2528 Apolog.
2578 2478 2684 2528 cap.
2703 2463 2764 2514 19
2799 2464 3077 2528 (segmento

1947 2530 2055 2580 libri
2092 2530 2278 2590 Fuld.)t
2315 2545 2504 2595 „penes
2534 2544 2678 2595 quem
2713 2540 2761 2581 et
2795 2539 3076 2598 temporum

1948 2598 2069 2647 ordo
2109 2597 2375 2663 diyestus.“
2441 2599 2511 2648 Ad
2564 2599 2686 2647 Natt.
2725 2598 2784 2659 ΙΙ,
2826 2600 2883 2648 11
2929 2601 3076 2661 „Non

1949 2667 2160 2717 contenti
2214 2681 2299 2716 eos
2347 2666 2467 2717 deos
2524 2680 2798 2718 asseverare
2850 2669 2932 2732 qni
2981 2670 3076 2719 visi

1949 2742 2098 2793 retro,
2136 2733 2283 2784 auditi
2303 2734 2681 2799 contrectatique
2707 2743 2836 2795 sunt,
2863 2750 3075 2799 quorum

1955 2801 2138 2863 effigies
2161 2801 2452 2865 descriptae,
2488 2800 2680 2863 negotia
2706 2801 2927 2865 dionid‘
2961 2812 3074 2854 cett.

1951 2869 2071 2918 lbid.
2109 2869 2148 2927 1,
2185 2869 2214 2917 7
2265 2869 2567 2929 „Viderimus
2623 2868 2684 2918 de
2719 2868 2811 2919 fide
2849 2871 3074 2930 istorum,

1950 2937 2064 2986 dum
2115 2951 2204 2986 suo
2242 2936 2351 2987 loco
2405 2934 2732 3000 diyewntur.“
2803 2936 2926 2987 ibid.
2966 2939 3004 2997 1,
3040 2939 3073 2988 9

1952 3012 2105 3068 „quot
2141 3011 2320 3069 pestes,
2357 3005 2541 3064 fames,
2578 3004 2730 3066 ignes,
2767 3004 2927 3055 hiatus
2967 3020 3074 3055 mo·

1952 3078 2124 3187 angue
2143 3079 2379 3188 tgrrarnm
2392 3070 3074 3189 sazculugnstiyzsgltg‘glbid.

1999 3173 2013 3196 ‚
2109 3173 2143 3198 „
2188 3153 2276 3188 aec
2308 3153 2457 3188 secun
2492 3153 2573 3188 nm
2610 3152 2744 3201 rnper
2937 3155 3077 3204 ispo·

1823 3228 1844 3247 ·
1949 3205 2174 3255 sitionem
2210 3206 2434 3257 Varronis
2471 3206 2728 3256 divinitatis
2764 3214 2845 3256 aut
2880 3208 3077 3258 notiora

1950 3279 2031 3321 aut
2067 3273 2329 3334 insigniora
2367 3272 2704 3336 diyeasimus.“
2770 3273 2892 3323 lbid.
2931 3275 2968 3333 l,
3011 3276 3072 3324 11

1947 3340 2033 3401 „Is
2064 3341 2194 3390 enim
2228 3341 2276 3390 in
2313 3348 2481 3405 quarta
2503 3341 2823 3392 Historiarum
2855 3356 3078 3401 suarum,

1949 3407 2030 3457 ubi
2068 3407 2126 3458 de
2164 3407 2292 3458 bello
2329 3407 2525 3458 ludaico
2562 3406 2774 3471 diqeriffl
2813 3416 2924 3459 cett.
2997 3409 3077 3460 Cf.

1916 3474 2069 3527 -CocL
2107 3474 2276 3527 lustin.
2312 3476 2349 3535 Ι,
2390 3475 2469 3537 17,
2506 3473 2538 3525 3
2587 3475 2758 3537 „Quos
2805 3476 2960 3526 libros
2995 3478 3077 3526 di—

1948 3549 2078 3606 9esta
2111 3557 2195 3591 seu
2235 3542 2496 3608 pandectas
2520 3542 2883 3608 appellavimus,
2922 3558 2978 3593 ex
3015 3557 3077 3594 eo

1949 3609 2081 3674 qnod
2115 3611 2278 3673 legum
2313 3611 2521 3660 babeant
2564 3610 2821 3660 divisiones
2854 3619 2906 3660 et
2938 3610 3078 3659 deci-

1950 3678 2147 3737 siones,
2205 3679 2415 3741 itemque
2452 3692 2507 3727 ex
2561 3691 2618 3728 eo
2655 3677 2786 3740 quod
2843 3692 2987 3728 omne
3024 3678 3077 3727 in

1952 3759 2100 3795 unum
2137 3751 2474 3807 congregatum
2513 3742 2838 3809 receperint.“

2019 3825 2082 3861 m.
2120 3808 2470 3877 insinuatores]
2506 3813 2554 3861 b.
2578 3826 2621 3862 e.
2640 3824 2720 3875 qui
2742 3810 3075 3876 suppeditant,

1949 3878 3078 4009 3t3f32.52.2¹22·“¹⁸.222.22513..?...122

1952 4014 2014 4063 cf.
2050 4004 2255 4064 Salmas.
2293 4013 2353 4063 ad
2379 4013 2652 4080 Capitol.p
2655 4012 2804 4064 ,406-
2844 4014 3076 4065 Buenem.

1950 4080 2012 4130 ad
2046 4080 2261 4132 Lactant.
2296 4082 2413 4131 inst.
2465 4081 2565 4131 Div.
2601 4080 2711 4141 Vll,
2769 4079 2832 4131 12
2869 4097 2921 4145 p.
2955 4080 3076 4133 925.

1950 4146 2188 4199 Dedericb
2209 4149 2391 4199 introd.
2414 4149 2473 4198 ad
2495 4149 2615 4199 Dict.
2632 4148 2757 4199 Cret.
2780 4163 2830 4213 p.
2844 4149 3080 4214 XLleq.

1948 4215 2177 4281 interprr.
2205 4216 2263 4266 ad
2292 4216 2430 4281 Apul.
2452 4216 2639 4266 Metam.
2657 4215 2753 4275 v11,
2795 4216 2874 4266 11.
2914 4217 3076 4268 Gloss-

1951 4283 2458 4345 Philox.„1nsinuute,
2498 4252 2844 4342 δηλώσατε.“
2915 4284 3077 4343 „Insi-

1950 4355 2145 4412 numia,
2172 4320 2536 4400 biduanum.
2564 4354 2602 4378 ‘⁸'
2671 4351 2746 4401 Cf.
2782 4351 2856 4403 Du
2907 4350 3076 4414 Cangii

1951 4419 2156 4469 Lexicon
2193 4434 2236 4468 s.
2270 4434 2312 4468 v.
2360 4419 2624 4479 insinuator
2667 4418 2843 4481 legitur
2877 4419 2929 4468 in
2964 4418 3078 4468 locu

1952 4493 2179 4551 corrupto
2215 4485 2410 4536 Arnobii
2442 4485 2700 4537 Adv.Natt.
2734 4485 2776 4535 1.
2809 4484 2877 4536 63
2915 4485 3081 4547 „Cum

1953 4555 2079 4604 enim
2116 4554 2176 4602 de
2211 4554 2482 4605 animarum
2507 4552 2736 4618 periculis
2755 4553 2910 4605 multa
2945 4553 3081 4605 mata

1952 4620 2011 4672 de
2049 4620 2240 4671 illarum
2293 4629 2461 4674 contra
2514 4623 2803 4683 insinuator,
2855 4624 3085 4687 magister
