3263 5311
633 399 763 463 756
1148 412 1351 463 ouum
1396 409 1661 454 smmn
1704 407 2037 453 nonnis
2080 407 2474 451 reni-umam

635 573 799 639 stra,
839 563 1024 626 immo
1071 561 1329 623 suffusio
1349 605 1367 633 ,
1411 557 1466 622 si
1507 558 1663 640 pigri
1707 558 1749 591 ¹⁸
1764 558 1955 622 simus
1999 558 2075 620 ad
2102 556 2525 620 continentiam
2558 556 2673 620 deo
2702 555 2997 618 exhihen-

635 667 806 739 dam,
854 663 1082 743 ”quam
1125 660 1361 723 diabolo
1405 659 1646 739 quidam
1689 657 2027 739 praestant,
2074 676 2233 721 nunc
2273 658 2639 736 virginitate,
2696 675 2858 719 num
2896 657 2993 717 vi-

635 766 859 829 duitate
900 749 1262 843 ”perpetum
1349 760 1691 823 ²³¹Novimus
1736 760 1995 839 virgines
2039 760 2282 834 Vestae,
2326 757 2448 820 ²'·’et
2487 757 2737 820 Iunonis
2779 756 2993 837 ”apud

635 864 888 928 Achaiae
933 863 1218 945 oppidum
1235 909 1251 935 ‚
1316 861 1360 894 ²⁴
1376 868 1438 923 et
1477 860 1770 941 Apollinis
1824 862 1979 941 apud
2037 860 2300 940 Delphos
2316 907 2334 930 ‚
2408 868 2469 922 et
2518 859 2564 891 ²⁵
2580 858 2883 921 Minervae
2930 867 2997 919 et

636 966 858 1028 Dianae
901 964 1253 1045 quibusdam
1294 962 1468 1025 locist
1532 961 1878 1024 ”Novimus
1922 971 1985 1023 et
2024 961 2402 1023 continentes
2429 961 2624 1034 viros,
2668 959 2829 1021 ”bet
2854 959 2993 1039 qni-

636 1067 774 1128 dem
819 1065 972 1127 tauri
1018 1064 1177 1126 illius
1221 1061 1486 1142 Aegqptii
1531 1062 1901 1124 antistites³:
1946 1063 2198 1125 feminas
2238 1080 2384 1123 vero
2412 1060 2673 1123 ”Cereri
2704 1060 2991 1122 ”Ah-ica·

635 1185 750 1229 nae
763 1172 805 1240 ⁸,
851 1165 945 1227 cui
989 1164 1164 1227 etiam
1207 1161 1484 1243 ”sponte
1527 1162 1798 1225 abdicato
1827 1163 2208 1230 matrimonio
2250 1162 2719 1235 ”assenescung
2762 1160 2993 1224 ³¹avet·-

638 1276 843 1331 santes
888 1266 1101 1328 exinde
1144 1271 1482 1326 contactum
1521 1264 1927 1326 masculorum
1968 1282 2163 1344 usque
2207 1263 2281 1324 ad
2313 1263 2514 1324 oscula
2544 1257 2825 1324 filiorum.
2892 1261 2997 1323 In·
3040 1261 3049 1270 '

633 1366 802 1430 venit
842 1366 1125 1428 ”scilicet
1166 1364 1440 1427 diabolus
1483 1373 1628 1444 post
1667 1364 1957 1427 luxuriam
1999 1364 2235 1426 ”etiam
2277 1364 2664 1426 ⁸¹castitatem
2703 1361 2995 1442 perditri-

640 1488 810 1543 cem,
851 1486 991 1547 ‚quo
1037 1466 1282 1546 ”magis
1334 1484 1476 1527 reus
1531 1456 1613 1527 sit
1652 1465 2030 1527 Christianus
2085 1466 2189 1545 qui
2246 1465 2579 1527 castitatem
2632 1464 3000 1526 reoesaverit

639 1568 1162 1632 conservatricem.
1248 1566 1440 1627 Erunt
1482 1566 1660 1628 nobis
1706 1565 1766 1627 in
1812 1566 2231 1628 testimonium
2288 1576 2351 1627 et
2400 1566 2654 1627 feminae
2708 1565 2999 1646 quaedam

629 1649 974 1732 ⁵saeculares
1022 1668 1100 1729 oh
1157 1667 1489 1729 univiratus
1546 1666 2014 1728 obstinationem
2062 1667 2277 1728 famam
2320 1665 2773 1740 ³‘'consecutae,
2826 1665 2873 1697 '³
2887 1666 3002 1727 ali·

639 1789 758 1849 qua
797 1767 1002 1843 Dido¹‚
1068 1786 1219 1848 quae
1262 1768 1514 1848 profuga
1556 1769 1621 1829 in
1666 1767 1859 1830 alieno
1907 1766 2073 1839 solo,
2139 1767 2241 1828 uhi
2297 1768 2537 1848 nuptias
2580 1767 2797 1846 ³⁸regis
2841 1767 2999 1827 ultro

639 1869 984 1950 ”boptasse
1027 1869 1343 1940 debuerat,
1387 1886 1465 1928 ne
1492 1876 1691 1929 tamen
1723 1867 2017 1929 secundas
2046 1867 2447 1947 experiretur,
2490 1867 2757 1930 ⁸‘'maluit
2784 1886 2820 1929 e
2850 1885 3001 1928 oon-

641 1970 867 2031 trario⁸
911 1969 1061 2030 ⁴⁰uri
1105 1986 1281 2048 quam
1323 1968 1585 2044 nubere3
1628 1967 1725 2029 vel
1765 1968 1862 2029 illa
1892 1968 2198 2041 Lucretia,
2245 1987 2395 2048 quae
2438 1969 2477 2000 ⁴¹
2498 1971 2615 2030 etsi
2662 1968 2857 2030 semel
2892 1985 3009 2048 per

641 2068 762 2130 vim
805 2076 864 2131 et
927 2068 1111 2131 invita
1164 2068 1343 2130 alium
1401 2069 1591 2131 ¹virum
1645 2087 1820 2148 passa
1879 2076 1998 2142 ost,
2069 2070 2358 2148 sauguine
2419 2088 2529 2131 suo
2596 2068 2999 2131 “maculatam

640 2187 880 2233 carnem
926 2169 1141 2243 abluit,
1209 2188 1287 2231 ne
1329 2168 1608 2230 ”viveret
1663 2169 1782 2231 iam
1840 2187 1962 2231 non
2020 2169 2133 2230 sibi
2178 2170 2429 2231 univira.
2514 2170 2691 2232 Plura
2735 2169 3001 2251 exempla

651 2420 732 2471 18.
769 2421 921 2471 simus
955 2421 1006 2470 A.
1090 2436 1259 2470 snmus
1297 2424 1343 2472 d.
1454 2421 1531 2473 19.
1568 2438 1662 2486 qna
1698 2422 1893 2472 diabolo
1931 2424 2125 2487 quidam
2173 2425 2430 2488 (quaedam
2467 2423 2538 2484 B.)
2570 2434 2702 2476 stant
2734 2427 2827 2476 BD.
2908 2441 3002 2490 qna

643 2487 845 2539 diabolo
881 2489 962 2550 qui
999 2489 1230 2538 antistant
1263 2491 1364 2539 obe.
1451 2491 1583 2539 Fulv.
1622 2491 1816 2540 Ursinus
1850 2494 2064 2542 rescribit
2109 2492 2229 2542 enm
2278 2501 2436 2542 autem
2474 2493 2552 2542 dei
2588 2494 2652 2544 sit
2686 2494 2861 2543 simius
2894 2501 3007 2543 tn-

640 2562 746 2605 tum
782 2554 985 2604 Satanas
1022 2555 1082 2604 ad
1119 2556 1464 2619 perficiendum
1505 2559 1780 2620 provocatio
1816 2566 1891 2608 est
1926 2559 2078 2610 nostri
2117 2583 2181 2594 —-
2218 2585 2283 2595 —
2336 2562 2445 2623 quia
2493 2560 2692 2611 diaholo
2740 2562 2825 2624 qui
2876 2563 3001 2611 anti-

642 2628 778 2673 stant
812 2627 915 2672 cett.
1032 2621 1113 2672 20.
1161 2623 1412 2685 periurant
1446 2624 1539 2674 BD.
1622 2625 1801 2676 evirant
1835 2629 1936 2678 abe.
2063 2626 2145 2677 21.
2183 2627 2415 2678 Noveram
2451 2627 2631 2679 BDobe.
2716 2629 3011 2679 moverimus

644 2691 781 2740 Folo.
818 2690 1027 2739 Ursinus.
1149 2689 1232 2740 22.
1278 2699 1325 2740 et
1359 2692 1560 2741 lunonis
1605 2708 1695 2742 om.
1731 2694 1883 2745 BDab.
2006 2694 2091 2745 23.
2138 2695 2268 2758 apud
2312 2697 2557 2746 Aelianum
2603 2697 2782 2747 BDabc.
2876 2697 3003 2760 apud

638 2757 867 2807 Achaiam
905 2757 1036 2806 Γαῖα.
1055 2757 1263 2807 Ursinus.
1336 2760 1464 2822 apud
1498 2759 1704 2809 Achaiae
1737 2762 1936 2824 Aegium
1972 2763 2065 2813 Ios.
2084 2764 2307 2826 Scaliger.
2399 2762 2481 2813 24.
2519 2772 2564 2814 et
2596 2764 2841 2828 Apollinis
2876 2763 3005 2827 apud

639 2823 858 2887 Delphos
892 2824 985 2873 los.
1010 2825 1232 2886 Scauyer.
1304 2834 1353 2874 et
1387 2826 1622 2889 Apollinis
1659 2830 1787 2891 apud
1824 2829 2046 2894 Ephesos
2063 2832 2147 2880 Ad.
2220 2839 2267 2880 et
2304 2832 2480 2881 atrocis
2517 2832 2644 2895 apud
2682 2831 2895 2895 delphos
2927 2847 3005 2880 re-
3114 2860 3123 2865 ·

641 2891 778 2955 liqui.
857 2888 942 2940 25.
979 2890 1212 2939 Minervae
1247 2892 1535 2955 quibusdam
1572 2894 1694 2945 locis
1728 2898 1815 2946 Ad.
1884 2896 2120 2947 Minervae
2155 2905 2203 2946 et
2239 2898 2417 2947 Dianae
2452 2899 2628 2963 quibus
2660 2900 2787 2949 locis
2824 2899 3003 2949 aneae.

639 2958 878 3007 Minervae
914 2965 962 3007 et
997 2957 1176 3007 Dianae
1211 2960 1439 3008 omnibns
1476 2960 1597 3011 locis
1634 2964 1760 3013 Fulv.
1786 2965 1995 3014 Ursinus.
2094 2965 2175 3015 26.
2211 2965 2445 3015 Noveram
2483 2967 2787 3016 continentes
2824 2967 3007 3023 (eonti-

642 3026 836 3074 nentiae
869 3024 983 3083 BD.)
1018 3024 1198 3076 BDabc.
1280 3026 1565 3076 Noverimus
1612 3030 1911 3081 continentes
1959 3033 2091 3082 Fulv.
2130 3034 2339 3083 Ursinus.
2457 3032 2523 3083 26
2538 3034 2584 3081 h.
2628 3035 2771 3084 Verba
2808 3042 2859 3083 et
2891 3034 3007 3096 qai-

641 3091 755 3141 dem
790 3117 858 3128 ·-
893 3117 959 3127 -
994 3116 1066 3127 -
1099 3096 1374 3142 aversantes
1409 3096 1460 3143 in
1478 3094 1529 3144 Β.
1565 3110 1659 3145 non
1696 3106 1868 3148 extant.
1964 3099 2046 3150 27.
2085 3101 2277 3151 Caereri
2312 3103 2363 3150 A.
2437 3101 2629 3151 Cereris
2662 3102 2847 3152 BDebe.
2916 3099 3000 3150 28.

641 3158 910 3208 Affricanae
944 3156 1044 3221 Ap.
1126 3160 1425 3223 Aphrieanae
1459 3163 1576 3212 naa.
1682 3162 1765 3213 29.
1799 3174 1848 3215 et
1881 3176 2055 3228 sponte
2091 3168 2144 3217 D.
2263 3166 2344 3217 30.
2382 3176 2701 3219 asseneseuut
2732 3167 2834 3231 Αβ.
2918 3168 3005 3218 31.

645 3234 922 3276 aversantes
959 3225 1128 3276 exinde
1165 3235 1439 3277 contactum
1478 3229 1804 3280 masculorum
1844 3248 1996 3297 usque
2024 3234 2082 3283 ad
2102 3234 2268 3283 oscula
2288 3234 2499 3285 filiorum
2534 3238 2620 3287 Ad.
2688 3235 2871 3285 Exinde
2906 3250 3009 3299 qno

711 3300 787 3342 cto
827 3294 1154 3343 masculorum
1193 3309 1346 3359 usqne
1383 3295 1442 3344 ad
1479 3296 1645 3345 oscula
1671 3297 1876 3348 filiorum
1906 3302 1997 3351 BD.
2069 3301 2248 3350 Exinde
2284 3302 2510 3366 adempto
2547 3311 2768 3353 contactu
2809 3316 3005 3352 masa-

641 3373 823 3476 ἕῆἓιῗέ.
844 3374 997 3476 ““ἓ“ἑῗ
1026 3360 1712 3482 ἒέ.ιῖἷζῗῖ;’”.ι,ῗῖ“ῗέἒ..ῗέἕ..
1813 3362 1899 3482 ἓξὲξ
1932 3369 2482 3487 ἑῗὲ“ῗὲ.3ἑ”·ηῧξῖἶζ“·
2545 3369 3009 3488 3ἕ3ὲ.ἑῗὲ,“’..ῗ

643 3500 841 3542 secutae
875 3490 974 3557 Αβ.
1045 3494 1222 3544 famam
1261 3506 1590 3559 consequutae
1626 3501 1671 3548 d.
1756 3511 2080 3565 consequetur
2113 3503 2205 3552 ΒΗ.
2311 3502 2394 3553 37.
2443 3504 2603 3568 aliqua
2641 3505 2763 3555 Dido
2796 3507 2882 3555 Ad.
2956 3512 3009 3553 ιι

644 3557 770 3608 nido
807 3562 908 3610 abe.
978 3569 1060 3611 aut
1095 3561 1254 3612 divino
1289 3563 1327 3612 Β
1349 3564 1427 3623 (m.
1442 3565 1562 3680 gir.)
1578 3567 1631 3616 D.
1738 3566 1819 3618 38.
1854 3571 1983 3631 regis
2018 3571 2126 3620 solo
2175 3570 2301 3619 ultro
2339 3572 2393 3620 D.
2499 3570 2564 3621 38
2588 3573 2635 3622 h.
2672 3573 2868 3621 obtasse
2903 3570 3007 3632 Δβ.

641 3624 729 3677 39.
751 3622 937 3677 'maluit
971 3630 1213 3679 contrario
1231 3630 1324 3680 BD.
1406 3630 1440 3680 4
1529 3634 1609 3683 uni
1648 3648 1790 3697 quam
1825 3651 1913 3686 om.
1928 3637 2018 3688 BD.
2102 3635 2188 3686 41.
2225 3645 2277 3687 nt
2306 3638 2577 3689 semelobe.
2650 3648 2700 3688 et
2732 3638 2887 3690 semel
2912 3639 3009 3689 BD-

641 3691 728 3743 42.
766 3694 1006 3745 maculata
1042 3695 1135 3746 BD.
1239 3696 1325 3747 43.
1362 3698 1515 3749 vivere
1550 3697 1650 3763 Αβ.

714 3929 763 3979 d.
799 3932 923 3981 tauri
961 3930 1091 3982 illius
1126 3931 1338 3996 Aegyptii
1378 3929 1662 3998 antistites]
1700 3934 1775 3985 Cl'.
1878 3944 1925 3985 et
1960 3936 2278 3988 Hasdrubalis
2311 3953 2530 3999 uxorem,
2567 3954 2692 4005 quae
2726 3940 3009 4010 apprehen-

643 3994 967 4058 Hieronymus
999 3998 1030 4047 l.
1058 3999 1092 4048 l.
1141 4000 1342 4050 Tertull.
1380 4000 1451 4050 De
1470 4001 1772 4063 Monogamia
1877 4005 1946 4053 sis
1983 4011 2186 4069 utraque
2235 4020 2379 4056 mauu
2430 4007 2596 4057 liberis
2644 4009 2694 4057 in
2730 4009 3007 4058 subiectum

648 4075 755 4124 cap.
784 4062 863 4112 17.
1877 4085 1931 4120 se
1966 4073 2297 4136 praecipitavit
2330 4075 2623 4134 incendium,
2660 4089 2721 4125 ne
2741 4075 3013 4138 pudicitiae

713 4142 761 4179 e.
806 4130 1013 4181 feminas
1044 4146 1156 4184 vero
1182 4132 1346 4183 Cereri
1380 4129 1658 4198 Africanae]
1694 4136 1771 4186 (ΣΙ.
1878 4137 2053 4189 damna
2114 4143 2348 4203 sentiret3
2419 4149 2467 4191 et
2511 4141 2817 4203 Lucretiam,
2882 4156 3009 4207 quoe

645 4194 714 4244 Ad
755 4195 895 4245 Uxor.
936 4196 975 4256 l,
1006 4197 1055 4246 6.
1878 4205 2056 4255 amissa
2105 4208 2259 4269 gloria
2310 4210 2542 4259 eastitatis
2592 4208 2751 4259 noluit
2784 4209 3015 4274 pollutae

703 4262 945 4339 =[fliqna
981 4260 1130 4331 Dido]
1181 4266 1253 4317 De
1298 4270 1592 4330 pronomine
1622 4271 1775 4335 aliqui
1877 4274 2201 4324 eonscientiae
2235 4276 2575 4339 supervivere“
2624 4284 2735 4326 cett.
2808 4277 3003 4327 Eisde-

644 4330 924 4380 nominibus
957 4334 1171 4396 propriis
1208 4334 1370 4384 addito
1411 4337 1474 4385 cr.
1511 4336 1675 4387 adnot.
1711 4339 1771 4388 ad
1877 4340 2112 4404 exemplis
2148 4356 2267 4393 usus
2303 4351 2379 4392 est
2412 4342 2738 4394 Tertullianus
2775 4344 2848 4394 Ad
2882 4344 3005 4394 Hat-

640 4396 845 4459 Apolog.
886 4413 993 4462 cap.
1022 4398 1101 4449 11.
1158 4400 1226 4449 De
1261 4416 1316 4451 re
1351 4402 1413 4452 οῖ.
1451 4403 1774 4468 Hieronymus
1876 4414 2004 4470 tyras
2040 4423 2144 4473 cap.
2163 4409 2212 4459 4.
2252 4417 2300 4459 et
2332 4410 2532 4474 Apolog.
2571 4410 2783 4475 eap.50.

639 4464 702 4539 ad
736 4464 1052 4525 Ageruehiam
1087 4467 1290 4530 12:144:
1337 4469 1620 4534 „stringam
1657 4472 1773 4522 hre-
1942 4490 1987 4538 g.
2025 4491 2051 4525 e
2086 4473 2358 4542 contrario]
2405 4479 2671 4542 Apostolus
2704 4477 2854 4529 dixit:
2908 4476 3017 4526 He-

637 4536 760 4579 viter
794 4533 1011 4594 reginam
1052 4534 1373 4597 Carthaginis,
1425 4552 1550 4601 quae
1599 4539 1771 4590 ardere
1874 4541 1971 4593 lius
2006 4550 2080 4594 est
2118 4545 2301 4597 nubere
2334 4559 2478 4610 quam
2516 4546 2608 4597 uri.

641 4597 796 4658 magis
834 4599 982 4650 voluit
1017 4615 1162 4666 qaam
1191 4602 1397 4655 Hiarhae
1425 4607 1526 4667 regi
1564 4606 1770 4676 nabere,
