3263 5311
2533 232 2562 259 d

1116 396 1205 483 ne
1236 440 1643 486 mocon-rau.
2426 428 2545 491 103

226 588 351 651 Hoc
390 589 707 670 praecepit,
754 606 831 650 ne
872 587 1018 651 deos
1058 607 1337 653 vocemus
1380 591 1538 654 illos.
1625 591 1774 654 Nam
1815 599 1874 653 ct
1914 591 1978 654 in
2016 592 2204 673 prima
2243 600 2411 673 parte
2450 591 2540 655 le-

224 691 338 770 gis,
394 690 532 753 Non
575 709 805 764 sumes,
862 689 1076 773 inquit,
1134 709 1350 754 nomen
1407 692 1628 754 domini
1686 692 1779 754 dei
1843 693 1926 755 tui
1989 692 2050 754 in
2103 710 2272 766 vano,
2338 694 2397 757 id
2450 703 2822 764 estexoa.xx‚·1

224 791 402 853 idolo.
494 791 715 853 Cecidit
756 790 932 871 igitur
974 793 1035 853 in
1078 791 1464 855 idololatriam
1510 793 1607 873 qui
1652 793 1873 855 idolum
1913 793 2154 856 nomine
2206 794 2300 855 dei
2341 794 2539 857 hono-

221 893 453 955 raverit.
544 892 773 965 Quodsi
816 894 960 954 deos
1015 894 1322 956 dicendum
1379 894 1538 968 crit⁰‚
1603 894 1967 957 adiciendum
2025 902 2119 955 est
2158 896 2372 976 aliquid
2425 916 2542 977 quo

222 1002 514 1075 appareat,
578 991 747 1074 quia‘
777 1012 902 1055 non
946 1012 1054 1074 ego
1097 994 1231 1055 illos
1287 996 1433 1057 deos
1490 995 1643 1057 dico.
1738 996 1883 1057 Nam
1939 1003 1999 1057 et
2053 996 2338 1077 scriptura
2393 998 2539 1060 deos

221 1096 505 1167 nominat,
550 1095 658 1157 sed
699 1095 873 1156 adicit
915 1114 1060 1156 suos
1102 1095 1192 1156 vel
1234 1095 1571 1172 nationum3
1616 1097 1769 1159 sicut
1806 1096 2004 1170 David,
2060 1115 2194 1157 cum
2234 1097 2379 1158 deos
2424 1116 2538 1159 no-

224 1198 525 1270 minasset,
572 1196 670 1258 ubi
715 1195 822 1269 ait,
852 1196 1004 1266 ’Dei
1057 1205 1250 1258 autem
1304 1196 1605 1261 nationum
1661 1197 1983 1259 daemonia.
2071 1196 2188 1258 Sed
2229 1197 2345 1259 hoc
2395 1198 2537 1261 mihi
2563 1206 2636 1250 ¹³⁸·
2660 1204 2777 1257 ΕΠ.
2795 1207 2854 1248 4-·

225 1299 289 1359 ad
340 1296 657 1377 sequentia
710 1297 895 1375 magis
948 1306 1378 1377 praestructum
1432 1307 1543 1361 est.
1633 1298 1905 1361 Ceterum
1958 1299 2401 1360 consuetudinis
2444 1299 2534 1359 vi-

226 1400 357 1461 tium
400 1406 504 1460 est
543 1398 872 1459 Mehercule
916 1398 1129 1472 dicere,
1172 1399 1396 1461 Medius
1428 1399 1648 1474 Fidius,
1693 1401 2000 1462 accedente
2028 1400 2351 1479 ignorantia
2379 1418 2534 1479 quo-

225 1502 499 1573 rundam,
572 1500 672 1579 qui
728 1499 1050 1579 ¹⁰ignorant
1104 1500 1509 1562 iusiurandum
1575 1520 1713 1562 esse
1776 1520 1884 1580 per
1934 1501 2262 1563 Herculem.
2346 1500 2536 1563 Porro

228 1603 355 1683 quid
394 1601 572 1661 ¹¹erit
612 1600 855 1661 deiratio
899 1620 1006 1681 per
1048 1619 1154 1662 eos
1200 1620 1350 1681 quos
1406 1601 1638 1676 eirasti,
1709 1621 1884 1681 quam
1934 1602 2347 1683 praevaricatio
2403 1601 2538 1664 fidei

230 1721 349 1765 cum
386 1699 775 1763 idololatria?
820 1701 951 1781 quis
996 1700 1170 1776 enim,
1216 1722 1323 1783 per
1367 1703 1800 1784 quos-deierat,
1847 1722 1970 1765 non
2012 1702 2309 1766 honorat?

379 1802 742 1866 Timiditatis
772 1809 865 1862 est
893 1810 1106 1877 autem,
1151 1822 1282 1865 cum
1324 1812 1383 1865 te
1426 1806 1573 1866 alius
1614 1823 1723 1886 per
1763 1805 1909 1866 deos
1955 1824 2099 1866 suos
2132 1805 2346 1885 obligat
2374 1805 2534 1866 iura-
2567 1821 2679 1879 cap.
2712 1820 2820 1869 ιιι.

234 1905 374 1968 tione
414 1905 514 1966 vel
560 1904 748 1982 aliqua
792 1902 1221 1978 testificatione,
1267 1913 1326 1966 et
1368 1913 1450 1979 tu,
1495 1926 1570 1968 ne
1602 1905 2008 1986 intellegaris·,
2055 1905 2331 1986 quiescis,
2387 1907 2534 1968 Nam

237 2025 395 2088 aeque
441 2004 807 2087 quiescendo
852 2005 1162 2066 confirmas
1204 2006 1565 2069 maiestatem
1609 2026 1845 2081 eorum,
1903 2007 2068 2069 cuius
2123 2028 2295 2069 causa
2337 2008 2531 2071 ¹vide-

238 2107 375 2169 beris
450 2106 768 2186 obligatus.
869 2105 1025 2178 Quid
1093 2108 1293 2181 refert,
1368 2108 1515 2170 deos
1586 2109 1889 2170 nationum
1959 2107 2203 2169 dicendo
2258 2111 2404 2171 deos
2458 2128 2533 2171 an

240 2211 505 2271 audiendo
553 2204 915 2270 confirmes?
966 2206 1160 2268 'iures
1201 2225 1308 2288 per
1348 2207 1521 2283 idola,
1565 2228 1641 2271 an
1684 2209 1755 2270 ab
1799 2209 1911 2271 alio
1956 2209 2253 2271 adiuratus
2296 2210 2532 2289 acquie-

244 2309 393 2371 soes?
434 2310 562 2371 Cur
589 2327 713 2369 non
742 2327 1129 2386 agnoscamus
1173 2309 1462 2370 versutias
1509 2319 1762 2385 satanae,
1808 2312 1926 2391 qui,
1972 2311 2131 2391 quod
2175 2331 2278 2373 ore
2321 2319 2532 2372 nostro

244 2413 495 2489 perficere
540 2429 667 2471 non
707 2418 936 2490 potest,
1005 2408 1065 2470 id
1123 2408 1271 2488 agit,
1330 2416 1395 2471 ut
1444 2430 1688 2472 suorum
1746 2431 1850 2474 ore
1899 2412 2159 2493 perficiat
2213 2431 2319 2492 per
2361 2430 2532 2474 aures

243 2509 507 2574 ’inferens
552 2510 730 2572 nobis
774 2509 1204 2572 idololatriam?
1248 2510 1415 2574 Certe
1459 2512 1724 2593 quisquis
1768 2514 1863 2575 ille
1906 2521 2028 2587 est,
2074 2522 2171 2575 aut
2212 2513 2394 2574 amica
2436 2520 2536 2574 aut

241 2613 447 2676 inimica
488 2612 918 2693 congressione
958 2611 1317 2693 ‘adstringit
1406 2613 1469 2676 Si
1511 2614 1760 2690 inimica,
1807 2616 1921 2677 iam
1961 2615 2033 2678 ad
2074 2634 2326 2697 pugnam
2356 2634 2531 2676 voca-

242 2716 337 2786 ris
377 2727 433 2777 et
471 2716 592 2777 scis
638 2714 743 2775 tibi
787 2713 1177 2776 dimicandum
1220 2734 1385 2777 esse:
1431 2716 1484 2776 si
1527 2717 1727 2792 amica,
1774 2713 1989 2797 quanto
2036 2718 2301 2777 securius
2331 2716 2392 2776 in
2421 2715 2534 2776 do-

252 2816 455 2877 minum
507 2817 827 2877 transferes
891 2816 1309 2895 ‘sponsionem
1375 2824 1564 2890 tuam,
1639 2827 1702 2879 ut
1767 2818 2055 2878 dissolvas
2124 2814 2535 2893 obligationem

258 2915 394 2989 eius,
432 2936 534 2995 per
574 2936 741 2997 quem
786 2925 844 2978 te
886 2918 1073 2978 malus
1117 2917 1329 2978 honori
1373 2917 1685 2990 idolorum,
1731 2917 1790 2978 id
1820 2926 1913 2977 est
1940 2916 2317 2986 idololatriae,
2349 2933 2530 2993 quae-

251 3016 410 3078 rebat
464 3028 778 3081 annectere.
866 3018 1072 3081 Omnis
1138 3017 1412 3097 patientia
1476 3016 1763 3077 eiusmodi
1833 3015 2174 3077 idololatria.
2261 3015 2533 3076 Honoras

244 3136 363 3193 οοε,
413 3119 617 3200 quibus
668 3120 962 3200 impositis
1023 3117 1369 3197 obsequium
1426 3118 1790 3198 praestitisti.
1879 3116 2012 3178 Scio
2067 3115 2385 3195 quendam,
2442 3115 2534 3176 cui

236 3219 491 3282 dominus
541 3222 827 3301 ignoscat,
875 3241 1004 3282 cum
1048 3221 1130 3281 illi
1172 3221 1231 3280 in
1276 3219 1508 3300 publico
1550 3238 1659 3299 per
1702 3218 1860 3279 litem
1915 3217 2133 3277 dictum
2175 3224 2363 3278 esset:
2428 3216 2530 3277 Iu-

228 3322 371 3401 piter
410 3323 509 3385 tibi
565 3324 643 3383 sit
685 3323 888 3395 iratuS‚
930 3321 1348 3402 respondisse:
1406 3320 1591 3381 Immo
1639 3319 1760 3380 tibi.
1846 3318 2037 3391 ⁶Quid
2080 3318 2245 3379 aliter
2295 3317 2537 3378 fecisset

222 3424 498 3500 ethnicuS,
568 3424 668 3504 qui
709 3423 907 3485 Iovem
950 3424 1122 3484 deum
1166 3420 1451 3484 credidit?
1519 3421 1763 3482 Etiamsi
1804 3438 1925 3481 non
1981 3438 2086 3499 per
2144 3419 2391 3481 eundem
2432 3437 2531 3480 re-

220 3528 492 3588 torsisset
546 3525 951 3598 maledictum,
998 3543 1108 3585 nec
1147 3524 1290 3603 ⁷per
1332 3522 1513 3583 ullum
1555 3522 1710 3583 Iovis
1757 3521 2040 3593 similem,
2097 3520 2537 3582 confirmaverat

214 3625 399 3688 lovem
443 3629 670 3700 deum,
712 3645 822 3706 per
863 3644 1036 3705 quem
1082 3645 1146 3685 sc
1189 3624 1554 3684 maledictum
1609 3623 1844 3702 indigne
1894 3622 2103 3682 tulisse
2159 3621 2531 3682 demonstra-

210 3738 360 3790 verat
397 3726 865 3791 remaledicens.
948 3727 1035 3788 Ad
1079 3725 1216 3806 quid
1260 3724 1415 3787 enim
1455 3722 1774 3802 indigneris
1813 3722 1956 3803 ⁸per
1999 3741 2151 3794 eum,
2198 3740 2371 3801 quem
2416 3720 2534 3782 scis

206 3880 251 3932 9.
284 3882 346 3933 dii
381 3884 437 3934 B.
594 3880 680 3931 10.
716 3880 1009 3943 ignorantius
1059 3878 1311 3929 iurandum
1348 3877 1398 3928 B.
1537 3875 1614 3926 11.
1664 3876 1755 3926 crit
1800 3877 1843 3938 b,
1893 3876 2023 3925 Fulv.
2060 3874 2265 3936 Ursinus,
2310 3874 2534 3924 Latinius.

209 3958 303 4001 “a
332 3952 456 4083 ἐξ.
494 4015 629 4067 xxi.
700 4014 748 4064 1.
781 4014 955 4064 videris
994 4015 1068 4064 Fr.
1103 4015 1280 4063 lamus.
1404 4010 1451 4062 2.
1489 4013 1612 4061 iurat
1648 4010 1693 4061 G.
1817 4009 1865 4060 3.
1903 4010 2080 4060 interes
2116 4009 2164 4058 B.
2280 4008 2329 4058 4.
2364 4015 2411 4058 te
2445 4007 2533 4058 ad-

206 4087 388 4148 stringit
423 4086 673 4136 Latinius.
776 4083 824 4131 5.
861 4083 1172 4145 sponsionem
1206 4081 1256 4128 B.
1293 4080 1657 4143 responsionem
1697 4078 1802 4130 Cab.
1904 4078 1951 4128 6.
1990 4077 2111 4136 Quid
2146 4076 2274 4125 aliud
2310 4078 2534 4127 Latinius.

205 4152 246 4202 7.
278 4169 367 4218 per
402 4154 560 4204 illum
598 4150 657 4199 B.
775 4149 823 4200 8.
858 4165 949 4214 per
983 4163 1110 4210 eum,
1162 4162 1302 4212 quem
1338 4149 1454 4199 Bou.
1523 4163 1610 4212 per
1645 4161 1753 4196 enm
1790 4145 2088 4206 maledictus,
2135 4158 2276 4208 quem
2324 4147 2367 4206 b,
2404 4144 2534 4195 Fato.

205 4221 408 4272 Ursum.
940 4243 957 4278 ι

260 4354 303 4389 e.
356 4339 489 4390 deos
530 4334 796 4388 dicendum
833 4330 946 4401 erit]
978 4334 1191 4384 Eundem
1225 4332 1343 4382 Hel·
1495 4332 1526 4382 Ι.
1565 4327 1699 4399 quia]
1733 4332 1783 4383 V.
1821 4347 1941 4398 quae
1972 4330 2187 4381 adnotavi
2220 4327 2281 4378 ad
2316 4326 2382 4377 Ad
2410 4325 2534 4377 Mar-

198 4405 459 4458 lenismum
502 4404 666 4454 habes
703 4403 771 4452 Dc
797 4404 946 4453 Pallio
984 4417 1083 4465 cap.
1102 4401 1148 4451 4.
1185 4400 1347 4492 „‘l’hy⁸
1428 4408 1515 4464 tyr.
1553 4416 1658 4464 cap.
1692 4399 1739 4451 4.

195 4488 393 4524 sconem
433 4481 485 4523 et
504 4470 900 4533 Sardanapalum
934 4469 1184 4520 tacendum
1221 4467 1347 4518 cst.“

196 4542 263 4591 ct.
301 4540 559 4592 Vechneri
601 4537 894 4588 Hellenolcx.
935 4540 971 4598 Ι,
1005 4536 1105 4597 33.,
1142 4539 1344 4587 Gronov.
1496 4535 1609 4599 Cap.
1630 4533 1748 4584 xxi.
1804 4550 1846 4585 a.
1883 4547 1943 4583 nc
1968 4521 2282 4593 intellegeris]
2310 4543 2379 4578 sc.
2399 4527 2535 4578 Chri·
2571 4554 2580 4562 ·

194 4609 395 4661 Observ.
448 4610 493 4667 1,
552 4606 626 4668 7.,
688 4605 1104 4656 Ruddim.1nstit.
1156 4606 1235 4656 Gr.
1285 4604 1344 4665 ΙΙ,
1429 4606 1610 4655 stianns
1646 4617 1769 4652 esse.
1838 4602 1911 4652 Cf.
1946 4615 2091 4664 supra
2126 4594 2346 4659 cap.13.

194 4673 306 4728 252.
344 4678 428 4729 ed.
469 4675 619 4739 Lips.
