3263 5311
1024 436 1097 478 An
1142 434 1435 478 miriones
1481 436 1594 478 un.
1626 435 1672 478 1.
1809 429 1852 472 Ι
2398 421 2516 486 331

186 591 306 645 tant
344 601 523 664 quam
566 596 810 646 eorumff
856 583 957 663 qui
998 583 1137 645 “ito
1167 584 1552 664 suseipiunt'.
1614 585 1818 660 Quare
1845 584 2085 657 neseio,
2132 597 2239 646 ne‘·
2280 585 2416 665 plus
2445 586 2522 649 de

187 684 348 744 vobis
392 683 491 744 dei
534 683 719 745 vestri
770 701 947 764 quam
986 683 1077 745 de
1128 684 1307 746 nobis
1350 684 1751 780 “tuleras-tur.
1852 684 2224 765 Contemptis
2281 705 2356 748 ex
2409 687 2522 750 alia

182 793 342 865 parte
384 783 733 858 adulamini,
796 784 1088 850 redimitis
1146 785 1199 847 si
1253 804 1369 865 qua
1422 784 1795 866 del‘mquitis,
1863 793 1928 848 et
1964 784 2330 864 ⁹⁸postremo
2385 787 2525 851 lieet

183 885 345 946 vobis
385 883 449 946 in
494 903 602 948 eos
647 903 801 965 quos
844 904 983 948 esse
1023 885 1323 948 voluistis.
1402 885 1532 950 Nos
1575 905 1718 950 vero
1763 885 1824 948 in
1869 893 2062 948 totum
2103 885 2522 952 ”aversanum

340 984 462 1047 Nec
504 993 735 1050 tantum
779 986 842 1047 in
882 987 1001 1052 hoe
1041 985 1285 1048 nomine
1328 987 1450 1048 rei·
1494 988 1769 1052 desertae
1814 986 2147 1052 communis
2190 989 2520 1068 religionis,
2556 993 2760 1051 ⁰⁸1³·st

182 1086 310 1150 ¹sed
366 1087 802 1167 superductae*
866 1096 1291 1150 monstruosae
1352 1087 1826 1169 superstitionis.
1937 1087 2084 1152 Nam
2155 1098 2222 1150 ut
2281 1090 2520 1169 quidam
2701 1103 2710 1108 “

181 1187 553 1250 'somniastis
616 1196 792 1269 eaput
841 1188 1138 1250 asininum
1197 1207 1334 1251 esse
1388 1188 1585 1252 deum·
1622 1197 1929 1263 nostmm,
2002 1189 2155 1252 hanc
2208 1177 2520 1254 Cornelius

183 1287 405 1352 Taeitus
450 1289 864 1369 suspicionem
907 1290 1065 1352 fecit.
1125 1289 1221 1352 'Is
1264 1289 1424 1351 enim
1468 1289 1531 1350 in
1556 1298 1768 1370 quarta
1793 1290 2192 1354 Historiarum
2221 1306 2517 1366 suarum⁸,

182 1388 273 1450 ubi
314 1390 386 1452 de
426 1389 591 1452 bello
632 1389 872 1456 ludaico
917 1390 1161 1470 digerit,
1207 1390 1280 1452 ab
1322 1390 1556 1470 origine
1599 1390 1796 1469 gentis
1840 1390 2156 1465 “exorsus,
2202 1400 2263 1453 et
2295 1401 2413 1456 tam
2443 1394 2519 1455 de

182 1487 303 1570 ipsa
351 1490 586 1571 origine
640 1509 817 1571 quam
874 1491 953 1553 de
1008 1491 1251 1554 nomine
1306 1491 1618 1571 religionis
1681 1500 1747 1552 ut
1810 1490 1997 1554 voluit
2047 1500 2516 1571 argumentatus,

182 1589 417 1654 ludaeos
458 1594 653 1654 refert
690 1591 753 1654 in
797 1592 1172 1672 expeditione
1216 1593 1398 1654 vastis
1444 1593 1506 1653 in
1546 1592 1698 1654 loeis
1729 1592 1948 1673 ‘equae
1991 1592 2192 1672 inopia
2232 1593 2516 1657 laboran-

182 1697 263 1752 tes
302 1693 574 1773 onagriS,
632 1692 734 1772 qui
778 1693 853 1755 de
895 1702 1071 1773 pastu
1111 1711 1323 1773 aquam
1364 1692 1607 1774 petituri
1657 1692 2155 1768 aestimabantur,
2217 1693 2518 1760 indicibus

70 1801 82 1814 ”
180 1790 380 1856 ‘fontis
422 1812 581 1858 usos
625 1793 921 1867 evasisse;
964 1794 1043 1856 ita
1087 1794 1165 1855 ob
1209 1811 1339 1856 eam
1382 1794 1629 1874 gratiam
1671 1793 2006 1856 consimilis
2032 1792 2261 1856 bestiae
2293 1812 2514 1875 super·-

180 1892 353 1960 ficiem
393 1913 427 1957 a
464 1893 717 1964 ludaeis
757 1894 893 1957 ooli.
980 1893 1123 1956 inde
1167 1895 1385 1975 opinor
1425 1901 1906 1974 praesumptum,
1973 1911 2092 1958 nos
2133 1911 2403 1975 quoque,
2451 1904 2522 1960 ut

182 1992 429 2057 ludaieae
469 1994 783 2073 religionis
826 1996 1231 2077 propinquos,
1292 1995 1485 2058 eidem
1540 1994 1860 2058 simulacro
1902 1994 2144 2058 initiari.
2227 1995 2304 2056 At
2355 1996 2518 2060 enim
2609 1989 2614 1995 ’

184 2092 325 2157 idem
348 2094 662 2158 Cornelius
693 2096 969 2170 Tacitus,
1014 2114 1159 2158 sane
1200 2096 1299 2158 ille
1342 2094 1786 2158 mendaciorum
1819 2093 2310 2175 loquacissimus,
2355 2096 2516 2159 obli-

182 2201 270 2256 tus
321 2196 733 2278 affirmationis
788 2216 933 2260 suae
988 2197 1049 2258 in
1103 2196 1541 2277 posterioribus
1595 2198 1782 2260 refert
1831 2195 2182 2276 Pompeium
2239 2196 2518 2277 Magnum

182 2291 284 2356 'de
322 2296 551 2359 ludaeis
592 2296 901 2360 debellatis
931 2297 1237 2377 (raptisque
1266 2297 1695 2376 Hierosolymis
1727 2297 2014 2378 templum
2041 2296 2240 2360 adisse
2280 2305 2341 2359 et
2367 2316 2516 2377 per-,-

187 2405 489 2460 serutatum
532 2393 685 2460 nibil
729 2397 1031 2460 simulacri
1068 2398 1391 2478 reperisse.
1457 2398 1571 2460 Ubi
1613 2416 1758 2477 ergo
1801 2397 1854 2459 is
1895 2397 2050 2459 deus
2091 2395 2313 2459 fuerit?
2377 2398 2510 2460 Uti·-

183 2513 291 2574 que
329 2516 611 2579 nusquam
654 2498 843 2577 magis
887 2517 1065 2578 quam
1120 2499 1183 2560 in
1240 2499 1459 2579 templo
1516 2508 1636 2561 tam
1690 2497 2090 2571 memorabili,
2157 2499 2520 2577 praesertim

184 2596 437 2662 omnibus
479 2608 725 2683 praeter
768 2599 1176 2665 sacerdotibus
1232 2600 1471 2675 clauso,
1532 2620 1654 2681 quo
1706 2618 1829 2662 non
1871 2598 2256 2663 ‘vererentur
2311 2608 2509 2663 extra·

180 2716 364 2761 neum.
446 2700 571 2762 Sed
615 2700 756 2780 quid
812 2719 923 2782 ego
979 2701 1320 2774 defendam,
1383 2701 1701 2782 professus
1750 2700 1989 2763 interim
2030 2700 2510 2762 ‘’confessionem

180 2801 549 2882 temporalem
593 2801 856 2862 omnium
902 2802 963 2863 in
1007 2802 1176 2864 vobis
1209 2821 1277 2864 ex
1307 2802 1430 2884 pari
1466 2803 1508 2834 ¹⁰
1520 2799 2155 2863 transferendorum‘?
2216 2802 2516 2863 Credatur

179 3018 260 3069 94.
296 3020 355 3069 ita
390 3021 666 3085 suscipiunt.
739 3022 898 3081 Quare
935 3022 1098 3071 neseio
1134 3024 1209 3072 ab.
1308 3023 1371 3072 ita
1408 3021 1571 3086 suscip
1586 3058 1639 3070 ....
1681 3021 1784 3079 Qua
1819 3020 1985 3069 neseio
2019 3024 2121 3085 Αφ.
2159 3026 2200 3069 et
2233 3020 2319 3082 Αβ.
2423 3018 2507 3071 95.

177 3095 445 3150 querantur.
495 3089 790 3153 Contemptis
825 3102 880 3137 ex
918 3090 1008 3139 alia
1046 3104 1144 3153 eye.
1217 3098 1480 3154 querantur
1497 3124 1575 3137 .....
1611 3089 1714 3151 Αφ.
1797 3094 2062 3151 querantur
2087 3123 2206 3136 .........
2231 3101 2286 3136 ex
2334 3088 2425 3136 alis
2462 3105 2508 3137 e.

175 3162 547 3217 querantur.......
572 3170 626 3205 ex
662 3156 756 3206 alia
792 3157 945 3219 (ΑβΝι.
1050 3155 1133 3206 96.
1170 3166 1419 3220 postremo
1455 3158 1530 3207 ab.
1602 3170 1737 3219 po..-
1753 3168 1833 3204 mo
1867 3155 1970 3220 Αφ.
1997 3154 2144 3217 ειΑβ.
2250 3154 2332 3204 97.
2369 3169 2510 3205 aver-

170 3235 329 3273 samur
359 3226 431 3275 ab.
505 3238 710 3273 svers..-
758 3225 859 3287 Αφ.
882 3230 941 3273 ⁴et
973 3223 1059 3286 Αβ.

296 3291 408 3356 Cap.
445 3292 527 3341 xl.
601 3290 645 3340 1.
681 3291 768 3340 sed
804 3293 1124 3355 superductae
1159 3291 1343 3353 (Amne.
1425 3290 1511 3340 sed
1534 3288 1916 3354 ...superductae
1949 3289 2052 3355 Αφ.
2123 3290 2310 3355 Supplet
2345 3290 2508 3340 Hilde-

170 3358 360 3408 brendus
407 3360 572 3410 etism.
689 3356 737 3407 2.
773 3359 1053 3408 somniastis
1106 3368 1247 3423 caput
1295 3358 1480 3422 (Afflob.
1585 3356 1904 3406 somniasti..-
1922 3363 2066 3419 caput
2108 3363 2210 3423 Αφ.
2332 3356 2380 3407 3.
2422 3358 2510 3408 His

168 3424 281 3474 enim
312 3427 400 3489 Λβ.
510 3425 560 3476 4.
597 3426 831 3476 exhort-us
867 3442 911 3476 o.
1002 3426 1049 3475 5.
1089 3440 1241 3491 aquse
1274 3429 1351 3476 eb.
1421 3440 1545 3491 quae
1580 3428 1631 3474 A.
1719 3423 1767 3474 6.
1805 3424 1954 3474 tontis
1989 3440 2089 3488 eqo.
2160 3424 2374 3474 fontibus
2393 3427 2510 3476 Aah.

167 3490 210 3539 7.
244 3493 300 3542 de
334 3494 530 3544 ludaeis
563 3494 698 3559 Δφο.
785 3494 973 3542 ludaeis
1006 3493 1160 3556 (Afln.
1281 3492 1330 3543 8.
1366 3500 1611 3543 vereretur
1659 3493 1810 3556 Sigeb.
1849 3492 2184 3557 flavereontpus
2219 3493 2280 3542 od
2319 3493 2507 3544 Ter-tull.

166 3561 341 3625 apotoy.
377 3578 485 3626 eap.
510 3560 587 3610 16.
619 3576 671 3625 p.
696 3559 809 3610 159.
911 3560 957 3610 9.
996 3563 1351 3610 confessionem
1388 3560 1574 3623 (Amab-
1657 3575 1815 3611 coum.
1833 3573 1974 3609 onem
2008 3561 2116 3625 Αφ.
2220 3559 2297 3610 10.
2347 3569 2506 3611 nans-

163 3624 511 3679 ferendoram?
547 3628 784 3678 Credatur
818 3627 938 3677 deus
974 3630 1056 3692 by.
1124 3628 1573 3679 transferendorum
1601 3642 1743 3677 .......r
1777 3628 1898 3679 deus
1931 3628 2014 3678 Ao.

161 3761 226 3812 ct.
270 3763 433 3813 adnot.
487 3761 547 3811 ad
599 3761 666 3812 De
713 3762 904 3812 Corona
961 3777 1067 3827 cap.
1109 3762 1188 3813 13.
1236 3770 1285 3813 et
1453 3764 1499 3813 b.
1536 3756 1880 3826 superductae]
1955 3762 2001 3810 h.
2051 3776 2093 3810 e.
2148 3760 2510 3822 superadditae.

157 3830 349 3895 spotog.
388 3844 502 3893 cap.
544 3829 623 3878 15.
1386 3830 1459 3881 Ct.
1496 3830 1659 3879 adnot.
1695 3829 1756 3879 ad
1793 3830 1860 3879 De
1895 3829 2086 3879 Corone
2122 3841 2227 3891 cap.
2268 3827 2347 3876 11.

218 3914 263 3963 q.
298 3912 449 3962 quam
501 3910 670 3947 eornm
722 3898 802 3961 qui
851 3898 1089 3949 eiusmodi
1144 3897 1283 3947 lacti-
1533 3898 1580 3945 in
1618 3903 1788 3959 quarta
1815 3894 2131 3945 Historiarum
2168 3890 2392 3959 suerum]
2430 3896 2509 3945 cf.

154 3970 249 4016 tant
292 3980 441 4031 quam
500 3959 695 4029 eorum]
766 3964 835 4015 ne
870 3980 1011 4030 quam
1044 3990 1108 4001 -
1145 3980 1287 4031 quom
1384 3965 1546 4015 adnot.
1587 3964 1646 4014 ed
1681 3963 1884 4027 Apolog.
1921 3976 2026 4024 cap.
2069 3960 2150 4011 16.

155 4047 193 4082 v.
223 4033 387 4085 adnot.
426 4031 491 4082 ad
528 4030 597 4081 De
634 4031 756 4082 ldol.
794 4047 899 4096 cap.
935 4033 985 4082 4.
1047 4032 1116 4082 De
1151 4035 1281 4082 eius·-
1453 4032 1500 4082 d.
1539 4032 1586 4082 in
1624 4030 1834 4081 vobisex
1858 4029 1964 4095 pari
1988 4010 2509 4089 transterendorumn

154 4103 272 4152 aedi
303 4099 629 4151 substantive·
645 4101 807 4162 posito
844 4115 882 4149 v.
915 4101 1076 4150 adnot.
1114 4099 1175 4151 ad
1209 4098 1280 4148 De
1383 4098 1497 4150 Was
1519 4099 1615 4150 soll
1647 4100 1723 4150 ioh
1750 4099 1867 4148 aher
1882 4098 1989 4149 eine
2007 4096 2370 4159 vertbeidigung
2395 4097 2508 4145 tuh·

151 4164 395 4247 Baptismo
434 4180 545 4232 cap.
586 4165 665 4216 12.
1381 4163 1512 4217 ren?
1547 4168 1623 4217 ich
1662 4167 1769 4229 lege
1805 4166 1882 4215 tur
1917 4165 2029 4215 ietzt
2056 4164 2393 4228 einstweiliges
2421 4180 2506 4229 ge-

212 4251 253 4286 r.
290 4238 377 4301 qui
427 4235 495 4284 ita
538 4229 867 4300 suscipiunt.]
934 4248 1005 4285 se.
1054 4233 1278 4284 factitari.
1380 4235 1701 4285 standnissab
1723 4234 1985 4284 vonlsuter
2001 4233 2176 4296 dingen
2195 4232 2273 4282 die
2289 4234 2507 4283 snteueb

152 4300 435 4369 Suscipiunt
471 4301 567 4352 dei.
1382 4302 1429 4351 in
1450 4302 1664 4363 gteieber
1682 4302 1827 4351 weiss
1853 4301 2138 4363 obertu-agen
2163 4300 2356 4350 werden
2376 4307 2511 4348 mns-

210 4386 252 4421 s.
288 4366 380 4437 ne]
456 4368 525 4418 De
559 4370 655 4419 boe
688 4383 749 4419 ne
795 4356 1053 4419 dubitativo
1090 4368 1152 4418 61.
1189 4367 1278 4418 ad·
1379 4370 1503 4419 sen:
1488 4369 1521 4394 “
1570 4370 1640 4418 De
1675 4372 1726 4419 in
1760 4369 2120 4433 praepositione
2156 4380 2264 4417 eum
2300 4364 2507 4415 ablativo

152 4447 247 4490 not.
280 4440 345 4493 ad
382 4434 588 4500 apolog.
626 4450 733 4498 cap.
771 4434 823 4485 2.
1381 4450 1471 4498 pro
1529 4436 1799 4499 aemsativo
1853 4444 2038 4486 structo
2096 4448 2192 4484 non
2249 4439 2324 4483 est
2375 4433 2506 4497 quod

211 4506 333 4572 Cap.
402 4503 483 4555 xl.
553 4502 913 4554 conserendum
980 4501 1278 4566 apologetici
1381 4504 1556 4553 dicam.
1592 4504 1666 4554 Cl'.
1690 4517 1812 4567 quae
1849 4504 2137 4553 adnotavere
2174 4500 2233 4550 ad
2258 4500 2503 4563 Scorpiee.

150 4573 379 4638 eap.16.
1381 4569 1560 4635 eap.3.
1617 4571 1686 4620 De
1721 4587 1781 4621 etr
1810 4573 1919 4635 pori
1954 4571 2019 4620 el.
2054 4569 2217 4619 adnot.
2255 4566 2315 4616 ad
2350 4564 2506 4614 libelli

186 4656 254 4695 a.
291 4636 397 4707 rei]
467 4636 581 4688 Seil-
620 4634 845 4698 dicimur,
881 4636 1184 4687 denotamur.
1380 4638 1450 4688 Ad
1486 4639 1629 4703 Scap.
1667 4652 1771 4703 cap.
1809 4639 1861 4688 3.
