3263 5311
1087 487 1182 534 'nn
1229 492 1540 536 rumen-u.
2375 479 2494 546 811

200 647 324 701 stata
366 647 580 701 vestem
634 641 930 720 priorem,
1001 641 1410 704 indumentum
1477 642 1723 722 spiritus
1788 642 2010 716 sancti,
2086 654 2147 705 et
2202 644 2494 709 ¹¹anulum
2520 642 2725 749 cgesqu
2780 719 2794 726 ,

198 740 361 802 denuo
399 738 758 820 signaculum
800 742 1041 815 lavacri,
1089 750 1148 804 et
1190 760 1401 805 rursus
1445 743 1528 804 illi
1571 743 1923 806 mactabitur
1944 743 2246 819 Christus,
2291 753 2353 808 et
2393 765 2495 810 re-

194 840 394 904 cumbet
430 859 500 903 eo
547 842 606 902 in
651 851 786 904 toro
833 844 905 905 de
950 861 1067 923 quo
1111 842 1350 921 indigne
1379 843 1577 905 vestiti
1622 843 1711 906 ¹²a
1755 844 2085 908 tortoribus
2131 846 2327 909 solent
2371 849 2496 912 tolli

191 951 244 1005 et
277 942 406 1005 abici
447 943 508 1003 in
553 943 866 1018 tenebras,
925 944 1141 1006 nedum
1188 944 1446 1024 spoliati.
1548 945 1689 1008 Plus
1734 955 1829 1008 est
1870 946 2082 1026 igitur,
2140 946 2194 1010 si
2238 966 2347 1010 nec
2390 967 2496 1011 ex-

188 1043 330 1125 pedit
365 1044 419 1105 in
461 1043 862 1106 Christianum
909 1044 1280 1106 ¹³couvenire
1337 1045 1606 1108 ordinem
1665 1046 1768 1108 filii
1811 1048 2046 1128 prodigi
2061 1047 2108 1109 Β.
2212 1048 2386 1122 Quod
2443 1050 2498 1112 si

183 1163 283 1207 nec
320 1146 373 1205 in
409 1144 688 1207 Iudaeum
731 1145 960 1224 integre
1002 1144 1107 1206 filii
1152 1145 1348 1225 imago
1384 1147 1714 1221 concurrit,
1762 1148 1835 1209 ad
1864 1148 2242 1229 propositum
2271 1149 2498 1212 domini

183 1244 495 1326 simpliciter
537 1245 943 1326 interpretatio
988 1245 1430 1325 gubernabitur.
1517 1248 1773 1311 Venerat
1835 1249 2114 1311 dominus
2175 1250 2378 1330 utique
2433 1258 2499 1313 ut
2549 1247 2697 1293 '¹⁸¹⁸’-

180 1347 320 1427 quod
367 1347 620 1427 perierat
674 1347 901 1410 salvum
954 1347 1207 1421 faceret,
1281 1347 1548 1410 medicus
1601 1347 2019 1429 languentibus
2075 1351 2262 1431 magis
2315 1299 2740 1444 (163ωᾶζὲίὲἶὲ
2740 1356 2801 1399 ¹⁰·

176 1447 322 1510 sanis
360 1447 752 1511 necessarius.
838 1448 969 1510 Hoc
1011 1456 1071 1509 et
1112 1448 1173 1509 in
1217 1448 1516 1527 parabolis
1571 1450 1887 1529 figurabat,
1948 1460 2007 1512 et
2059 1451 2119 1511 in
2176 1451 2586 1515 sententiis
2499 1401 2726 1558 ¹²:¹33·
2732 1519 2754 1550 Β

169 1547 536 1630 praedicabat.
626 1549 774 1622 Quis
818 1549 976 1629 perit
1016 1549 1355 1624 hominurn,
1414 1551 1547 1631 quis
1594 1550 1806 1613 ''labat
1847 1552 1922 1614 de
1966 1551 2333 1626 valetudine,
2380 1553 2496 1615 nisi
2756 1519 2800 1562 ς’

172 1649 262 1729 qui
304 1649 652 1710 ¹³dominum
697 1649 936 1712 nescit?
1021 1649 1171 1722 Quis
1217 1651 1412 1713 salvus
1454 1670 1523 1713 ac
1565 1670 1782 1724 sanuS,
1826 1652 1942 1714 nisi
1988 1653 2088 1732 qui
2135 1652 2494 1716 ¹⁶dominum

167 1749 365 1813 novit?
425 1750 544 1811 Has
589 1750 736 1811 duas
784 1750 1016 1830 species
1061 1750 1136 1812 de
1180 1769 1397 1829 genere
1442 1752 1733 1814 fraternas
1776 1753 1921 1815 haec
1964 1771 2200 1833 quoque
2242 1752 2497 1834 signabit

161 1850 443 1932 parabola.
502 1850 646 1913 Vide
690 1869 764 1912 an
809 1850 1023 1913 habeat
1065 1851 1333 1913 ethnicus
1379 1851 1774 1915 substantiam
1817 1852 1880 1914 in
1924 1853 2036 1914 deo
2079 1862 2247 1934 patre
2276 1873 2492 1918 census

161 1959 221 2013 et
259 1951 573 2031 sapientiae
617 1959 677 2014 et
719 1951 1003 2014 naturalis
1041 1950 1358 2030 agnitionis
1401 1952 1463 2014 in
1493 1953 1702 2026 deum,
1747 1971 1859 2034 per
1886 1972 2061 2033 quam
2094 1963 2154 2016 et
2183 1957 2492 2035 apostolus

155 2061 318 2114 notat
355 2053 416 2114 in
459 2053 746 2132 sapientia
789 2052 884 2114 dei
928 2071 1049 2114 non
1079 2052 1431 2133 cognovisse
1460 2054 1747 2116 mundum
1775 2073 1885 2135 per
1913 2055 2261 2135 sapientiam
2293 2057 2490 2133 deum,
2516 2076 2646 2124 icor.
2660 2080 2691 2131 1,
2706 2082 2772 2125 21.

154 2172 322 2233 quam
363 2153 563 2234 utique
608 2172 641 2214 a
682 2153 796 2215 deo
842 2161 1165 2234 acceperat.
1227 2154 1392 2215 Hanc
1431 2153 1631 2234 itaque
1673 2155 1950 2235 prodegit
1977 2156 2152 2235 longe
2182 2176 2213 2217 a
2246 2157 2490 2219 domino

148 2254 411 2316 moribus
458 2253 742 2316 ¹⁶¹²iactus
784 2255 942 2317 inter
982 2273 1221 2317 errores
1252 2262 1312 2316 et
1340 2253 1669 2316 inlecebras
1701 2264 1761 2317 et
1788 2255 2064 2317 libidines
2094 2258 2345 2330 saeculi,
2392 2258 2495 2319 ubi

155 2354 361 2417 ¹⁷same
402 2354 664 2418 veritatis
710 2355 1056 2437 compulsus
1101 2354 1344 2417 tradidit
1386 2374 1453 2417 se
1496 2355 1752 2436 principi
1794 2356 1974 2419 huius
2006 2358 2148 2419 aevi.
2225 2357 2491 2432 llle,eum

142 2456 431 2538 praefecit
471 2456 667 2536 porcis
712 2456 792 2532 (¹⁸
807 2466 872 2518 ut
914 2455 1197 2528 familiare
1241 2456 1301 2518 id
1346 2455 1701 2518 daemonum
1747 2476 1930 2537 pecus
1965 2457 2341 2537 ¹⁹pasceret),
2392 2458 2490 2520 ubi

138 2576 257 2620 nec
298 2557 449 2619 ”tue
505 2575 752 2636 compos
812 2566 977 2619 esset
1029 2557 1222 2619 vitalis
1265 2556 1305 2588 ²¹
1322 2574 1492 2618 escae
1548 2557 1840 2638 simulque
1896 2558 2045 2619 alios
2101 2557 2388 2620 ”videret
2428 2558 2490 2620 in

139 2677 327 2738 opere
372 2658 572 2720 divino
618 2658 982 2721 abundantes
1026 2678 1179 2740 pane
1224 2658 1479 2722 caelesti.
1569 2659 1936 2727 Recordatur
1977 2660 2165 2740 patris
2211 2661 2337 2735 dei,
2385 2679 2488 2721 sa-

136 2760 373 2821 tissacto
416 2760 600 2833 redit,
667 2767 892 2821 vestem
934 2759 1247 2840 pristinam
1291 2760 1530 2840 recipit,
1589 2768 1808 2822 statum
1868 2760 2092 2822 scilicet
2134 2779 2268 2822 eum
2313 2778 2489 2840 quem

126 2861 323 2922 Adam
371 2869 785 2940 transgressus
831 2861 1130 2923 amiserat.
1187 2859 1498 2921 ²³Anulum
1542 2879 1780 2939 quoque
1824 2860 2106 2941 '‘accepit
2138 2869 2277 2922 tunc
2305 2860 2487 2940 ²‘’pri-

126 2978 341 3036 mum,
388 2979 507 3040 quo
552 2961 688 3022 fidei
733 2963 1069 3041 pactionem
1113 2962 1514 3040 interrogatus
1561 2960 1866 3039 obsignat,
1934 2971 2105 3041 atque
2158 2961 2238 3023 ita
2283 2961 2494 3023 exinde

124 3060 448 3140 opimitate
503 3061 779 3123 dominici
826 3062 1096 3142 corporis
1139 3061 1426 3134 vescitur,
1496 3061 1851 3123 eucharistia
1896 3063 2140 3124 scilicet.
2227 3062 2337 3123 Hic
2380 3061 2494 3123 erit

113 3161 428 3244 prodigus
470 3161 656 3235 filius,
702 3161 802 3241 qui
846 3180 1142 3241 nunquam
1184 3170 1345 3222 retro
1376 3162 1560 3241 frugi,
1605 3162 1934 3241 quistatim
1964 3163 2282 3242 prodigus,
2328 3162 2488 3242 quod

107 3280 250 3324 non
300 3263 508 3324 statim
552 3262 941 3324 Christianus.
1043 3263 1214 3324 Hunc
1270 3271 1329 3323 et
1383 3261 1687 3324 Pharisaei
1742 3263 1816 3324 de
1874 3262 2111 3324 saeculo
2168 3264 2239 3325 ad
2296 3263 2487 3344 patris

105 3362 484 3443 complexus
537 3370 932 3425 revertentem
987 3364 1050 3425 in
1104 3363 1434 3442 publicanis
1493 3373 1553 3425 et
1604 3363 2016 3443 peccatoribus
2071 3364 2488 3426 “maerebant

100 3463 194 3526 Et
239 3463 390 3525 ideo
439 3464 511 3524 ad
555 3464 672 3525 hoc
716 3463 912 3526 solum
956 3464 1200 3526 maioris
1243 3463 1443 3526 fratris
1486 3463 1969 3527 adcommodatus
2016 3473 2112 3527 est
2138 3465 2319 3539 livor,
2363 3484 2485 3527 non

95 3565 258 3644 quia
316 3565 679 3626 innocentes
737 3574 795 3627 et
848 3565 962 3628 deo
1019 3565 1418 3645 obsequentes
1475 3564 1710 3640 Iudaei,
1962 3568 2098 3645 quia
2153 3566 2486 3629 invidentes

87 3665 477 3728 nationibus
534 3664 815 3739 salutem,
883 3666 1055 3746 plane
1111 3684 1264 3745 quos
1325 3684 1564 3747 semper
1619 3667 1772 3746 apud
1873 3675 2058 3730 atrem
2119 3686 2253 3730 esse
2298 3686 2485 3748 opor-

87 3774 340 3829 tuerat.
441 3766 515 3827 Et
557 3766 760 3847 utique
802 3766 1058 3828 Iudaeus
1103 3766 1174 3827 ad
1219 3766 1470 3845 primam
1513 3766 1712 3829 statim
1756 3768 2128 3830 vocationem
2170 3767 2486 3830 Christiani

81 3921 184 3971 11.
228 3919 456 3971 anulum
493 3919 545 3968 A.
655 3918 731 3969 12.
770 3935 796 3969 a
832 3920 1099 3969 tortoribus
1139 3919 1226 3968 cb.
1261 3920 1380 3969 liber
1418 3919 1674 3968 Clementis.
1755 3920 1951 3968 auribus
2000 3920 2183 3984 reliqui.
2269 3918 2485 3969 moribus

78 3988 238 4040 Fato.
269 3988 506 4037 Ursinus.
615 3986 693 4038 13.
730 3996 779 4038 et
812 3988 1025 4039 invenire
1059 3987 1111 4036 A.
1219 3985 1299 4035 14.
1350 3986 1470 4035 lent
1502 3987 1553 4036 A.
1663 3987 1741 4035 15.
1779 3985 1921 4038 deum
1961 3988 2047 4038 GD.
2085 3988 2204 4037 liber
2228 3985 2486 4037 Clementis.

79 4054 177 4105 16.
223 4055 391 4104 deum
441 4055 528 4104 CD.
554 4054 674 4123 liber
697 4055 953 4105 Clementis.
1046 4054 1166 4104 161).
1207 4055 1357 4103 iactus
1394 4052 2398 4117 e90.t'actnslibrionmes.17.t'ama
2434 4055 2484 4104 A.

78 4122 172 4172 18.
221 4123 276 4171 in
323 4122 582 4171 familiare
617 4124 667 4172 A.
770 4121 850 4173 19.
888 4137 1089 4189 pascere
1123 4125 1173 4170 A.
1245 4119 1324 4170 20.
1364 4120 1446 4170 ille
1482 4121 1556 4183 D„
1598 4122 1711 4170 Petr.
1735 4121 2019 4172 ciacconius.
2091 4122 2161 4171 illi
2197 4122 2318 4173 ABG.
2402 4119 2483 4171 21.

78 4203 246 4240 escae
289 4190 377 4251 D„
424 4189 542 4238 Pctr.
567 4191 850 4240 ciacconius.
920 4205 1031 4239 esca
1067 4189 1191 4239 ABG.
1287 4186 1369 4236 22.
1405 4188 1531 4237 videt
1562 4189 1613 4238 A.
1698 4187 1779 4239 23.
1817 4188 2019 4238 Anulum
2056 4192 2108 4240 A.
2195 4187 2274 4238 24.
2313 4190 2489 4254 accipit

78 4260 158 4317 9.,
206 4256 366 4306 Fulv.
398 4256 617 4307 Ursinus.
721 4258 802 4306 25.
841 4256 1097 4321 pristinum
1132 4257 1183 4306 A.
1290 4253 1371 4305 26.
1409 4255 1663 4305 merebant
1695 4259 1746 4307 A.

148 4357 204 4406 h.
255 4356 510 4406 ordinem
560 4357 644 4407 tilii
681 4350 914 4422 prodigi.]
972 4358 1093 4409 Ordo
1131 4356 1259 4420 apud
1364 4358 1614 4421 conruptis
1679 4357 1960 4421 conruptior
2018 4369 2138 4418 gens
2195 4356 2485 4405 daemonum

80 4424 486 4473 'erinnianum
523 4439 619 4473 non
656 4425 806 4474 semel
840 4425 1052 4487 positum
1091 4433 1165 4473 est
1200 4425 1259 4473 de
1345 4425 1581 4484 ,erasm-it,
1639 4422 1860 4473 damnata
1916 4439 1942 4473 a
1992 4424 2082 4474 deo
2139 4438 2246 4472 cum
2294 4421 2487 4484 generis

81 4509 116 4542 e
179 4492 397 4541 ordine
455 4499 676 4541 enarrata
732 4500 780 4542 et
828 4492 1060 4555 exposita.
1135 4493 1258 4541 Ordo
1364 4492 1642 4541 auctoribus
1671 4499 1850 4541 etcum
1879 4506 1935 4541 eo
1961 4505 2100 4555 quem
2123 4491 2326 4539 diximus
2348 4489 2483 4553 prin-

81 4562 158 4609 tiz·
199 4560 442 4623 prodigii
489 4559 632 4620 igitur
685 4559 731 4610 h.
760 4560 793 4608 Ι.
843 4567 917 4608 est
965 4557 1125 4608 fabula
1174 4558 1259 4608 mii
1365 4559 1489 4622 cipe,
1535 4558 1664 4622 apud
1702 4557 1888 4609 litteras
1924 4565 2115 4608 sanctas
2152 4558 2265 4607 ordo
2303 4569 2493 4617 cogno-

84 4626 336 4689 rodigi.·
406 4626 497 4675 Sic
514 4626 716 4690 Apolog.
755 4641 861 4691 cap.
878 4624 944 4675 22
981 4626 1115 4685 „Sed
1135 4640 1259 4689 quo·
1365 4626 1568 4676 scitur-‘⁶

80 4694 231 4744 nodo
280 4692 360 4744 de
407 4694 599 4755 angelis
636 4692 925 4759 quibusdam
961 4708 1048 4745 sua
1085 4700 1259 4757 sponte
