3263 5311
1289 442 1766 489 Aronocsricuu.
2559 418 2681 503 23'1

321 608 506 663 mun,
554 587 736 650 deum
779 606 1017 663 verum,
1074 589 1283 653 ²deum
1327 592 1552 666 vivum,
1609 612 1788 675 quem
1835 604 1894 657 et
1936 596 2053 677 ipsi
2099 598 2491 679 imperatores
2535 621 2683 683 pro-

317 691 540 771 pitium
585 689 702 751 sibi
744 697 984 769 praeter
1026 699 1261 753 ceteros
1303 692 1578 757 'malunt
1678 695 1887 758 Sciunt
1940 697 2075 777 quis
2130 697 2245 760 illis
2292 699 2523 763 dederit
2564 703 2681 766 im-

319 790 599 872 perium,
660 788 887 863 sciunt,
951 791 1096 871 ⁴qua
1140 792 1448 869 hoinine3‚
1513 796 1683 877 ⁸‘quis
1738 806 1801 858 et
1853 798 2139 874 animam,
2204 801 2471 863 sentiunt
2511 803 2683 866 ⁸eum

320 911 468 955 esse
516 892 695 952 deum
742 891 940 953 solum
982 892 1043 954 in
1094 891 1261 955 cuius
1307 894 1495 955 solius
1538 904 1838 976 potestate
1884 899 2083 975 suntb,
2138 919 2171 961 a
2215 920 2333 982 quo
2376 904 2534 965 'sint
2576 925 2680 967 se-

322 993 526 1064 cundi,
572 1000 718 1073 post
745 1011 920 1072 quem
949 993 1147 1074 primi,
1193 1004 1328 1057 ante
1360 1014 1571 1059 omnes
1603 1007 1665 1059 et
1695 1016 1876 1079 super
1906 1020 2115 1063 omnes
2145 1001 2345 1064 'deos
2412 1004 2687 1077 Quidni?

326 1114 467 1158 cum
509 1112 693 1174 super
736 1112 948 1155 omnes
993 1094 1298 1169 homines,
1342 1097 1441 1176 qui
1488 1098 1693 1179 utique
1736 1100 1936 1163 vivunt
1970 1111 2031 1164 et
2055 1102 2311 1164 mortuis
2340 1104 2681 1168 ‘’antistant.

329 1195 735 1287 ¹⁰Recogitant
777 1213 1090 1274 quousque
1123 1197 1327 1259 ¹¹vires
1374 1198 1604 1279 imperii
1651 1200 1744 1262 sui
1788 1201 2049 1276 valeant.
2097 1203 2263 1264 etita
2293 1204 2468 1267 deum
2498 1206 2679 1267 intel-

326 1297 561 1375 legunt3
604 1295 891 1357 adversus
937 1314 1113 1375 quem
1155 1297 1350 1360 valere
1394 1298 1569 1361 ¹²non
1613 1310 1907 1381 possunt,
1973 1322 2084 1382 per
2127 1321 2260 1365 eum
2307 1305 2553 1368 ”valere
2612 1327 2683 1369 so

324 1406 719 1477 cognoscunt.
824 1397 1062 1459 Caelum
1105 1398 1359 1479 denique
1402 1399 1659 1463 debellet
1700 1403 2060 1483 imperator,
2117 1404 2342 1466 caelum
2387 1407 2677 1487 captivum

323 1499 630 1579 tn‘umpho
661 1516 772 1560 suo
803 1498 1069 1565 invehat.
1116 1499 1371 1561 ¹³¹’caelo
1416 1502 1608 1564 mittat
1652 1504 1963 1580 excubias,
2009 1504 2170 1566 caelo
2215 1506 2514 1588 vectigalia
2558 1508 2675 1570 im·-

323 1609 532 1682 ponat.
617 1599 749 1661 Non
793 1608 1014 1679 potest.
1103 1599 1243 1661 Ideo
1290 1618 1536 1681 magnus
1583 1612 1679 1665 est
1718 1604 1854 1683 quia
1899 1605 2060 1667 caelo
2105 1604 2304 1668 minor
2334 1616 2447 1668 est.
2513 1608 2676 1670 Illius

332 1701 493 1762 enim
539 1709 630 1761 est
667 1701 801 1781 ipse
847 1700 1067 1762 ¹‘cuius
1113 1709 1175 1762 et
1216 1702 1440 1767 caelum
1485 1712 1580 1765 est
1623 1712 1684 1765 et
1738 1704 1934 1766 omnis
1989 1714 2273 1768 creatura.
2382 1708 2528 1770 Inde
2582 1718 2679 1771 est

327 1802 654 1882 imperator
694 1800 735 1834 ¹⁸
751 1800 906 1863 unde
953 1808 1014 1863 et
1053 1802 1237 1863 homo
1281 1811 1594 1884 antequam
1652 1805 2006 1884 imperator,
2072 1806 2209 1869 inde
2270 1815 2539 1888 potestas
2592 1808 2676 1871 illi

322 1902 483 1964 unde
528 1912 588 1963 et
629 1901 896 1981 spiritus.
984 1902 1183 1965 ¹⁸Illuc
1225 1904 1621 1983 suspicientes
1668 1906 1981 1989 Christiani
2026 1907 2299 1970 manibus
2344 1900 2673 1990 expansis⁸‚

321 2089 369 2140 2.
407 2097 456 2140 et
490 2089 634 2139 deum
671 2090 822 2138 vivum
859 2091 960 2140 abc.
1076 2089 1124 2139 3.
1164 2090 1364 2140 mallent
1396 2087 1441 2138 λ.
1521 2093 1572 2141 ln
1607 2092 1661 2141 D.
1699 2098 1823 2143 extat
1871 2108 2013 2157 quem
2069 2093 2159 2143 sibi
2199 2095 2516 2159 imperatores
2550 2111 2669 2161 pro-

314 2158 489 2222 pitinm
527 2164 723 2219 praeter
757 2165 946 2206 eeteros
981 2157 1181 2206 malunt.
1284 2157 1334 2207 4.
1371 2173 1464 2222 qua
1498 2153 1771 2224 wonder.
1805 2160 1994 2211 Pometia·
2026 2162 2153 2223 libri,
2198 2162 2387 2214 Vindob-
2467 2165 2579 2227 quia
2612 2166 2669 2215 Ε.

320 2239 416 2289 que
448 2225 632 2287 Erfurtss
694 2225 802 2287 quis
840 2225 917 2274 Ge.
975 2224 1070 2288 ¹qui
1106 2227 1179 2275 ab.
1285 2226 1335 2274 5.
1371 2227 1479 2289 quis
1516 2234 1562 2274 et
1598 2228 1783 2276 animas
1822 2229 1897 2278 Ge.
1967 2229 2048 2292 qui
2085 2237 2133 2278 et
2167 2230 2352 2278 animas
2387 2230 2563 2288 (anima
2594 2232 2699 2291 ω,

321 2293 439 2343 Dat.
541 2290 589 2340 6.
629 2305 738 2340 eum
776 2305 886 2340 esse
920 2291 1063 2343 deum
1096 2291 1226 2355 Ades.
1262 2293 1450 2343 Pometia·
1482 2295 1608 2344 libri.
1677 2294 1820 2344 deum
1858 2309 1966 2344 eum
2004 2309 2113 2344 esse
2147 2296 2273 2347 BFG.
2300 2298 2491 2348 Vindob.
2560 2312 2673 2347 eum

324 2360 467 2409 deum
503 2373 612 2409 esee
646 2359 827 2409 DEabe.
865 2360 1038 2423 Erfurt.
1108 2359 1252 2408 deum
1287 2374 1397 2409 esse
1432 2378 1471 2412 ο.
1589 2361 1637 2410 7.
1675 2362 1772 2411 sint
1802 2362 1929 2413 Asc.
1997 2369 2113 2412 sunt
2144 2365 2330 2427 reliqui.
2447 2363 2495 2415 8.
2533 2365 2675 2419 deos.

326 2426 499 2484 Quidni
535 2440 643 2476 eum
679 2440 830 2489 super
864 2439 1034 2475 omnes
1069 2427 1291 2477 homiues
1326 2427 1561 2492 Aestuet.
1601 2428 1751 2479 Oxou.
1785 2430 1961 2493 Erfurt.
1996 2430 2184 2480 Pmnelii
2219 2431 2344 2481 libri.
2434 2432 2553 2481 deos
2589 2433 2671 2497 qui

321 2490 452 2543 diu?
497 2507 602 2543 eum
639 2508 791 2557 snper
823 2494 1038 2557 (semper
1070 2494 1148 2551 D.)
1195 2508 1365 2544 omues
1403 2496 1623 2545 homines
1659 2496 1743 2546 Da.
1847 2496 1996 2557 deos,
2048 2497 2271 2547 homines
2322 2499 2436 2549 FGe.
2481 2501 2675 2553 vindob.

317 2561 543 2613 homines
576 2555 622 2607 2.
663 2563 826 2611 ceteris
862 2563 1066 2611 omissis.
1170 2561 1217 2612 9.
1254 2564 1482 2612 antistant
1517 2566 1558 2613 b.
1648 2571 1887 2613 antestant
1931 2558 1978 2611 λ.
2018 2564 2257 2623 (vindob.)
2290 2567 2481 2618 flavere.
2590 2566 2677 2623 lu.

315 2629 601 2693 Recogitent
633 2623 680 2676 λ.
806 2628 885 2679 11.
933 2630 1057 2679 vires
1104 2629 1245 2688 (fines
1280 2630 1352 2690 F.)
1399 2631 1587 2696 imperii
1636 2630 1710 2680 sui
1757 2626 2028 2698 ABFGMer.
2072 2633 2258 2684 Vindob.
2305 2634 2493 2686 Pometia*
2543 2635 2673 2690 libri-

316 2699 446 2747 vires
493 2697 681 2760 imperii
719 2697 897 2748 DEabc.
935 2697 1107 2760 Erfurt.
1228 2697 1305 2747 12.
1342 2713 1485 2748 nemo
1533 2707 1695 2762 potest
1742 2701 1793 2749 F.
1918 2699 1997 2750 13.
2033 2715 2087 2750 se
2123 2701 2280 2750 valere
2314 2703 2425 2752 ch.
2545 2702 2668 2754 131».

323 2763 460 2816 caelo
497 2765 649 2814 mittat
683 2764 935 2824 excubias,
972 2763 1109 2814 caelo
1144 2766 1385 2829 vectigalia
1421 2767 1640 2831 imponat
1673 2783 1817 2818 ome.
1924 2766 2003 2816 14.
2043 2769 2178 2817 euius
2214 2777 2288 2818 est
2323 2768 2507 2818 caelum
2546 2778 2594 2818 et
2628 2786 2668 2820 e.

328 2830 411 2880 15.
444 2832 570 2880 unde
604 2840 678 2880 est
713 2839 760 2881 et
793 2832 941 2882 bomo
978 2834 1022 2881 d.
1097 2832 1222 2882 uude
1258 2842 1303 2882 et
1341 2832 1518 2883 Caesar
1553 2833 1699 2883 bomo
1740 2835 1889 2885 Oxou.
1998 2834 2076 2883 16.
2116 2833 2237 2884 llluc
2271 2850 2464 2884 sursum
2501 2837 2668 2898 suspi-

327 2899 510 2948 cientes
542 2893 587 2944 2.
625 2899 813 2949 flavere.
882 2900 966 2949 Pro
1003 2900 1324 2963 suspicientes
1358 2898 1698 2966 ΑφΒφΠφΟ.
1736 2903 1903 2951 liabent
1936 2902 2271 2964 suscipientes.

325 3033 552 3098 Cypriani
589 3033 852 3093 „Paternus
888 3035 983 3085 ait:
1019 3034 1262 3085 Nobilium
1288 3035 1445 3099 impe-

315 3108 540 3152 ratorum
577 3101 635 3150 ad
670 3116 744 3151 me
779 3103 957 3165 scripta
993 3110 1250 3162 venerunt,
1300 3112 1352 3152 ut
1402 3103 1443 3152 si

315 3169 402 3233 qui
437 3168 530 3218 diis
566 3169 854 3219 cerimonias
873 3170 1443 3229 execrantur-immolare,

318 3237 376 3286 ad
443 3236 814 3286 sacriflcndum
880 3237 1235 3300 compellantur
1296 3237 1440 3287 inviti.

311 3303 554 3367 Exquisivi
592 3303 882 3372 de-nomine
919 3313 1017 3354 tuo.
1072 3304 1194 3363 Quid
1233 3318 1440 3368 respon-

312 3367 446 3421 des?
494 3372 701 3420 Sanctus
717 3371 982 3434 Cyprianus
1005 3372 1284 3436 respondit:
1319 3371 1442 3421 Nul-

313 3437 392 3488 los
427 3438 549 3488 deos
583 3439 711 3497 novi,
747 3440 839 3488 nisi
876 3453 1021 3488 uuum
1061 3447 1108 3487 et
1143 3453 1324 3498 verum,
1361 3440 1443 3503 qui

310 3506 429 3556 feeit
476 3513 656 3555 terram
706 3513 756 3555 et
801 3506 986 3554 eaelum
1036 3513 1082 3554 et
1117 3520 1240 3568 quae
1286 3506 1334 3554 in
1382 3507 1441 3555 iis

309 3581 444 3624 sunt.
519 3573 641 3622 Huic
673 3572 767 3621 deo
801 3587 893 3622 nos
930 3573 1188 3622 Christiani
1230 3572 1441 3622 deservi-

309 3654 442 3758 ms,
479 3640 608 3755 bunc
642 3639 961 3756 depfeteamus
996 3640 1168 3756 (Ιὶῇοὺιῖε
1204 3655 1261 3689 ac
1287 3642 1441 3757 no‘ctti-

455 3721 482 3756 e
547 3721 640 3770 pro
676 3721 833 3756 saue
868 3721 1037 3771 popu·
1094 3722 1121 3756 e
1185 3723 1271 3771 pro
1320 3723 1444 3756 sau

309 3776 642 3838 mentorem
675 3773 990 3824 vestrorumf‘
1035 3775 1118 3823 Sic
1152 3774 1264 3823 etin
1288 3788 1440 3836 agone

313 3840 588 3891 Sebastiani
625 3847 676 3889 et
708 3842 982 3891 sociorum:
1020 3842 1210 3900 „Quem
1247 3841 1439 3891 Diocle-

313 3909 475 3958 tianus
512 3906 573 3958 ad
607 3915 663 3957 se
697 3909 946 3958 convocari
983 3909 1077 3958 ait:
1113 3909 1212 3969 Ego
1243 3915 1290 3957 te
1316 3909 1441 3958 inter

312 3975 504 4040 primos
559 3975 741 4039 palatio
794 3990 902 4026 meo
956 3989 1152 4039 semper
1204 3975 1346 4025 habui
1394 3983 1441 4024 et

313 4050 483 4092 eontra
520 4041 727 4093 salntem
764 4057 921 4093 meam
975 4043 1022 4092 in
1075 4042 1275 4093 deorum
1313 4043 1439 4092 iniu-

309 4110 402 4160 riis
447 4110 682 4187 haetenus
731 4109 932 4160 latuisti.
997 4109 1311 4160 Sebastianus
1359 4123 1439 4159 re-

311 4177 540 4294 312.ᾶὲ
551 4177 981 4308 9308881ῖέζᾶ
1007 4177 1441 4309 simperiicsszngffi

307 4310 450 4361 illum
488 4312 568 4374 qui
604 4312 652 4362 in
691 4311 842 4362 ecelis
878 4320 951 4361 est
971 4325 1167 4377 semper
1191 4309 1438 4361 adoravi.“

351 4377 431 4427 -1›.
482 4378 624 4432 deum
663 4378 826 4430 solum
875 4379 922 4429 in
960 4380 1097 4429 cuius
1144 4378 1298 4437 solius
1346 4391 1436 4441 po·

307 4452 482 4495 testate
515 4441 656 4512 sunt]
712 4447 840 4497 Sane
874 4447 1025 4497 solum
1058 4453 1107 4495 et
1139 4446 1289 4497 solius
1323 4444 1438 4494 dicit

306 4512 413 4562 b.l.
451 4513 813 4575 Tertullianus,
874 4520 928 4563 ut
973 4520 1107 4563 notet
1150 4505 1254 4571 τὴν
1298 4504 1438 4578 πρὸς

305 4572 524 4645 ἑτέρους
558 4571 1003 4639 ἂπιδιαστολῆν.
1051 4579 1262 4644 ³Rempe
1298 4579 1434 4644 prin-

308 4649 440 4713 cipes
475 4648 646 4732 iti-dei
684 4649 862 4700 summi
897 4647 1074 4710 solius,
1121 4662 1222 4700 nou
1253 4648 1316 4704 ,in
1354 4659 1434 4696 ce-

1546 3042 1761 3084 terorum
1808 3035 2042 3092 deornm,
2095 3049 2217 3097 quos
2269 3035 2473 3095 gentiles
2525 3038 2669 3086 etiam

1546 3100 1828 3160 adorabant,
1864 3115 1973 3150 esse
2007 3107 2263 3164 potestate.
2324 3101 2419 3150 Sed
2440 3117 2562 3166 quae
2588 3118 2671 3152 se-

1543 3175 1759 3232 quuntur
1790 3170 1908 3217 satis
1945 3167 2247 3228 convincunt,
2282 3169 2409 3233 quod
2447 3171 2495 3219 b.
2523 3170 2556 3226 l.
2592 3171 2699 3220 di·-

1544 3237 1670 3285 citur
1701 3229 1841 3300 πρός
1875 3248 1957 3290 τι,
2008 3234 2294 3299 simpliciter
2329 3250 2521 3300 quoque
2558 3251 2673 3288 esse

1541 3304 1865 3362 verissimum,
1901 3317 1992 3367 qua
2031 3303 2091 3351 de
2127 3317 2180 3352 re
2216 3303 2311 3352 alii.
2349 3302 2587 3364 (Herald.)

1611 3386 1653 3420 e.
1691 3367 1912 3419 manibus
1948 3366 2199 3435 expausis]
2241 3370 2456 3422 nauibus
2491 3387 2669 3436 ewan-

1541 3441 1609 3488 sis
1645 3438 1760 3488 dicit
1775 3436 2105 3488 Tertullianus
2127 3438 2355 3500 proprie;
2391 3438 2519 3501 quod
2540 3453 2665 3503 quo-

1541 3504 1688 3554 modo
1742 3505 1806 3554 sit
1854 3504 2216 3565 intelligendum
2270 3504 2532 3555 ostendunt
2581 3520 2665 3556 se·

1542 3574 1766 3636 quentia:
1819 3571 1901 3621 Sic
1947 3572 2104 3634 itaque
2155 3585 2243 3620 nos
2296 3571 2355 3622 ad
2400 3571 2542 3622 deum
2580 3587 2661 3622 ex·

1540 3654 1725 3702 pausos
1762 3638 1969 3700 ungulae
2005 3639 2206 3698 fodiant,
2250 3653 2419 3688 cruces
2453 3654 2664 3703 suspen-

1541 3707 1657 3755 dant
1704 3712 1813 3755 cett.
1903 3706 1985 3755 Sic
2036 3707 2161 3755 enim
2217 3706 2412 3769 expansi
2460 3706 2662 3768 figuram

1542 3773 1700 3822 crucis
1735 3772 2026 3822 referebant.
2096 3771 2384 3821 Prudentius
2435 3772 2482 3820 in
2520 3769 2662 3823 'mar-

1539 3840 1663 3903 tyrio
1700 3840 1953 3890 Fructuosi
1989 3834 2662 3903 [Peristeph.vt‚103sqq.]:

1541 3906 1738 3966 „Nexus
1790 3905 2017 3969 denique,
2069 3905 2149 3969 qui
2198 3918 2369 3954 manus
2418 3913 2665 3956 retrorsus

1539 3974 1594 4023 ln
1642 3981 1827 4035 tergum
1874 3979 2211 4021 revocaverant
2264 3972 2525 4034 revinctas,
2579 3973 2663 4023 ln-

1541 4047 1666 4091 tacta
1714 4047 1821 4089 cute
1868 4039 2095 4089 decidunt
2142 4038 2315 4088 adusti.
2383 4040 2491 4090 Non
2544 4054 2663 4090 ausa

1541 4117 1615 4158 est
1662 4107 1889 4157 cohibere
1935 4120 2090 4170 poena
2137 4106 2326 4170 palmas
2383 4107 2437 4157 In
2491 4121 2665 4158 morem

1540 4177 1691 4226 crucis
1727 4176 1788 4224 ad
1821 4175 1999 4225 Patrem
2043 4169 2293 4234 lanuini,
2347 4173 2501 4224 Solvit
2546 4175 2660 4224 bra·
2704 4235 2707 4236 ⁷

1540 4243 1665 4301 obis,
1701 4255 1824 4306 quae
1860 4239 2010 4290 Deum
2056 4240 2368 4304 precentur.“
2440 4241 2493 4290 In
2542 4240 2663 4290 actis

1539 4309 1756 4360 eiusdem
1776 4308 2016 4370 martyrii:
2042 4307 2296 4372 „Cumque
2318 4315 2511 4358 exustae
2536 4308 2661 4357 luis-

1537 4385 1648 4427 sent
1680 4373 1929 4436 tasciolae‚
1965 4374 2141 4439 quibus
2164 4388 2332 4424 eorum
2356 4388 2528 4424 manus
2554 4375 2662 4423 sue-

1536 4452 1646 4493 rant
1692 4443 1963 4504 colligatae,
2016 4441 2190 4507 positis
2236 4441 2437 4502 genibus
2483 4440 2543 4490 de
2579 4453 2659 4489 re-

1537 4511 1839 4562 surrectione
1872 4508 2032 4558 securi
2068 4510 2120 4558 in
2156 4511 2338 4570 sianum
2370 4509 2548 4571 tropaei
2574 4507 2660 4556 do-

1534 4580 1709 4628 minum
1738 4573 2106 4641 precabuntur.“
2173 4573 2501 4623 Disertissime
2537 4571 2660 4621 Ter-

1533 4643 1766 4695 tullianus
1805 4645 1908 4707 ipse
1947 4642 2054 4691 libri
2091 4641 2153 4690 de
2189 4638 2417 4688 Oratione
2453 4652 2558 4702 cap.
2594 4638 2653 4687 11
