3263 5311
1233 442 1573 486 sconruce.
2362 414 2367 419 ’
2458 428 2586 494 535

225 590 392 658 'mea‘
410 591 694 665 interest,
750 609 904 670 quos
951 609 1169 671 sequar
1208 591 1470 672 martyrii
1524 589 1876 670 magistros,
1934 608 2232 655 sensusne
2275 611 2351 655 an
2395 592 2588 658 exitus

238 678 682 775 apostolorum,
741 690 862 753 nisi
919 691 1078 771 quod
1138 700 1198 754 et
1252 710 1473 754 sensus
1525 692 1587 753 in
1634 690 1889 754 exitibus
1929 710 2323 772 recognosco.
2428 694 2589 758 Nihil

238 796 394 861 enim
435 793 600 875 passi
642 793 901 856 ruissent
941 791 1102 872 quod
1144 810 1269 854 non
1318 791 1488 872 prius
1503 791 1860 873 patiendum
1890 792 2067 856 'esse
2096 793 2375 856 scissent.
2440 794 2589 859 Cum

236 895 464 959 vincula
502 893 687 956 Paulo
732 892 966 973 Agabus
1017 900 1189 973 gestu
1243 912 1481 974 quoque
1534 893 1989 973 prophetasset,
2046 893 2320 975 discipuli
2372 896 2587 959 flentes

239 1006 297 1060 et
337 1003 615 1070 orantes,
657 1013 736 1057 ne
765 1012 834 1056 se
863 992 1276 1073 Hierosolyma
1318 995 1749 1067 committeret,
1793 996 2017 1070 trustra
2044 994 2419 1059 ‘oravean
2480 996 2589 1063 Ille

237 1099 394 1161 enim
436 1096 599 1178 quod
641 1113 881 1174 semper
921 1095 1207 1158 docuerat
1246 1095 1571 1170 animatus,
1625 1094 1782 1169 Quid
1824 1094 2017 1171 fletis,
2060 1095 2282 1177 inquit,
2329 1104 2392 1159 et
2431 1116 2583 1163 con-
2610 1087 2830 1146 *⁰⁸¹¹-

235 1197 481 1260 ‘mmis
535 1215 642 1259 ⁰⁰¹⁸
696 1193 943 1258 meum?
1026 1196 1102 1258 Ᾱῑ
1155 1214 1265 1275 08⁰
1321 1215 1445 1259 non
1487 1195 1671 1259 modo
1713 1195 1945 1259 vincula
1984 1195 2420 1277 Hierosolymis
2462 1199 2586 1279 pati
2637 1140 2685 1183 n
2701 1151 2801 1198 ’qq'

235 1298 626 1379 ’optaverim,
667 1315 874 1360 verum
916 1295 1092 1359 etiam
1120 1297 1275 1359 mori
1303 1315 1416 1377 pro
1444 1297 1689 1361 nomine
1717 1296 1944 1362 domini
1976 1296 2314 1360 ¹⁰mei1esu
2346 1297 2584 1362 Christi.

232 1398 422 1480 Atque
465 1399 546 1460 ita
589 1405 905 1460 cesserunt
945 1397 1230 1460 dicendo:
1271 1388 1405 1461 Fiat
1445 1398 1720 1460 voluntas
1764 1396 2027 1472 domini;
2069 1396 2323 1460 fidentes
2360 1398 2588 1463 scilicet

230 1501 549 1581 passiones
596 1498 634 1531 ¹¹
650 1498 724 1561 ad
765 1498 1124 1561 voluntatem
1169 1498 1266 1561 dei
1317 1499 1640 1579 pertinere.
1745 1498 1881 1560 Non
1935 1498 2096 1560 enim
2150 1498 2585 1565 dehortationis

233 1600 518 1674 consilio,
565 1599 674 1662 sed
718 1597 1054 1661 dilectionis
1099 1598 1356 1661 retinere
1401 1606 1865 1679 temptaverant,
1927 1607 1993 1661 ut
2035 1598 2374 1679 apostolum
2417 1599 2585 1662 desi-

230 1701 544 1775 derantes,
590 1718 713 1762 non
754 1707 823 1761 ut
863 1699 1204 1780 martyrium
1248 1698 1688 1763 dissuadentes
1765 1699 1999 1773 Quodsi
2042 1699 2158 1761 iam
2201 1708 2345 1762 tunc
2375 1700 2586 1763 ”Pro-

230 1802 395 1867 dicus
443 1809 547 1864 aut
567 1801 962 1864 Valentinus·
1007 1800 1325 1867 adsisteret
1367 1819 1697 1880 suggerens
1739 1818 1865 1865 non
1904 1801 1967 1863 in
1997 1801 2175 1863 terris
2207 1819 2346 1865 esse
2378 1800 2578 1864 ''con-

228 1903 514 1966 fitendum
558 1901 714 1983 apud
755 1900 1065 1975 homines,
1144 1902 1392 1965 “minus
1433 1920 1611 1976 vero,
1660 1901 1831 1963 ¹⁸ne·
1875 1900 2023 1963 deus
2067 1900 2391 1963 humanum
2435 1919 2582 1963 san-

229 2004 472 2085 guinem
516 2003 677 2066 sitiat
717 2021 829 2065 nec
870 2002 1143 2065 Christus
1199 2003 1388 2065 vicem
1451 2003 1788 2084 passioniS,
1856 2002 2026 2082 quasi
2083 2011 2144 2064 et
2197 2003 2329 2082 ipse
2384 2002 2459 2063 de
2515 2020 2587 2064 ea

230 2106 484 2168 salutem
541 2112 971 2167 consecuturus
1029 2111 1339 2184 exposcat,
1409 2103 1604 2165 statim
1665 2103 1935 2165 audisset
1976 2121 2012 2165 a
2055 2121 2229 2165 servo
2275 2101 2371 2165 dei
2425 2101 2586 2183 quod
2635 2163 2787 2210 'mh

227 2206 500 2268 audierat
540 2204 869 2266 ¹⁸diabolus
913 2223 949 2266 a
992 2204 1305 2267 domino⁰z
1349 2204 1581 2266 Recede
1615 2204 1901 2278 ¹''satan.‘=n,
1948 2202 2290 2266 scandalum
2318 2202 2464 2265 mihi
2497 2221 2582 2266 es.
2609 2215 2797 2311 maa.

231 2304 530 2388 Scriptum
575 2313 669 2368 est
706 2304 1024 2367 Dominum
1070 2305 1247 2367 deum
1291 2312 1456 2367 tuum
1501 2288 1840 2379 adorabis»,
1889 2312 1966 2368 ,et
2025 2303 2110 2365 illi
2164 2302 2279 2365 soli
2335 2302 2588 2366 servies.

233 2405 346 2469 Sed
389 2416 449 2470 et
493 2425 654 2469 nunc
696 2406 901 2468 audire
944 2404 1214 2480 debebit,
1260 2415 1552 2485 quatenus
1597 2405 1785 2468 multo
1839 2413 1982 2486 post
2023 2422 2248 2467 venena
2292 2404 2405 2467 ista
2450 2405 2584 2467 suf-

233 2507 406 2579 rudit,
475 2506 621 2569 nulli
677 2507 1049 2569 infirmorum
1095 2506 1316 2569 ¹¹'facile
1372 2525 1485 2569 nec
1538 2506 1628 2567 sic
1679 2507 2009 2579 nocituram,
2077 2504 2120 2538 ¹⁹
2135 2506 2187 2567 si
2232 2505 2333 2586 qui
2377 2505 2588 2569 ²”hanc

233 2616 501 2672 nostram
546 2626 616 2670 ex
661 2607 779 2672 fide
820 2607 1182 2690 praebiberit
1221 2606 1312 2670 vel
1356 2607 1532 2671 etiam
1577 2606 1981 2690 superbiberit
2020 2606 2352 2718 potionem.
2366 2606 2409 2640 ²¹

232 2759 280 2810 7.
317 2776 427 2812 esse
463 2762 674 2813 scissent
705 2763 757 2814 A.
841 2776 952 2812 esse
986 2763 1257 2812 sensissent
1287 2763 1475 2826 reliqui.
1577 2760 1626 2811 8.
1665 2768 1806 2810 orant
1835 2756 1938 2823 Αβ.
2026 2764 2281 2809 oraverant
2308 2754 2427 2822 Αφ.
2535 2755 2587 2807 9.

236 2842 265 2877 o
301 2837 506 2880 taveram
542 2827 660 2896 Αφ.
784 2829 865 2880 10.
904 2830 998 2880 mei
1033 2846 1121 2880 om.
1151 2832 1204 2880 A.
1322 2829 1402 2879 11.
1439 2829 1501 2879 ad
1537 2829 1613 2878 dei
1650 2829 1942 2877 voluntatem
1978 2823 2097 2892 Αφ.
2184 2825 2244 2875 ad
2292 2824 2586 2874 voluntatem

286 2895 503 2957 β.12.
542 2897 777 2961 Prodigus
811 2897 899 2948 AB.
996 2895 1076 2948 13.
1114 2897 1437 2947 confitendum
1472 2898 1584 2947 Aah.
1657 2895 1927 2945 conandum
1962 2894 2050 2943 BC.
2159 2892 2240 2942 14.
2276 2892 2438 2941 miuus
2472 2905 2587 2941 vcro

233 2962 354 3013 ΔΒὸ.
423 2964 553 3027 quod
589 2965 664 3016 Ga.
773 2964 852 3016 15.
890 2979 951 3014 ne
982 2965 1066 3016 Ab.
1137 2979 1227 3014 nec
1259 2964 1378 3014 BCa.
1482 2963 1562 3013 16.
1597 2978 1624 3012 a
1661 2962 1858 3012 domiuo
1896 2960 2119 3011 diabolus
2153 2959 2586 3010 A.17.satann

233 3030 315 3079 Ab.
386 3031 611 3081 sathanas
642 3033 830 3097 reliqui.
949 3031 1026 3081 18.
1063 3031 1207 3081 facile
1245 3044 1333 3081 nec
1368 3033 1441 3081 sic
1476 3032 1694 3081 nocitura
1732 3045 1832 3092 eqo.
1918 3028 2060 3078 facile
2108 3027 2199 3077 nisi
2248 3026 2466 3077 nocitura
2502 3025 2586 3077 Bb.

232 3096 425 3148 facilem
462 3099 721 3150 sinocitura
754 3102 807 3151 A.
890 3099 1032 3150 facile
1067 3099 1284 3149 nocitura
1336 3098 1414 3149 Ga.
1449 3099 1540 3149 Ios.
1577 3097 1822 3147 Mer-cerus.
1947 3093 2027 3146 19.
2063 3095 2105 3144 si
2143 3096 2224 3160 qui
2259 3096 2343 3144 Ab.
2414 3093 2506 3144 nisi
2542 3094 2586 3143 si

233 3165 312 3229 qui
347 3167 438 3216 Ios.
473 3166 720 3217 uerter-us.
789 3166 831 3217 si
869 3167 976 3230 quis
1010 3168 1198 3232 reliqui.
1303 3164 1386 3219 20.
1421 3166 1546 3218 hauc
1580 3162 1837 3230 (qufflca.
1918 3176 2018 3213 non
2055 3162 2180 3213 hanc
2212 3159 2379 3225 (Apu.
2500 3159 2585 3211 21.

230 3267 308 3283 ......
311 3233 408 3284 .:E
441 3233 808 3285 scom‘tsclt·
843 3233 1137 3285 EXPLICIT.
1172 3230 1273 3297 Αβ.

292 3381 359 3419 m.
397 3368 634 3419 Prodicus
669 3377 752 3420 aut
786 3362 1086 3434 Valentinus]
1129 3367 1204 3420 Cr.
1238 3367 1352 3420 Λᾶν.
1519 3380 1569 3430 p.
1589 3363 1847 3414 Dominum
1868 3363 2011 3415 deum
2029 3371 2166 3414 tuum
2189 3356 2440 3428 adorabis]
2454 3361 2586 3413 Haec

227 3431 363 3486 Prax.
399 3450 512 3499 cap.
538 3434 587 3485 3.
1453 3432 1518 3482 ita
1554 3446 1609 3481 se
1647 3431 1825 3481 hahent
1860 3433 1907 3483 in
1944 3431 2226 3494 exemplari,
2263 3445 2387 3496 quae
2421 3438 2585 3481 tamen

291 3517 339 3552 n.
387 3504 554 3559 minus
599 3518 710 3554 vero
759 3497 843 3569 ue]
895 3502 966 3552 Eo
1014 3517 1124 3552 vero
1173 3503 1351 3563 minus,
1454 3499 1583 3549 haud
1627 3498 1813 3550 faciunt
1864 3499 2121 3564 quiequam
2184 3498 2244 3549 ad
2299 3497 2584 3548 Tertulliani

221 3582 283 3620 ne
319 3570 442 3621 deus
481 3571 766 3635 sanguinem
817 3572 1075 3622 humanum
1111 3570 1249 3620 sitire
1281 3570 1351 3620 vi·
1452 3566 1780 3632 propositum,
1835 3574 1884 3616 et
1929 3568 2188 3631 opinamur
2238 3565 2382 3615 insita
2430 3565 2585 3616 faisse

222 3635 409 3689 deatur.
1455 3634 1623 3684 eadem
1662 3648 1825 3695 manu,
1862 3648 1956 3698 qua
1991 3633 2290 3698 praecedens
2315 3632 2583 3697 increpatio

288 3720 336 3755 o.
373 3705 513 3784 quod
549 3706 768 3756 audierat
807 3703 1030 3755 diabolus
1065 3719 1092 3753 a
1129 3697 1352 3769 domino]
1455 3701 1645 3752 detorta
1681 3703 1729 3752 in
1764 3700 2012 3751 diabolum
2038 3701 2199 3751 ablato
2219 3701 2414 3751 nomine
2436 3700 2581 3750 Petri.

221 3770 373 3822 lmmo
412 3774 526 3839 ipse
561 3772 733 3828 Petrus
768 3771 930 3823 matth.
963 3771 1079 3833 xvt‚
1105 3769 1184 3821 23.
1257 3769 1356 3822 Sed
1452 3768 1670 3831 (Rigalt.)
1722 3767 2083 3831 Aug.Neauder
2101 3767 2451 3817 Tertullianum
2484 3767 2532 3816 h.
2550 3765 2583 3817 Ι.

218 3836 398 3903 aliquis
435 3855 556 3902 erga
575 3840 769 3890 Petrum
799 3841 972 3890 affectu
993 3838 1216 3889 Matthaei
1239 3853 1354 3892 nar·
1455 3835 1580 3886 duos
1615 3835 1779 3900 potius
1815 3836 2085 3913 scripturae
2115 3848 2285 3884 sacrae
2305 3833 2442 3883 locos
2464 3847 2584 3883 con-
2654 3871 2659 3878 .

215 3907 459 3958 rationem
501 3908 573 3958 sic
609 3907 760 3972 accipi
795 3908 961 3967 voluit,
996 3907 1133 3972 quasi
1169 3921 1224 3956 ea
1245 3920 1355 3956 ver·
1455 3903 1643 3954 fudisse
1677 3903 1870 3963 iudicat,
1908 3903 1985 3951 cui
2020 3901 2242 3965 equidem
2280 3900 2537 3950 assentior.

218 3972 297 4033 ba,
347 3982 565 4041 propter
610 3990 734 4039 quae
780 3975 973 4026 Petrum
1011 3974 1232 4025 Christus
1277 3974 1355 4023 in·
1525 3985 1570 4035 q.
1610 3969 1733 4020 nulli
1763 3971 2068 4020 intirmorum
2086 3968 2229 4018 facile
2250 3981 2339 4017 nec
2355 3967 2430 4017 sic
2446 3966 2584 4017 noci-

217 4051 405 4107 crepat,
439 4056 548 4094 non
583 4049 679 4093 tam
716 4043 824 4108 ipse
847 4041 1016 4092 Petrus
1050 4041 1354 4107 protulisset,
1451 4034 1592 4101 tura]
1627 4038 1699 4088 lta
1735 4037 1932 4089 omnino
1970 4035 2323 4087 emendandum
2341 4042 2461 4085 erat.
2508 4032 2584 4085 Ait

218 4123 362 4172 quam
402 4125 501 4175 per
535 4125 592 4160 os
629 4110 757 4161 Petri
793 4108 1032 4160 diabolus.
1099 4109 1353 4159 Enimvero
1452 4120 1637 4157 venena
1671 4105 1853 4171 scorpii
1891 4118 2049 4168 aeque
2072 4104 2213 4167 ipsis,
2250 4103 2333 4168 qui
2358 4093 2453 4154 ic'tu
2478 4102 2585 4152 eius

218 4175 659 4242 chrysostomus,
664 4167 786 4234 ,οὔκ
818 4163 981 4233 εἶπεν,
1032 4167 1062 4224 ὃ
1096 4168 1356 4229 Σατανᾶς
1454 4173 1550 4224 iam
1604 4174 1781 4224 infirmi
1828 4172 1940 4230 facti
1988 4172 2104 4233 sint,
2157 4170 2299 4222 raciie
2347 4169 2585 4228 nocitura,

215 4233 547 4310 ἐφθέγξατο
573 4238 667 4294 διὰ
685 4243 807 4301 σοῦ,
834 4234 953 4293 ἀλλ’
975 4235 1152 4308 ὕπαγε
1175 4233 1353 4292 ὀπίσω
1455 4255 1614 4319 neque
1649 4240 1722 4291 vel
1759 4241 1837 4300 iis,
1874 4238 1956 4305 qui
1992 4247 2123 4290 metu
2160 4252 2328 4290 eorum
2363 4237 2439 4287 vel
2475 4243 2586 4287 ante

214 4325 328 4376 μου
375 4305 634 4369 tatere,
691 4306 784 4362 atui
817 4306 938 4392 γὰρ
986 4303 1150 4361 ἐπιθυ
1216 4326 1253 4358 α
1288 4295 1356 4370 ἦν
1456 4309 1604 4360 ictum
1641 4308 1712 4358 vel
1750 4309 1897 4360 etiam
1931 4308 2092 4359 statim
2151 4314 2265 4372 post
2313 4306 2459 4356 ictum
2494 4304 2588 4353 hac

217 4369 624 4459 ἅπαεᾳιένου,
663 4375 729 4430 τὸ
761 4395 840 4447 μη
817 4326 1080 4430 ‘rna-vete
1101 4392 1199 4429 εν
1312 4391 1355 4427 ι-
1456 4389 1546 4426 sua
1579 4376 1795 4428 theriaca
1828 4390 1920 4442 pro
1956 4372 2346 4441 prophylacterio
2374 4372 2449 4422 usi
2475 4369 2586 4420 fue·

214 4441 373 4497 «τόν.
418 4449 640 4512 (Rigalt.)
1455 4443 1570 4494 rint.
