3263 5311
688 365 812 430 146
1190 380 1391 431 omnm
1439 378 1702 422 sermm
1745 377 2080 423 nonnitus
2127 379 2523 425 τειιτσιιωιι

679 550 857 614 quem
898 530 1053 593 ludis
1100 528 1235 589 suis
1274 529 1533 590 humano
1574 521 1924 624 ¹²sanguine
1964 529 2268 610 proluunt.
2355 529 2533 592 ”Sed
2559 530 2889 619 bestiariiv,
2937 531 3034 596 in·

677 633 880 714 quitis.
945 630 1149 703 ²⁸Hoc,
1195 629 1430 709 opinor,
1476 629 1676 690 minus
1721 647 1897 709 quam
1940 629 2255 693 hominis?
2298 631 2388 692 An
2416 631 2534 693 hoc
2574 611 2830 711 turpius,
2877 632 3037 711 quod

676 733 814 796 mali
857 728 1170 795 hominis?
1214 738 1375 792 certe
1416 736 1617 791 tamen
1662 730 1736 792 de
1777 730 2102 794 homicidio
2145 732 2429 794 funditur.
2517 733 2570 795 0
2613 732 2816 794 Iovem
2861 722 3032 794 Chri-

679 834 939 896 stianum
981 839 1044 894 et
1086 830 1283 892 solum
1324 831 1514 910 patris
1558 831 1744 892 filium
1786 831 1918 893 ”de
1963 831 2344 894 crudelitate‘
2357 831 2372 892 1
2459 833 2580 894 Sed
2637 833 2919 912 quoniam
2962 833 3036 894 de

675 931 1041 995 infanticidio
1086 932 1232 993 nihil
1276 931 1531 993 interest
1561 949 1734 1002 sacro
1765 949 1841 992 an
1871 931 2185 994 arbitrio²⁸
2196 941 2623 1013 perpetretur&
2667 934 2865 995 ”licet
2889 952 3031 1013 par-

586 1033 948 1110 fricidium
989 1031 1312 1093 homicidio
1356 1031 1646 1104 intersit‘,
1692 1031 2063 1105 ²''comertar
2106 1034 2180 1094 ad
2207 1035 2516 1115 populum.
2583 1033 2805 1107 ”Quot
2843 1034 3029 1096 ”vul-

529 1105 622 1173 7
672 1135 751 1196 tis
797 1154 872 1196 ex
913 1133 1009 1195 his
1053 1132 1575 1194 circumstantibus
1621 1140 1684 1194 et
1725 1132 1787 1194 in
1831 1133 2306 1232 Christianormn
2348 1134 2736 1214 ,sanguinem
2755 1134 2794 1167 ³¹
2810 1134 3028 1197 hianti

672 1237 810 1310 buS,
876 1253 948 1295 ex
989 1232 1142 1314 ipsis
1187 1232 1363 1295 etiam
1406 1232 1579 1294 vobis
1624 1233 1978 1296 iustissimis
2023 1243 2085 1296 et
2127 1235 2532 1297 severissimis
2588 1235 2649 1296 in
2693 1253 2808 1296 nos
2853 1252 3028 1314 prae-

675 1335 904 1398 sidibus
948 1334 1105 1414 apud
1148 1334 1546 1395 conscientias
1588 1334 1844 1413 pulsem,
1890 1336 1991 1414 qui
2022 1344 2198 1398 natos
2242 1336 2355 1398 sibi
2384 1337 2610 1398 liberos
2652 1334 3031 1398 ”enecent·¹?

673 1437 1034 1517 ³³Siquidem
1079 1443 1141 1495 et
1182 1435 1257 1495 de
1302 1453 1520 1513 genere
1564 1435 1729 1495 necis
1775 1434 1992 1511 differt,
2038 1438 2242 1517 utique
2284 1437 2583 1499 crudelius
2626 1436 2688 1498 in
2719 1455 2872 1516 aqua
2904 1437 3030 1517 spi-

673 1539 855 1600 ritum
895 1536 1323 1615 ”extorquetis
1368 1544 1471 1597 aut
1512 1535 1719 1615 frigori
1765 1543 1826 1597 et
1866 1537 2006 1598 fami
2050 1547 2110 1600 et
2151 1538 2398 1601 canibus
2444 1537 2798 1619 exponitis&
2845 1537 3031 1599 Ferro

675 1640 837 1701 enim
900 1637 1055 1699 mori
1121 1644 1284 1698 aetas
1352 1655 1590 1716 quoque
1635 1637 1828 1699 maior
1872 1627 2297 1718 ”optaverim
2384 1638 2572 1700 Nobis
2615 1657 2757 1700 vero
2805 1639 3032 1700 semel*

672 1739 1047 1802 ⁸'’homicidio
1093 1738 1407 1799 interdicto
1453 1737 1631 1799 etiam
1677 1746 2031 1819 conceptum
2072 1738 2117 1772 ³⁷
2128 1746 2322 1810 utero,
2370 1739 2509 1801 dum
2551 1740 2744 1802 adhuc
2786 1740 3029 1819 sanguis

674 1961 759 2013 22.
794 1960 1030 2022 sanguiue
1064 1957 1297 2023 proluunt
1328 1959 1531 2009 ABEFG.
1566 1959 1714 2009 Oxou.
1747 1960 1938 2010 Vindob.
1962 1959 2135 2023 Erfurt.
2205 1957 2439 2023 proluunt
2472 1960 2706 2020 sanguine
2741 1954 3031 2023 (Dnubcdes.

674 2029 758 2081 23.
806 2028 903 2078 Sed
936 2027 1279 2078 bestiariorum
1315 2027 1400 2076 Db.
1484 2026 1579 2076 Sed
1616 2027 1881 2077 bestiarum
1918 2028 2036 2077 FGa.
2178 2026 2261 2076 24.
2298 2026 2484 2090 Opinor
2521 2027 2613 2076 boc
2663 2027 2816 2077 DEab.
2852 2028 3030 2091 Erfurt.

674 2098 757 2150 25.
795 2097 855 2147 de
893 2094 1174 2147 crudelitate
1211 2110 1299 2144 om.
1336 2110 1375 2143 c.
1514 2092 1597 2144 26.
1636 2102 1853 2160 patretur
1885 2090 1931 2145 λ.
2080 2094 2161 2144 27.
2224 2096 2314 2152 ‚cet
2349 2095 2408 2145 de
2445 2094 2704 2158 parricidio
2742 2095 2929 2144 intersit
2962 2089 3029 2158 λῙ

672 2167 972 2228 novercam».
1042 2160 1125 2212 28.
1175 2167 1427 2211 convertat
1461 2161 1545 2211 Du.
1698 2159 1779 2212 29.
1819 2162 1957 2222 Quod
2003 2162 2220 2224 Aenea
2274 2163 2422 2212 Owen.
2461 2163 2692 2211 Gorziens.
2783 2161 2938 2221 Quem
2973 2162 3029 2211 Ε.

673 2250 735 2284 m.
772 2248 861 2283 sec.
900 2245 1128 2295 super-scr.
1268 2226 1350 2278 30.
1389 2229 1551 2278 multis
1588 2244 1644 2278 ex
1682 2230 1756 2279 bis
1791 2231 1840 2279 F.
1981 2228 2063 2279 31.
2101 2229 2395 2280 inhiantibus
2430 2224 2475 2278 λ.
2502 2231 2642 2306 prob.
2661 2230 2817 2278 navis.
2853 2229 3031 2280 adcic.

673 2301 740 2351 De
776 2300 833 2350 N.
868 2301 922 2349 D.
960 2299 996 2359 1,
1037 2297 1118 2346 30.
1258 2296 1341 2346 32.
1380 2303 1602 2346 enectent
1636 2299 1712 2346 ab.
1868 2296 1950 2347 33.
1989 2298 2040 2347 Si
2075 2298 2192 2414 quid
2229 2305 2277 2347 et
2311 2298 2371 2347 de
2408 2298 2540 2345 necis
2577 2310 2753 2358 genere
2789 2296 2952 2346 differt
2981 2292 3027 2345 λ.

675 2368 727 2417 Si
764 2367 878 2431 quid
915 2373 963 2415 et
997 2365 1056 2414 de
1082 2378 1259 2426 genere
1284 2360 1458 2414 necis?
1504 2364 1673 2414 Differt
1708 2365 2003 2429 Havercemp.
2199 2366 2280 2415 uid
2316 2365 2375 2413 de
2410 2379 2587 2427 genere
2623 2364 2757 2413 necis
2789 2364 3028 2414 differtF.

673 2434 757 2485 34.
793 2432 1029 2497 torquetis
1061 2427 1106 2480 λ.
1212 2439 1293 2482 aut
1330 2432 1443 2481 sami
1480 2440 1561 2482 aut
1598 2432 1797 2482 canibus
1834 2439 2133 2497 exponentes
2075 2366 2212 2482 Si.
2319 2431 2400 2482 35.
2439 2432 2732 2494 exoptaverit
2761 2432 2816 2481 D.
2886 2438 3028 2496 opta-

670 2502 737 2552 vit
773 2504 874 2552 aed.
901 2497 1129 2618 ²'optabit
1166 2502 1209 2550 b.
1316 2498 1396 2548 36.
1434 2499 1697 2550 homicidio
1734 2501 1888 2550 semel
1924 2496 2152 2564 (mandes.
2222 2499 2483 2549 homicidio
2521 2513 2717 2563 semper
2751 2501 2828 2549 ub.
2944 2497 3028 2549 37.

676 2578 866 2619 uterum

598 2786 607 2790 ⁴
666 2759 937 2835 &pnpvsoewr
972 2768 1031 2825 ll,
1070 2785 1118 2833 p.
1151 2767 1230 2819 35.
1304 2768 1560 2832 Theophil.
1594 2769 1667 2820 Ad
1701 2770 1799 2820 Λιι-

664 2837 809 2900 tolyc.
847 2837 885 2895 l,
920 2852 969 2901 p.
986 2836 1102 2887 267.
1174 2835 1378 2886 Tertull.
1414 2837 1587 2901 Scorp.
1625 2838 1798 2901 cap.7.
1901 2832 1986 2902 sit]
2038 2837 2139 2887 Nos
2175 2838 2334 2888 solum
2371 2836 2706 2896 infanticidae,
2759 2850 2846 2885 vos
2884 2835 3027 2885 etiam

666 2904 811 2968 Cypr.
847 2904 918 2954 De
953 2906 1175 2970 Spectac-
1224 2920 1273 2969 p.
1317 2903 1428 2955 111.
1489 2905 1719 2955 Prudent.
1755 2921 1797 2954 c.
1902 2906 2188 2970 parricidae.

667 2972 941 3035 symmach.
1001 2973 1051 3033 1,
1099 2971 1215 3022 379.
1313 2971 1431 3022 Min.
1477 2973 1578 3022 Fel.
1637 2973 1798 3023 Octav.
1970 3004 2015 3040 u,

670 3055 774 3103 cap.
813 3038 895 3090 30.
966 3040 1179 3090 Lactaut.
1204 3041 1319 3089 lnst.
1339 3039 1437 3089 Div.
1475 3039 1513 3099 1,
1544 3039 1627 3091 21.
1698 3041 1796 3089 los.

1970 2777 2004 2819 t.
2051 2769 2165 2820 licet
2209 2769 2521 2834 parricidium
2567 2766 2827 2818 homicidio
2877 2767 3026 2817 inter·

2082 2991 2164 3054 qui
2217 2996 2356 3038 natos
2409 2987 2502 3037 sibi
2547 2986 2731 3038 liberos
2783 2948 3026 3053 enecent]

1900 3056 1971 3107 De
2006 3056 2101 3107 hoc
2135 3070 2273 3106 more
2297 3057 2356 3106 cs.
2379 3055 2518 3105 Dion.
2541 3056 2692 3107 Halic.
2718 3055 2778 3115 ll,
2803 3054 2884 3105 15.
2939 3054 3027 3105 Dio

588 3162 615 3172 ο
668 3106 846 3169 Scalig.
886 3107 946 3156 ad
982 3108 1182 3157 Hieron.
1219 3107 1398 3157 Chron.
1435 3121 1485 3170 p.
1521 3107 1603 3156 56.

738 3214 786 3262 q.
822 3194 1063 3264 bestiarii]
1119 3197 1337 3247 Damnati
1361 3199 1433 3247 vel
1456 3199 1705 3250 auctorati
1742 3198 1802 3249 ad

666 3264 868 3325 bestias,
906 3272 959 3314 ut
993 3265 1305 3328 depugnaret.

737 3372 780 3406 r.
845 3356 904 3406 de
942 3354 1248 3420 crudelitate]
1318 3359 1386 3408 De
1422 3358 1802 3422 praepositionis

670 3427 728 3475 de
762 3424 803 3473 vi
840 3424 1197 3474 instrumentali
1232 3425 1512 3476 adnotatum
1549 3434 1623 3475 est
1646 3426 1705 3475 ad
1735 3426 1801 3476 De

668 3492 889 3556 Spectac.
930 3506 1035 3556 cap.
1069 3491 1150 3541 25.
1222 3492 1381 3543 lovem
1418 3493 1532 3543 dicit
1567 3493 1802 3543 Christia-

670 3574 804 3620 num,
842 3559 951 3624 quia
987 3561 1171 3624 pariter
1206 3568 1349 3624 atque
1384 3560 1625 3621 Christus,
1675 3575 1798 3625 quae

671 3636 776 3691 erat
811 3627 872 3678 de
909 3627 1051 3677 huius
1089 3629 1220 3679 cultu
1247 3630 1403 3689 sama,
1455 3629 1679 3678 humanis
1715 3644 1797 3678 sa-

670 3697 864 3747 crificiis
914 3696 1147 3758 gaudeat,
1194 3705 1482 3761 prognatum
1532 3704 1668 3760 patre
1704 3696 1796 3745 sibi

670 3778 767 3813 non
804 3763 1057 3824 dissimili,
1096 3765 1232 3814 cuius
1268 3766 1454 3815 scilicet
1488 3765 1547 3814 de
1586 3764 1797 3814 crudeli-

665 3839 784 3893 tate,
835 3846 930 3894 qua
978 3840 1185 3881 ceteram
1232 3833 1421 3895 prolem
1472 3833 1796 3892 devoraverat,

669 3897 806 3947 solus
855 3912 910 3946 ex
956 3899 1180 3969 pluribus
1229 3900 1341 3950 filiis
1386 3898 1605 3964 reliquus
1641 3900 1798 3951 sactus

672 3965 748 4013 sit.
880 3984 885 3989 ·

738 4059 779 4097 ι.
865 4060 1006 4097 sacro
1073 4064 1133 4099 an
1199 4049 1397 4098 arbitrio
1464 4045 1797 4116 perpetretur]

669 4113 1011 4173 Transeamus,
1033 4114 1205 4180 inquit,
1230 4116 1289 4164 ab
1310 4117 1640 4177 infanticidiis
1674 4133 1799 4181 quae

667 4179 863 4231 iubente
910 4181 1147 4243 religione
1199 4184 1571 4245 perpetrabant,
1631 4185 1693 4233 ad
1742 4200 1798 4234 ea

669 4261 793 4312 quae
840 4248 1055 4311 quotidie
1103 4263 1131 4298 a
1184 4250 1455 4300 volentibus
1502 4267 1560 4301 ac
1605 4253 1799 4303 nemine

669 4322 869 4376 cogente
916 4322 1184 4379 patrantur.
1218 4317 1455 4377 (Herald.)
1544 4318 1673 4368 Nihil
1718 4320 1797 4369 in·

667 4391 833 4444 tei-,est
866 4382 1077 4435 iurantes
1112 4384 1350 4435 sacrificio
1386 4388 1798 4451 cruentoimpen-

665 4451 858 4512 dantur‚
910 4462 969 4501 an
1016 4466 1107 4516 pro
1143 4452 1343 4502 arbitrio
1380 4453 1670 4519 fastidioque
1703 4470 1793 4520 pa-

664 4526 855 4569 rentum
890 4532 1063 4570 recens
1099 4521 1196 4571 nati
1232 4520 1420 4585 frigori,
1474 4522 1608 4584 rami,
1658 4524 1812 4575 cani--

663 4585 759 4638 bus
793 4596 1107 4654 exponantur.
1142 4588 1354 4653 (Rigalt.)

1903 3124 2040 3190 Cass.
2076 3125 2207 3184 XLV,
2248 3124 2290 3172 1.
2364 3122 2563 3173 Sueten.
2601 3122 2758 3172 octav.
2800 3137 2906 3186 cap.
2945 3122 3028 3172 65.

1905 3191 2028 3241 ΡΙίιι.
2075 3191 2226 3255 Epist.
2274 3190 2341 3249 X,
2378 3190 2438 3239 71
2480 3205 2588 3255 sqq.
2670 3189 2849 3252 Digest.
2898 3189 3028 3249 XXV,

1904 3257 1954 3319 3,
1981 3258 2031 3308 4.
2101 3259 2220 3311 Cod.
2255 3259 2496 3308 Theodos.
2536 3257 2611 3318 lX,
2652 3257 2732 3316 14,
2773 3258 2820 3305 1.
2909 3257 3029 3307 Cod.

1762 3324 1806 3369 ·'
1905 3325 2035 3385 vlu,
2072 3324 2155 3377 52.
2225 3324 2407 3375 Novell.
2447 3324 2607 3374 CLllI.
2688 3324 3032 3387 Bynkersboek

1904 3393 1975 3442 De
2022 3393 2129 3442 lure
2178 3393 2343 3443 Occid.
2379 3391 2524 3441 Vend.
2576 3398 2626 3440 et
2659 3392 2842 3455 Expon.
2924 3391 3028 3442 Lib.

1904 3460 1972 3521 (iu
2011 3461 2116 3510 eius
2152 3461 2331 3524 Opusc.
2372 3460 2475 3510 Var.
2510 3466 2703 3521 Argum.
2737 3458 2830 3508 ΕΒ.
2860 3458 3031 3519 1719.)

1903 3529 1952 3578 iu
1991 3529 2095 3577 eius
2132 3528 2256 3592 Opp.
2295 3527 2437 3577 Omn.
2473 3535 2591 3578 tom.
2627 3527 2667 3586 Ι,
2701 3540 2752 3590 p.-
2779 3525 2881 3577 319
2917 3542 3028 3591 sqq.

1899 3596 2061 3646 Noodt
2097 3595 2223 3659 Opp.
2259 3603 2374 3644 tom.
2413 3596 2451 3653 l,
2485 3610 2537 3659 p.
2576 3593 2674 3645 565
2709 3609 2817 3658 sqq.
2910 3595 3029 3644 Rein

1899 3664 2037 3713 Rom.
2074 3662 2445 3713 Criminalreebt
2478 3678 2527 3727 p.
2563 3661 2660 3712 441
2700 3677 2810 3726 sqq.

1968 3762 2012 3798 v.
2070 3755 2118 3797 et
2151 3747 2349 3798 canibus
2386 3741 2665 3811 exponitis]
2713 3747 2888 3796 Minue.
2925 3747 3028 3796 Fel.

1901 3814 2061 3866 octav,
2100 3830 2202 3879 cap.
2241 3814 2322 3866 30.
2385 3816 2513 3875 „Vos
2559 3815 2684 3864 enim
2733 3812 2873 3864 video
2911 3828 3029 3878 pro·-

1898 3890 2089 3933 creatos
2135 3884 2262 3933 lilios
2310 3896 2439 3933 nune
2485 3882 2604 3933 feris
2652 3891 2700 3931 et
2742 3882 2910 3931 avibus
2945 3896 3029 3932 ex-

1897 3966 2098 4015 ponere,
2127 3965 2254 4001 nunc
2278 3950 2664 4012 adstrangulatos
2692 3950 2873 3999 misero
2894 3964 3028 4000 mor-

1896 4019 1959 4068 tis
1995 4033 2172 4081 genere
2208 4018 2404 4069 elidere.
2496 4020 2619 4067 Sunt
2664 4031 2787 4081 quae
2822 4018 2872 4067 in
2908 4018 3028 4081 ipsis

1895 4087 2161 4136 visceribus
2186 4086 2584 4136 medicaminibus
2607 4085 2765 4149 epotis
2789 4086 3026 4146 originem

1893 4155 2046 4204 futuri
2083 4155 2294 4204 nominis
2323 4155 2624 4215 exstinguant
2647 4159 2694 4202 et
2711 4153 3028 4216 parricidium

1896 4222 2077 4272 saciant
2114 4229 2370 4286 antequam
2410 4222 2616 4284 pariant.

1965 4319 2025 4354 w.
2097 4312 2229 4355 aetas
2286 4320 2479 4370 quoque
2532 4304 2688 4354 maior
2749 4299 3029 4370 optaverit]

1900 4374 2088 4431 Quanto
2124 4374 2267 4436 igitur
2302 4372 2560 4423 humanior
2592 4372 2794 4422 ferri-in
2832 4372 3029 4423 tenellis

1896 4440 2160 4491 infantibus
2197 4436 2358 4490 usus?

1962 4539 2006 4573 x.
2077 4519 2253 4588 semel]
2315 4524 2363 4576 V.
2400 4523 2561 4575 adnot.
2608 4524 2669 4574 ad
2704 4523 2772 4573 De
2806 4523 2942 4587 liuga
2979 4523 3031 4575 in

1894 4590 2085 4642 Persec.
2123 4607 2228 4656 cap.
2268 4591 2315 4641 2.
2833 4614 2839 4619 ·
