3263 5311
632 421 793 498 ,232

1153 435 1357 486 Quuvrl
1400 432 1662 478 summu
1705 429 2034 474 numus
2078 428 2467 473 'furtiuum

649 589 790 670 quia
818 583 1146 652 ”innocuis
1166 631 1181 659 ,
1226 582 1415 664 capite
1444 583 1486 616 ¹⁸
1497 581 1691 657 nudo,
1736 580 1873 661 quia
1912 599 2037 655 non
2067 579 2474 644 erubescimus
2486 578 2549 660 ⁸,
2582 579 2839 660 denimte
2867 579 2996 643 sine

652 689 950 752 monitore
962 699 1007 763 ⁰,
1052 685 1190 767 quia
1232 684 1307 747 de
1349 674 1595 765 pectore
1621 682 1918 745 ¹”oramus
1933 729 1949 756 ,
2006 690 2319 764 precantes
2364 699 2573 743 sumus
2620 699 2864 763 semper
2888 700 2996 762 pro

1165 870 1245 922 18.
1280 869 1460 921 nudato
1507 864 1556 917 λ.

1668 868 1746 919 19.
1783 867 1997 919 oramus.
2045 869 2303 920 Precantes
2348 883 2518 919 sumus
2564 883 2760 933 semper
2794 883 2886 932 pro
2918 866 3000 933 Ap

1126 955 1229 991 san.
1300 951 1512 988 oramus.
1550 937 1808 987 Precantes
1830 950 2000 987 sumus
2024 950 2194 987 omnes
2229 950 2426 1000 semper
2460 933 2998 1002 pro(A‹pB‹pD‹p)abe.

1186 1019 1383 1057 oramus
1418 1018 1509 1070 pro
1543 1009 1580 1069 s.
1613 1006 1810 1069 reliquis
1845 1006 2048 1057 anissis.

1126 1142 1301 1193 illimus
1323 1146 1515 1200 tantum,
1538 1139 1622 1188 sed
1640 1141 1777 1189 etiam

1126 1210 1326 1259 aminica
1353 1208 1578 1272 passione
1609 1206 1776 1256 modu-

1126 1284 1203 1327 tur
1238 1283 1313 1325 ast
1348 1274 1477 1339 quod
1515 1273 1776 1333 „manibus

1130 1344 1241 1394 dem
1287 1341 1614 1392 Tertullianus
1667 1340 1777 1389 libri

1126 1426 1171 1475 p.
1194 1410 1243 1460 7.
1312 1409 1433 1460 Nam
1470 1409 1669 1458 adorare
1704 1414 1779 1456 est

1126 1484 1179 1529 ut.
1222 1477 1337 1527 alibi
1384 1475 1777 1526 ostendebamus.

1126 1561 1154 1594 s
1189 1545 1338 1610 „quia
1374 1541 1648 1593 innocuis.“
1696 1540 1778 1590 Al·

1126 1627 1259 1663 ianus
1294 1611 1353 1661 ad
1389 1610 1550 1668 deum,
1604 1622 1779 1673 nempe

1126 1694 1178 1730 se
1212 1693 1361 1744 puras
1396 1686 1443 1728 et
1479 1678 1779 1728 innocentes.

663 1791 981 1803 -.........-....-
1011 1791 1068 1798 --
1091 1748 1313 1798 vratione
1326 1761 1430 1810 cap.
1453 1745 1507 1795 11
1540 1743 1779 1806 „Quando

656 1827 705 1869 et
757 1818 876 1882 ipsis
932 1817 1154 1867 manibus
1212 1813 1460 1878 spiritales
1518 1812 1781 1862 munditiae

656 1894 771 1937 sunt
804 1884 1127 1943 necessariae,
1162 1890 1216 1932 ut
1249 1897 1276 1931 a
1313 1881 1457 1942 labo,
1494 1894 1521 1930 a
1552 1880 1716 1940 caede,
1754 1894 1781 1929 a

658 1953 916 2011 venaliciis,
964 1950 1024 2000 ab
1060 1949 1333 2000 idololatria
1370 1948 1640 2011 ceterisque
1676 1962 1780 1996 ma-

658 2020 799 2080 culis,
855 2033 978 2084 qnae
1025 2018 1196 2082 spiritu
1244 2023 1505 2080 conceptae
1553 2028 1780 2064 mannum

656 2081 1781 2205 {immisisti‘332253222322‘22'3'53‘1

656 2171 833 2273 nitagte:
869 2215 1006 2277 „nai
1036 2212 1306 2287 καθαρὰς,
1342 2210 1433 2265 καὶ
1458 2207 1617 2269 ais-fiir
1637 2208 1784 2264 εἴποι

579 2330 584 2335 .
621 2313 630 2323 -
656 2302 742 2343 τις·
774 2303 806 2338 τ
844 2280 1196 2354 σκαιότερον,
1253 2280 1563 2351 παρθένους
1589 2283 1782 2349 χεῖρας

656 2350 735 2411 εἷς
768 2371 797 2404 o
835 2350 1010 2423 ρανὸν
1043 2347 1648 2412 &ratetum-aqueum.)
1683 2357 1781 2401 Au-

656 2426 831 2488 gustin.
887 2425 949 2474 de
1004 2423 1128 2474 Cura
1194 2435 1285 2486 pro
1340 2419 1538 2470 Mortuis
1586 2419 1778 2480 Agenda

656 2507 761 2557 cap.
783 2492 815 2543 5
853 2492 1010 2552 „Nam
1047 2499 1094 2541 et
1129 2497 1324 2540 orantes
1360 2489 1419 2537 de
1443 2487 1675 2538 membris
1702 2487 1777 2537 sni

654 2561 877 2624 corporis
909 2559 1091 2609 faciunt
1108 2556 1238 2623 quod
1256 2554 1643 2621 supplicantibus
1659 2568 1779 2604 con·

652 2631 798 2691 gruit,
834 2641 943 2680 cum
981 2641 1133 2691 genua
1171 2627 1336 2688 llgunt,
1394 2639 1496 2675 cum
1530 2624 1782 2673 extendunt

650 2713 833 2758 manus,
873 2695 943 2746 vel
982 2698 1125 2745 etiam
1161 2699 1536 2758 prosternuntur
1570 2690 1696 2749 solo,
1734 2698 1781 2740 et

653 2766 697 2814 si
733 2763 848 2829 quid
885 2763 1017 2814 alind
1050 2762 1301 2822 visibiliter
1336 2759 1551 2825 faciunt“
1588 2767 1698 2809 cett.

724 2833 771 2882 d.
822 2832 977 2897 capite
1013 2826 1175 2888 nudo,
1222 2830 1333 2894 quia
1386 2842 1483 2878 non
1529 2826 1780 2876 erubesci-

654 2895 788 2965 mus]
825 2899 1109 2961 Perstringit
1142 2894 1642 2947 obitchertullianus
1660 2908 1779 2957 gen·

654 2968 810 3017 tilium
846 2981 1052 3026 morem,
1088 2966 1168 3031 qui
1206 2964 1359 3013 velato
1398 2963 1553 3026 capite
1575 2963 1634 3011 ad
1660 2962 1779 3011 deos

654 3033 866 3094 adibant,
903 3041 951 3084 et
985 3033 1165 3084 idcirco
1202 3031 1334 3082 addit
1370 3031 1515 3095 „qnia
1542 3044 1638 3079 non
1666 3044 1780 3079 eru·

631 3098 953 3152 “bescimus.“
988 3127 1056 3138 —
1090 3126 1157 3136 —-
1192 3098 1329 3149 Philo
1366 3098 1490 3148 libro
1528 3097 1587 3148 de
1615 3098 1780 3147 Sacri-

653 3170 775 3220 ficiis
811 3184 897 3219 eos
946 3169 1028 3233 qui
1076 3167 1168 3217 sibi
1206 3167 1330 3216 bene
1365 3165 1546 3215 conscii
1583 3173 1698 3214 sunt
1733 3172 1783 3214 et

652 3249 860 3301 quornm
909 3237 1098 3285 animus
1146 3233 1281 3283 nullo
1330 3233 1516 3283 scelere
1560 3232 1779 3296 pollutus

653 3313 728 3354 est
764 3318 920 3367 neque
958 3302 1310 3352 contaminatus
1361 3299 1422 3348 ad
1457 3300 1600 3350 deum
1639 3313 1776 3348 acce-

652 3370 769 3420 dere
806 3379 948 3433 atque
984 3369 1168 3418 hostias
1204 3381 1320 3416 suas
1345 3368 1387 3416 ei
1413 3367 1589 3415 offerre
1619 3366 1777 3415 iubet:

652 3437 696 3486 si
732 3437 841 3501 quis
878 3443 1042 3485 contra
1081 3434 1222 3484 malis
1257 3433 1536 3483 libidinibus
1575 3434 1776 3483 infesta-

651 3510 746 3564 tur,
786 3510 867 3552 aut
902 3509 1061 3552 mente
1098 3509 1172 3551 est
1207 3501 1366 3550 minus
1400 3500 1565 3550 'sedata
1588 3502 1776 3549 minus-

652 3584 746 3635 que
782 3585 920 3635 pura,
979 3583 1088 3619 cum
1124 3560 1574 3634 ἔγκαλυψᾶμενον
1610 3568 1774 3632 quies·

652 3652 761 3677 nam
798 3645 940 3677 ntnnn
976 3636 1319 3677 imnnrlenliam
1368 3649 1504 3677 finam
1542 3642 1590 3683 et
1625 3635 1774 3684 nuda-

1534 3696 1585 3757 Γὲ,
1625 3703 1673 3751 in
1712 3701 1780 3751 uit

1534 3764 1586 3817 αὶ
1635 3762 1662 3818 ἒ
1724 3772 1777 3815 σ’-

1534 3833 1613 3886 lat
1665 3835 1779 3885 τῶν

1535 3896 1780 4021 ξῖω’λῖιῗῖ

1534 4034 1776 4098 rotrahe,

1534 4123 1563 4156 ι.
1594 4108 1781 4157 Brouer

1534 4174 1777 4224 Adon-atio-

1534 4241 1625 4305 ppl.
1661 4242 1778 4291 Nov.

1534 4310 1560 4368 ,)
1606 4315 1654 4358 et
1700 4310 1776 4358 in-

1534 4375 1569 4429 ).
1622 4376 1777 4435 Quin-

722 4528 766 4566 ο.
820 4514 926 4565 sine
978 4509 1243 4575 monitore]
1298 4512 1388 4572 Qui
1438 4511 1556 4562 deos
1605 4524 1778 4576 preca-

650 4579 845 4643 bantur,
917 4594 971 4632 er
1005 4594 1174 4632 eorum
1199 4580 1394 4631 numina
1417 4594 1474 4630 ac
1493 4586 1780 4645 potestates,

654 4647 781 4699 unde
805 4663 884 4700 mu
906 4650 1166 4701 tinomines
1185 4648 1477 4714 quandoque
1507 4656 1662 4710 erant,
1694 4661 1780 4700 eos

1878 1139 2259 1190 obtestabantur.

1878 1202 2010 1272 [cap.
2033 1203 2135 1273 21:
2184 1208 2314 1267 „l’er
2347 1221 2436 1270 ego
2473 1214 2519 1256 te
2554 1207 2836 1270 frugiferam
2871 1215 3002 1258 tuam

1875 1274 2093 1325 dextram
2144 1275 2286 1324 istam
2333 1275 2587 1339 deprecor,
2633 1289 2725 1339 per
2771 1273 3003 1325 laetificas

1878 1343 2109 1392 messium
2157 1343 2475 1402 cerimonias,
2536 1356 2625 1406 per
2670 1343 2811 1392 tacita
2863 1357 3004 1393 sacra

2361 1137 2500 1204 Apul.
2555 1138 2744 1190 Metam.
2809 1139 2895 1189 lib.
2932 1138 3000 1189 vt.

1880 1410 2139 1469 cistarum,
2204 1409 2507 1460 miserandae
2555 1409 2762 1474 Psyches
2815 1410 3005 1460 animae
3081 1441 3084 1444 -

1880 1477 2118 1542 supplicis
2152 1485 2260 1527 tuae
2297 1478 2508 1528 subsiste
2523 1474 2574 1527 !“
2626 1478 2805 1528 lterum
2831 1477 3007 1529 eodem

1881 1545 2005 1595 libro
2042 1541 2177 1609 [cap.
2194 1541 2301 1611 4.]:
2350 1545 2553 1606 „Magni
2606 1545 2728 1595 lovis
2775 1560 3009 1608 germana

1881 1620 1929 1663 et
1963 1613 2183 1674 coninga,
2219 1614 2319 1663 sive
2352 1620 2402 1662 tu
2438 1612 2589 1673 Sami,
2637 1627 2763 1676 quae
2797 1613 3007 1677 querulo

1879 1687 2019 1744 partu
2056 1680 2306 1745 vagituque
2357 1687 2407 1730 et
2440 1680 2668 1731 alimonia
2702 1688 2783 1730 tua
2821 1680 3008 1743 gloria·

1880 1755 1974 1807 tur,
2010 1756 2144 1797 tenes
2191 1755 2375 1798 vetusta
2422 1747 2642 1809 delubra,
2697 1749 2795 1798 sive
2845 1749 3011 1800 celsae

1881 1814 2200 1877 Carthaginis,
2236 1829 2359 1880 quae
2396 1815 2478 1865 ta“
2515 1823 2627 1867 cett.
2663 1830 2848 1880 „quam
2885 1832 3009 1867 cun·

1881 1890 1987 1932 ctus
2023 1884 2185 1932 oriens
2220 1883 2412 1947 Zygiam
2459 1891 2712 1934 veneratur
2765 1891 2814 1933 et
2847 1885 3011 1935 omnis

1881 1949 2106 1999 occidens
2126 1950 2354 2000 Lucinam
2394 1950 2623 2014 appellat,
2658 1951 2726 2000 sis
2764 1952 2887 2000 meis
2927 1966 3011 2003 ex-

1881 2018 2049 2068 tremis
2085 2018 2277 2068 casibus
2315 2017 2432 2067 luno
2451 2017 2681 2082 Sospita“
2718 2026 2832 2068 cett·
2885 2019 3014 2072 Item

1882 2084 2068 2134 Metam.
2107 2085 2190 2134 lib.
2209 2085 2284 2134 xt.
2320 2080 2452 2150 [cap.
2472 2082 2577 2148 2.]:
2614 2086 2830 2148 „Regina
2866 2087 3010 2149 caeli,

1882 2152 1980 2201 sive
2013 2159 2066 2201 tu
2103 2152 2251 2203 Ceres
2286 2152 2410 2203 alma
2447 2153 2640 2215 frugum
2686 2167 2869 2217 parens
2905 2155 3012 2205 ori·

1882 2218 2073 2282 ginalis,
2111 2234 2233 2284 quae
2268 2227 2464 2285 repertu
2502 2220 2673 2270 laetata
2708 2220 2875 2271 liliae“
2899 2230 3015 2273 cett.

1882 2287 2015 2348 „Seu
2065 2295 2114 2337 tu
2162 2287 2385 2337 caelestis
2420 2288 2605 2347 Venus,
2659 2302 2782 2352 quae
2833 2290 3011 2352 primis

1882 2369 2045 2405 rerum
2082 2354 2327 2404 exordiis“
2363 2363 2475 2405 cett.
2534 2354 2664 2414 „Seu
2703 2355 2886 2406 Phoebi
2926 2371 3013 2407 su·

1880 2436 1981 2484 ror,
2020 2423 2178 2486 quae“
2215 2430 2324 2472 cett.
2388 2422 2520 2482 „Seu
2558 2423 2807 2473 nocturnis
2845 2422 3013 2475 ulula·

1880 2490 2008 2538 tibus
2043 2489 2284 2539 horrenda
2322 2490 2627 2554 Proserpina,
2683 2504 2879 2554 quoque
2917 2506 3013 2542 nu·

1878 2558 2025 2617 mine,
2073 2571 2265 2621 quoque
2300 2557 2411 2618 ritu,
2460 2571 2652 2622 quoque
2688 2556 2896 2608 lacie⁴tc
2937 2561 3012 2611 l'as

1880 2632 1954 2675 est
1988 2624 2243 2675 invocare“
2281 2632 2390 2676 cett.
2480 2626 2586 2685 Quo
2641 2625 2785 2687 igitur
2828 2626 3012 2691 «plures

1881 2700 2018 2742 erant
2052 2692 2251 2743 deorum
2289 2700 2571 2757 potestates,
2605 2694 2776 2757 plures
2810 2708 3014 2760 quoque

1881 2759 2234 2825 appellationes
2287 2768 2439 2821 erant,
2492 2774 2613 2825 quas
2665 2776 2725 2810 ne
2761 2760 2878 2825 quid
2916 2763 3012 2813 diis

1881 2828 2214 2878 demulcendis
2261 2828 2566 2889 omitterent,
2631 2827 2776 2877 simul
2832 2843 3014 2881 omncs
3121 2844 3125 2848 ’

1880 2896 2078 2950 saenius
2113 2897 2421 2958 aggerebant.
2477 2896 2596 2946 Hinc
2631 2896 2799 2945 cadem
2820 2896 3014 2949 Milesia

1883 2963 2020 3024 „dea
2066 2962 2465 3014 multinominis“
2518 2963 2568 3013 id
2621 2971 2697 3014 est
2743 2964 3013 3015 multarum

1882 3037 2174 3095 potestatum
2223 3039 2269 3081 ct
2316 3032 2428 3081 inde
2463 3029 2649 3080 diversa
2686 3046 2879 3096 quoque
2916 3047 3014 3083 no·

1882 3099 2010 3148 mina
2047 3106 2340 3163 consequuta
2361 3093 2506 3163 [lhid.
2526 3112 2632 3162 cap.
2647 3095 2788 3165 221:
2824 3099 3014 3159 „Adest

1881 3166 1967 3216 tibi
2005 3166 2109 3215 dies
2156 3166 2276 3215 votis
2322 3166 2532 3215 assiduis
2586 3174 2856 3229 exoptatus,
2909 3181 3012 3231 quo

1882 3234 2001 3282 deae
2037 3232 2388 3283 multinominis
2440 3233 2611 3283 divinis
2662 3233 2881 3297 imperiis
2918 3249 3016 3298 per

1879 3302 1997 3351 istas
2049 3313 2182 3349 meas
2238 3315 2410 3350 manus
2469 3299 2701 3365 piissimis
2753 3314 3013 3352 sacrorum

1880 3368 2068 3417 arcanis
2121 3368 2434 3417 insinueris.“
2505 3366 2603 3430 [Cf.
2637 3367 2777 3431 Apul.
2816 3368 3013 3419 Metam.

1877 3435 1958 3495 xl,
1994 3434 2026 3484 5
2063 3436 2236 3493 „cuius
2272 3449 2450 3484 numen
2486 3435 2681 3484 unicum
2718 3434 3015 3487 multiformi

1878 3502 2060 3566 specie,
2096 3502 2188 3551 ritu
2226 3503 2373 3558 vario,
2408 3504 2593 3552 nomine
2606 3503 2853 3565 multiiugo
2876 3511 3014 3553 totns

1877 3573 2132 3618 veneratur
2165 3564 2379 3632 orbis.“]
2444 3569 2534 3628 Qui
2573 3583 2688 3632 ergo
2723 3570 2886 3622 omnia
2922 3570 3013 3622 illa

1877 3636 2073 3686 numina
2111 3643 2253 3699 atqua
2289 3636 2401 3686 inde
2435 3637 2652 3700 prolecta
2689 3638 2885 3687 nomina
2912 3639 3014 3688 mi·

1879 3718 1971 3753 nus
2008 3704 2251 3753 habebant
2283 3705 2490 3766 cognita,
2544 3704 2576 3754 ii
2611 3703 2883 3755 monitorem
2917 3706 3012 3756 ad·

1879 3770 2125 3831 bibebant,
2173 3770 2256 3834 qul
2291 3786 2347 3821 ea
2383 3770 2474 3821 sibi
2509 3771 2784 3821 subiiceret.
2853 3772 3013 3837 Atque

1881 3838 1976 3888 huc
2023 3839 2275 3891 referenda
2327 3845 2445 3903 puto
2494 3853 2550 3889 ea
2597 3838 2813 3889 Senecae
2860 3840 3012 3890 verba

1880 3918 2003 3970 quae
2031 3915 2095 3955 'ex
2130 3907 2256 3956 libro
2293 3906 2398 3956 eius
2433 3905 2494 3956 de
2530 3907 2885 3971 superstitione
2921 3921 3013 3957 ex-

1879 3988 1963 4023 cer
1999 3973 2063 4023 sit
2112 3973 2164 4022 B.
2200 3973 2492 4035 Augustinus
2542 3967 2636 4039 [De
2672 3973 2771 4026 Civ.
2807 3973 2894 4023 Dei
2930 3974 3013 4035 vl,

1883 4040 1962 4090 10.
2003 4053 2016 4089 t
2064 4040 2155 4101 „ln
2192 4040 2484 4105 Capitolium
2519 4041 2731 4106 perveni.
2803 4040 3014 4091 Pudebit

1876 4107 2151 4173 publicatae
2197 4108 2486 4168 dementiae,
2539 4109 2669 4172 quod
2717 4108 2809 4158 sihi
2855 4123 3013 4158 vanas

1876 4177 2017 4225 furor
2051 4176 2281 4235 attribuit,
2318 4175 2480 4224 officii.
2536 4176 2669 4225 Alius
2690 4176 2886 4225 numina
2912 4175 3011 4226 deu

1877 4242 2087 4302 subiicit,
2124 4243 2248 4293 alins
2284 4243 2429 4293 horas
2466 4241 2560 4292 lovi
2618 4243 2822 4303 nuntiat,
2881 4243 3010 4292 alius

1877 4309 2021 4360 lictor
2066 4319 2157 4371 est,
2210 4309 2334 4361 alius
2392 4309 2599 4360 unctor“
2649 4317 2759 4360 cett.
2847 4310 3010 4360 iustus

1875 4377 2070 4441 Lipsius
2120 4379 2169 4427 in
2219 4376 2400 4428 Electis
2452 4377 2709 4440 legendnm
2769 4377 3014 4427 existimat

1875 4445 2081 4507 nomina,
2119 4453 2346 4509 tanquam
2383 4445 2477 4495 diis
2512 4444 2785 4496 adstiterint
2817 4445 2893 4494 sui
2914 4458 3009 4493 no·

1879 4512 2221 4573 menclatores,
2268 4514 2350 4578 qni
2387 4512 2697 4562 salutantium
2748 4512 2847 4561 sive
2884 4511 3008 4560 ado-

1879 4581 2087 4629 rantium
2125 4579 2319 4631 nomina
2353 4579 2483 4631 velut
2516 4579 2691 4630 nesciis
2711 4580 3004 4643 ingererent.

1880 4648 2017 4699 Sane·
2045 4647 2104 4701 de
2140 4646 2246 4709 inis
2280 4648 2602 4702 monitoribus
2647 4646 2812 4699 lacum
2856 4644 3007 4697 intel·-

2658 5040 2707 5071 ,-

2946 5227 3239 5256 -...·-.-ι-“--.“-Ι

2604 5263 2605 5266 ¹
2628 5256 2925 5264 ——-.———
