3263 5311
1234 434 1579 477 rmum).
2423 434 2568 477 xxm

224 584 508 665 librorum
565 592 737 665 parte
785 584 1205 666 suppressisse
1262 583 1571 648 maluerim
1628 602 1804 664 quam
1861 583 1976 646 hoc
2033 583 2227 647 taedio
2285 583 2564 648 iudicium

225 686 635 768 interpellasse
656 705 890 753 mrum
936 686 1036 766 qui
1078 685 1349 766 legerint.
1450 685 1560 748 Ubi
1602 685 1679 748 de
1722 685 2049 767 scripturae
2089 686 2207 751 fide
2250 705 2372 749 non
2417 686 2564 750 satis

227 790 377 871 apud
433 807 533 851 me
586 787 932 862 constabat,
1004 787 1238 850 uncinis
1296 786 1442 868 sigla
1499 787 1743 860 inclusi,
1829 785 1932 851 ubi
1984 805 2125 861 vero
2202 788 2560 863 dubitabam,

226 890 710 970 interrogationis
756 890 999 969 insuper
1043 888 1279 972 signum
1321 888 1538 951 addidi.
1628 888 1832 951 Tertio
1877 889 2080 970 operis
2123 889 2417 953 volumine
2459 909 2562 953 re·

223 990 599 1075 praesentavi
641 989 1096 1055 dissertationes
1159 990 1385 1065 uarias,
1447 992 1565 1054 lae.
1607 989 1886 1064 Pamelii,
1947 989 2014 1052 P.
2057 990 2279 1065 Anixii,
2338 991 2463 1055 Nic.
2506 993 2562 1055 le

222 1096 485 1173 Nourry,
532 1092 621 1153 lo.
653 1091 827 1153 Laur.
870 1091 1237 1166 Mosheimfi,
1282 1090 1526 1154 Godofr.
1573 1091 1884 1164 Centuefi,
1929 1090 2016 1153 10.
2042 1091 2188 1169 Aug.
2219 1091 2562 1166 Noesselfli,

223 1198 305 1259 lo.
318 1196 439 1258 Sal.
456 1193 736 1267 Semleri‚
765 1192 1024 1274 lo.Kaye
1047 1192 1110 1254 V.
1128 1194 1236 1267 cl„
1282 1194 1500 1273 quibus
1530 1194 1591 1256 in
1621 1192 1950 1273 deligendis
1979 1211 2112 1255 sum
2145 1192 2274 1255 Car.
2292 1193 2561 1257 Thilonis

222 1299 291 1359 V.
320 1298 402 1358 (Ἃ.
448 1295 736 1359 iudicium
780 1301 1054 1367 semme,
1097 1295 1207 1356 viri
1248 1295 1310 1357 in
1355 1295 1465 1357 hae
1506 1302 1674 1375 parte
1701 1294 2028 1357 litterarum
2051 1313 2166 1375 per
2188 1293 2559 1358 Germaniam

232 1398 429 1459 facile·
448 1396 778 1478 principie,
853 1414 963 1459 nec
1022 1396 1208 1475 magis
1271 1407 1520 1477 propter
1582 1396 1878 1476 insignem
1935 1395 2329 1458 eruditionem
2385 1414 2561 1476 quam

230 1508 463 1579 propter
522 1516 817 1565 summam
870 1515 1105 1559 morum
1181 1498 1531 1561 suavitatem
1590 1497 1945 1563 venerabilis
2012 1496 2308 1559 omnibus·
2343 1497 2560 1578 quibus

228 1600 568 1662 familiarior
598 1617 731 1660 eum
762 1616 835 1660 eo
867 1607 926 1660 et
946 1599 1341 1663 conversatio.
1387 1597 1771 1661 Decreveram
1803 1608 1862 1661 et
1890 1608 2090 1661 meum
2116 1598 2309 1679 ipsius
2339 1616 2561 1663 nomen

218 1702 455 1764 illorum
502 1718 751 1763 numero
796 1699 1016 1761 addere
1058 1707 1117 1761 et
1157 1700 1440 1781 singtilari
1482 1700 1682 1763 libello
1726 1700 1801 1762 de
1842 1700 1962 1763 vita
1994 1700 2340 1763 Tertulliani
2368 1701 2561 1781 deque

218 1803 593 1882 singulorum
634 1801 925 1864 librorum
968 1801 1094 1863 eius
1136 1819 1354 1882 genere
1396 1813 1571 1882 atque
1614 1809 1803 1864 aetate
1847 1820 2178 1882 exponere,
2240 1802 2347 1864 sed
2401 1809 2557 1864 tem-

218 1905 382 1984 poris
424 1902 735 1985 angustiae
776 1902 1295 1983 praescriptusque
1322 1904 1683 1984 pagellarum
1708 1902 1924 1966 modus
1961 1921 2120 1965 nune
2146 1903 2468 1984 quominus
2498 1904 2559 1967 id

220 2006 477 2069 facerem
519 2004 973 2085 prohibuerunt.
1069 2003 1292 2067 Differo
1337 2005 1517 2085 igitur
1570 2005 1644 2068 in·
1675 2005 1984 2085 proximos
2028 2020 2252 2079 annos,
2308 2005 2440 2080 ubi,
2504 2007 2559 2071 si

218 2108 361 2169 deus
408 2106 659 2180 iuverit,
704 2103 1051 2167 Tertulliani
1094 2124 1190 2168 me
1231 2124 1413 2187 opera
1456 2115 1785 2169 nostratem
1827 2106 1889 2168 iu
1932 2123 2272 2169 sermonem
2303 2126 2554 2170 cenver-

218 2227 423 2271 surum
482 2216 545 2268 et
596 2206 1117 2287 interpretaturum
1169 2207 1474 2287 polliceor.
1582 2207 1753 2271 Nune
1803 2224 1946 2269 vero
2001 2206 2143 2269 illud
2197 2207 2405 2270 saltem
2427 2256 2434 2265 ,
2460 2228 2557 2272 me

219 2309 567 2372 adsemtum
610 2326 793 2388 spero
839 2316 899 2369 et
942 2316 1118 2389 opto,
1162 2316 1230 2370 ut
1270 2308 1418 2371 tales
1460 2309 1577 2374 hos
1620 2308 1809 2373 libros
1844 2309 2410 2390 repraesentaverim
2428 2357 2444 2385 ‚
2492 2320 2556 2373 ut

224 2409 480 2491 intellegi
526 2419 587 2472 et
624 2428 759 2472 cum
803 2409 1001 2471 fructu
1042 2410 1155 2490 legi
1198 2410 1452 2491 possint.
