<?xml version="1.0" encoding="UTF-8"?>
<!DOCTYPE html PUBLIC "-//W3C//DTD XHTML 1.0 Transitional//EN"
    "http://www.w3.org/TR/xhtml1/DTD/xhtml1-transitional.dtd">
<html xmlns="http://www.w3.org/1999/xhtml" xml:lang="en" lang="en">
 <head>
  <title>
</title>
<meta http-equiv="Content-Type" content="text/html;charset=utf-8" />
  <meta name='ocr-system' content='tesseract 3.04.00' />
  <meta name='ocr-capabilities' content='ocr_page ocr_carea ocr_par ocr_line ocrx_word'/>
</head>
<body>
  <div class='ocr_page' id='page_1' title='image "./quintiseptimiif04tertgoog_0200.png"; bbox 0 0 3263 5311; ppageno 0'>
   <div class='ocr_carea' id='block_1_1' title="bbox 683 397 2527 462">
    <p class='ocr_par' dir='ltr' id='par_1_1' title="bbox 683 397 2527 462">
     <span class='ocr_line' id='line_1_1' title="bbox 683 397 2527 462; baseline -0.003 -4"><span class='ocrx_word' id='word_1_1' title='bbox 683 397 804 460; x_wconf 85' lang='lat'>170</span> <span class='ocrx_word' id='word_1_2' title='bbox 1205 413 1406 462; x_wconf 64' lang='lat' dir='ltr'>emm-1</span> <span class='ocrx_word' id='word_1_3' title='bbox 1454 412 1715 455; x_wconf 71' lang='lat' dir='ltr'>serrum</span> <span class='ocrx_word' id='word_1_4' title='bbox 1759 411 2090 454; x_wconf 69' lang='lat' dir='ltr'>nonem-ts</span> <span class='ocrx_word' id='word_1_5' title='bbox 2137 411 2527 453; x_wconf 62' lang='lat' dir='ltr'>rem-unnim</span> 
     </span>
    </p>
   </div>
   <div class='ocr_carea' id='block_1_2' title="bbox 673 559 3036 1248">
    <p class='ocr_par' dir='ltr' id='par_1_2' title="bbox 673 559 3036 1248">
     <span class='ocr_line' id='line_1_2' title="bbox 678 559 3033 649; baseline 0 -27"><span class='ocrx_word' id='word_1_6' title='bbox 678 560 799 624; x_wconf 81' lang='lat' dir='ltr'>Sed</span> <span class='ocrx_word' id='word_1_7' title='bbox 863 572 1176 640; x_wconf 83' lang='lat' dir='ltr'>propterea</span> <span class='ocrx_word' id='word_1_8' title='bbox 1232 562 1551 649; x_wconf 20' lang='lat' dir='ltr'>‚damnatus</span> <span class='ocrx_word' id='word_1_9' title='bbox 1607 569 1708 624; x_wconf 83' lang='lat' dir='ltr'>est</span> <span class='ocrx_word' id='word_1_10' title='bbox 1763 563 2073 633; x_wconf 77' lang='lat' dir='ltr'>Socrates,</span> <span class='ocrx_word' id='word_1_11' title='bbox 2140 560 2333 639; x_wconf 57' lang='lat' dir='ltr'>mquia</span> <span class='ocrx_word' id='word_1_12' title='bbox 2397 560 2545 621; x_wconf 88' lang='lat' dir='ltr'>deos</span> <span class='ocrx_word' id='word_1_13' title='bbox 2607 559 3033 624; x_wconf 56' lang='lat' dir='ltr'>”destruebat</span> 
     </span>
     <span class='ocr_line' id='line_1_3' title="bbox 673 660 3031 741; baseline -0 -18"><span class='ocrx_word' id='word_1_14' title='bbox 673 661 857 723; x_wconf 84' lang='lat' dir='ltr'>Plane</span> <span class='ocrx_word' id='word_1_15' title='bbox 901 661 1097 734; x_wconf 85' lang='lat' dir='ltr'>olim⁰‚</span> <span class='ocrx_word' id='word_1_16' title='bbox 1143 660 1205 722; x_wconf 90' lang='lat' dir='ltr'>id</span> <span class='ocrx_word' id='word_1_17' title='bbox 1250 671 1345 722; x_wconf 86' lang='lat' dir='ltr'>est</span> <span class='ocrx_word' id='word_1_18' title='bbox 1388 680 1659 741; x_wconf 88' lang='lat' dir='ltr'>semper,</span> <span class='ocrx_word' id='word_1_19' title='bbox 1704 663 1922 724; x_wconf 79' lang='lat' dir='ltr'>veritas</span> <span class='ocrx_word' id='word_1_20' title='bbox 1968 662 2107 724; x_wconf 90' lang='lat' dir='ltr'>odio</span> <span class='ocrx_word' id='word_1_21' title='bbox 2151 668 2263 722; x_wconf 88' lang='lat' dir='ltr'>est.</span> <span class='ocrx_word' id='word_1_22' title='bbox 2336 661 2554 722; x_wconf 81' lang='lat' dir='ltr'>Tamen</span> <span class='ocrx_word' id='word_1_23' title='bbox 2601 679 2737 722; x_wconf 83' lang='lat' dir='ltr'>cum</span> <span class='ocrx_word' id='word_1_24' title='bbox 2763 660 3031 741; x_wconf 65' lang='lat' dir='ltr'>⁵²²paeni--</span> 
     </span>
     <span class='ocr_line' id='line_1_4' title="bbox 677 761 3036 846; baseline 0 -22"><span class='ocrx_word' id='word_1_25' title='bbox 677 763 859 825; x_wconf 87' lang='lat' dir='ltr'>tentia</span> <span class='ocrx_word' id='word_1_26' title='bbox 933 762 1261 824; x_wconf 84' lang='lat' dir='ltr'>sententiae</span> <span class='ocrx_word' id='word_1_27' title='bbox 1331 762 1727 846; x_wconf 68' lang='lat' dir='ltr'>Athenienses</span> <span class='ocrx_word' id='word_1_28' title='bbox 1810 762 1928 824; x_wconf 77' lang='lat' dir='ltr'>²³et</span> <span class='ocrx_word' id='word_1_29' title='bbox 1998 762 2410 826; x_wconf 78' lang='lat' dir='ltr'>criminatores</span> <span class='ocrx_word' id='word_1_30' title='bbox 2484 761 2746 824; x_wconf 84' lang='lat' dir='ltr'>Socratis</span> <span class='ocrx_word' id='word_1_31' title='bbox 2818 771 3036 842; x_wconf 88' lang='lat' dir='ltr'>postea</span> 
     </span>
     <span class='ocr_line' id='line_1_5' title="bbox 676 861 3036 943; baseline -0 -18"><span class='ocrx_word' id='word_1_32' title='bbox 676 862 1047 926; x_wconf 77' lang='lat' dir='ltr'>²¹al&#39;flixerint</span> <span class='ocrx_word' id='word_1_33' title='bbox 1090 871 1150 924; x_wconf 85' lang='lat' dir='ltr'>et</span> <span class='ocrx_word' id='word_1_34' title='bbox 1178 863 1497 943; x_wconf 80' lang='lat' dir='ltr'>imaginem</span> <span class='ocrx_word' id='word_1_35' title='bbox 1527 864 1655 925; x_wconf 88' lang='lat' dir='ltr'>eius</span> <span class='ocrx_word' id='word_1_36' title='bbox 1686 882 1922 926; x_wconf 78' lang='lat' dir='ltr'>auream</span> <span class='ocrx_word' id='word_1_37' title='bbox 1953 863 2014 924; x_wconf 90' lang='lat' dir='ltr'>in</span> <span class='ocrx_word' id='word_1_38' title='bbox 2045 862 2266 942; x_wconf 85' lang='lat' dir='ltr'>templo</span> <span class='ocrx_word' id='word_1_39' title='bbox 2302 862 2666 937; x_wconf 77' lang='lat' dir='ltr'>collocarint,</span> <span class='ocrx_word' id='word_1_40' title='bbox 2708 861 3036 926; x_wconf 73' lang='lat' dir='ltr'>²‘&#39;’reseissa</span> 
     </span>
     <span class='ocr_line' id='line_1_6' title="bbox 676 963 3032 1043; baseline -0 -17"><span class='ocrx_word' id='word_1_41' title='bbox 676 963 973 1027; x_wconf 86' lang='lat' dir='ltr'>damnatio</span> <span class='ocrx_word' id='word_1_42' title='bbox 1019 963 1428 1026; x_wconf 87' lang='lat' dir='ltr'>testimonium</span> <span class='ocrx_word' id='word_1_43' title='bbox 1472 964 1702 1027; x_wconf 82' lang='lat' dir='ltr'>Socrati</span> <span class='ocrx_word' id='word_1_44' title='bbox 1744 964 2117 1026; x_wconf 60' lang='lat' dir='ltr'>”reddiditn</span> <span class='ocrx_word' id='word_1_45' title='bbox 2217 963 2337 1026; x_wconf 86' lang='lat' dir='ltr'>Sed</span> <span class='ocrx_word' id='word_1_46' title='bbox 2382 963 2777 1043; x_wconf 85' lang='lat' dir='ltr'>et·Diogenes</span> <span class='ocrx_word' id='word_1_47' title='bbox 2821 964 3032 1026; x_wconf 83' lang='lat' dir='ltr'>nescio</span> 
     </span>
     <span class='ocr_line' id='line_1_7' title="bbox 675 1064 3032 1146; baseline 0.001 -21"><span class='ocrx_word' id='word_1_48' title='bbox 675 1064 817 1143; x_wconf 88' lang='lat' dir='ltr'>quid</span> <span class='ocrx_word' id='word_1_49' title='bbox 860 1064 922 1125; x_wconf 89' lang='lat' dir='ltr'>in</span> <span class='ocrx_word' id='word_1_50' title='bbox 942 1064 1256 1127; x_wconf 84' lang='lat' dir='ltr'>Herculem</span> <span class='ocrx_word' id='word_1_51' title='bbox 1300 1066 1507 1140; x_wconf 73' lang='lat' dir='ltr'>ludit‘t,</span> <span class='ocrx_word' id='word_1_52' title='bbox 1553 1075 1613 1128; x_wconf 88' lang='lat' dir='ltr'>et</span> <span class='ocrx_word' id='word_1_53' title='bbox 1655 1067 1961 1127; x_wconf 88' lang='lat' dir='ltr'>Romanus</span> <span class='ocrx_word' id='word_1_54' title='bbox 1991 1066 2244 1146; x_wconf 79' lang='lat' dir='ltr'>Cynicus</span> <span class='ocrx_word' id='word_1_55' title='bbox 2275 1065 2462 1126; x_wconf 88' lang='lat' dir='ltr'>Varro</span> <span class='ocrx_word' id='word_1_56' title='bbox 2507 1073 2807 1127; x_wconf 85' lang='lat' dir='ltr'>trecentos</span> <span class='ocrx_word' id='word_1_57' title='bbox 2834 1064 3032 1139; x_wconf 79' lang='lat' dir='ltr'>loves,</span> 
     </span>
     <span class='ocr_line' id='line_1_8' title="bbox 673 1161 2554 1248; baseline 0 -22"><span class='ocrx_word' id='word_1_58' title='bbox 673 1165 856 1227; x_wconf 63' lang='lat' dir='ltr'>”sive</span> <span class='ocrx_word' id='word_1_59' title='bbox 899 1165 1164 1245; x_wconf 84' lang='lat' dir='ltr'><strong>Iupitros</strong></span> <span class='ocrx_word' id='word_1_60' title='bbox 1207 1166 1570 1241; x_wconf 63' lang='lat' dir='ltr'>²‘&#39;dicendos,</span> <span class='ocrx_word' id='word_1_61' title='bbox 1600 1167 1750 1230; x_wconf 77' lang='lat' dir='ltr'>‚sine</span> <span class='ocrx_word' id='word_1_62' title='bbox 1793 1161 2081 1248; x_wconf 80' lang='lat' dir='ltr'>capitibus</span> <span class='ocrx_word' id='word_1_63' title='bbox 2124 1165 2554 1227; x_wconf 66' lang='lat' dir='ltr'>2‘&#39;introducit‘.</span> 
     </span>
    </p>
   </div>
   <div class='ocr_carea' id='block_1_3' title="bbox 672 1312 3034 1852">
    <p class='ocr_par' dir='ltr' id='par_1_3' title="bbox 672 1312 3034 1852">
     <span class='ocr_line' id='line_1_9' title="bbox 674 1312 3025 1386; baseline -0.002 -18"><span class='ocrx_word' id='word_1_64' title='bbox 674 1316 757 1368; x_wconf 80' lang='lat'>20.</span> <span class='ocrx_word' id='word_1_65' title='bbox 796 1318 875 1382; x_wconf 86' lang='lat' dir='ltr'>qui</span> <span class='ocrx_word' id='word_1_66' title='bbox 914 1317 1006 1368; x_wconf 80' lang='lat' dir='ltr'>DE.</span> <span class='ocrx_word' id='word_1_67' title='bbox 1092 1317 1175 1367; x_wconf 87' lang='lat'>21.</span> <span class='ocrx_word' id='word_1_68' title='bbox 1213 1319 1446 1368; x_wconf 80' lang='lat' dir='ltr'>destruxit</span> <span class='ocrx_word' id='word_1_69' title='bbox 1484 1319 1635 1369; x_wconf 73' lang='lat' dir='ltr'>Oxou.</span> <span class='ocrx_word' id='word_1_70' title='bbox 1716 1318 1798 1370; x_wconf 83' lang='lat'>22.</span> <span class='ocrx_word' id='word_1_71' title='bbox 1835 1318 2046 1383; x_wconf 88' lang='lat' dir='ltr'>paenitet</span> <span class='ocrx_word' id='word_1_72' title='bbox 2080 1312 2126 1365; x_wconf 80' lang='grc' dir='ltr'>λ.</span> <span class='ocrx_word' id='word_1_73' title='bbox 2216 1316 2297 1368; x_wconf 85' lang='grc'>23.</span> <span class='ocrx_word' id='word_1_74' title='bbox 2334 1326 2387 1369; x_wconf 91' lang='lat' dir='ltr'>ut</span> <span class='ocrx_word' id='word_1_75' title='bbox 2423 1318 2757 1368; x_wconf 79' lang='lat' dir='ltr'>criminatores</span> <span class='ocrx_word' id='word_1_76' title='bbox 2777 1312 3025 1386; x_wconf 44' lang='lat' dir='ltr'>neema.</span> 
     </span>
     <span class='ocr_line' id='line_1_10' title="bbox 679 1381 3034 1450; baseline 0 -15"><span class='ocrx_word' id='word_1_77' title='bbox 679 1387 868 1436; x_wconf 64' lang='lat' dir='ltr'>vindob.</span> <span class='ocrx_word' id='word_1_78' title='bbox 908 1387 1082 1450; x_wconf 68' lang='lat' dir='ltr'>Erfurt.</span> <span class='ocrx_word' id='word_1_79' title='bbox 1172 1388 1508 1436; x_wconf 80' lang='lat' dir='ltr'>criminatores</span> <span class='ocrx_word' id='word_1_80' title='bbox 1544 1389 1589 1436; x_wconf 81' lang='lat' dir='ltr'>d.</span> <span class='ocrx_word' id='word_1_81' title='bbox 1731 1387 1813 1438; x_wconf 84' lang='lat'>24.</span> <span class='ocrx_word' id='word_1_82' title='bbox 1851 1387 2107 1436; x_wconf 82' lang='lat' dir='ltr'>et&#39;ssixerint</span> <span class='ocrx_word' id='word_1_83' title='bbox 2138 1381 2184 1434; x_wconf 83' lang='grc' dir='ltr'>λ.</span> <span class='ocrx_word' id='word_1_84' title='bbox 2272 1386 2494 1436; x_wconf 76' lang='lat' dir='ltr'>afflixerit</span> <span class='ocrx_word' id='word_1_85' title='bbox 2526 1387 2581 1435; x_wconf 90' lang='lat' dir='ltr'>D.</span> <span class='ocrx_word' id='word_1_86' title='bbox 2653 1387 2942 1436; x_wconf 77' lang='lat' dir='ltr'>affluxerunt</span> <span class='ocrx_word' id='word_1_87' title='bbox 2980 1388 3034 1436; x_wconf 79' lang='lat' dir='ltr'>G.</span> 
     </span>
     <span class='ocr_line' id='line_1_11' title="bbox 672 1450 3033 1506; baseline -0 -2"><span class='ocrx_word' id='word_1_88' title='bbox 672 1452 757 1504; x_wconf 77' lang='lat'>25.</span> <span class='ocrx_word' id='word_1_89' title='bbox 794 1454 1003 1506; x_wconf 82' lang='lat' dir='ltr'>rescissa</span> <span class='ocrx_word' id='word_1_90' title='bbox 1041 1453 1348 1503; x_wconf 79' lang='lat' dir='ltr'>damnatione</span> <span class='ocrx_word' id='word_1_91' title='bbox 1382 1450 1427 1502; x_wconf 80' lang='grc' dir='ltr'>λ.</span> <span class='ocrx_word' id='word_1_92' title='bbox 1486 1459 1491 1464; x_wconf 84' lang='grc'><strong>“</strong></span> <span class='ocrx_word' id='word_1_93' title='bbox 1522 1455 1677 1504; x_wconf 86' lang='lat' dir='ltr'>recisa</span> <span class='ocrx_word' id='word_1_94' title='bbox 1726 1454 1969 1504; x_wconf 80' lang='lat' dir='ltr'>damnatio</span> <span class='ocrx_word' id='word_1_95' title='bbox 2005 1455 2057 1505; x_wconf 86' lang='lat' dir='ltr'>F.</span> <span class='ocrx_word' id='word_1_96' title='bbox 2147 1454 2330 1504; x_wconf 75' lang='lat' dir='ltr'>recissa</span> <span class='ocrx_word' id='word_1_97' title='bbox 2365 1454 2607 1502; x_wconf 84' lang='lat' dir='ltr'>damnatio</span> <span class='ocrx_word' id='word_1_98' title='bbox 2652 1455 2839 1504; x_wconf 75' lang='lat' dir='ltr'>Vindob.</span> <span class='ocrx_word' id='word_1_99' title='bbox 2931 1453 3033 1504; x_wconf 61' lang='lat'>26.</span> 
     </span>
     <span class='ocr_line' id='line_1_12' title="bbox 674 1516 3032 1585; baseline 0 -15"><span class='ocrx_word' id='word_1_100' title='bbox 674 1521 832 1570; x_wconf 82' lang='lat' dir='ltr'>reddit</span> <span class='ocrx_word' id='word_1_101' title='bbox 865 1522 994 1571; x_wconf 83' lang='lat' dir='ltr'>EFG.</span> <span class='ocrx_word' id='word_1_102' title='bbox 1038 1523 1228 1571; x_wconf 78' lang='lat' dir='ltr'>Vindob.</span> <span class='ocrx_word' id='word_1_103' title='bbox 1270 1523 1441 1584; x_wconf 74' lang='lat' dir='ltr'>Ersurt.</span> <span class='ocrx_word' id='word_1_104' title='bbox 1546 1522 1860 1571; x_wconf 85' lang='lat' dir='ltr'>reddiderunt</span> <span class='ocrx_word' id='word_1_105' title='bbox 1903 1516 1950 1568; x_wconf 84' lang='grc' dir='ltr'>λ.</span> <span class='ocrx_word' id='word_1_106' title='bbox 2093 1520 2173 1569; x_wconf 81' lang='lat'>27.</span> <span class='ocrx_word' id='word_1_107' title='bbox 2225 1521 2324 1570; x_wconf 81' lang='lat' dir='ltr'>sive</span> <span class='ocrx_word' id='word_1_108' title='bbox 2375 1521 2583 1585; x_wconf 88' lang='lat' dir='ltr'>lupitros</span> <span class='ocrx_word' id='word_1_109' title='bbox 2631 1521 2791 1572; x_wconf 72' lang='lat' dir='ltr'>ABFG.</span> <span class='ocrx_word' id='word_1_110' title='bbox 2837 1522 3032 1571; x_wconf 74' lang='lat' dir='ltr'>Vindob.</span> 
     </span>
     <span class='ocr_line' id='line_1_13' title="bbox 672 1584 3033 1653; baseline -0.001 -14"><span class='ocrx_word' id='word_1_111' title='bbox 672 1591 878 1639; x_wconf 79' lang='lat' dir='ltr'>Ambros.</span> <span class='ocrx_word' id='word_1_112' title='bbox 952 1588 1192 1652; x_wconf 73' lang='lat' dir='ltr'>Iupiteros</span> <span class='ocrx_word' id='word_1_113' title='bbox 1228 1591 1383 1653; x_wconf 81' lang='lat' dir='ltr'>D(qui</span> <span class='ocrx_word' id='word_1_114' title='bbox 1418 1591 1600 1640; x_wconf 75' lang='lat' dir='ltr'>invertit</span> <span class='ocrx_word' id='word_1_115' title='bbox 1638 1590 1877 1653; x_wconf 88' lang='lat' dir='ltr'>lupiteros</span> <span class='ocrx_word' id='word_1_116' title='bbox 1914 1591 2011 1638; x_wconf 78' lang='lat' dir='ltr'>sive</span> <span class='ocrx_word' id='word_1_117' title='bbox 2048 1589 2203 1648; x_wconf 79' lang='lat' dir='ltr'>loves)</span> <span class='ocrx_word' id='word_1_118' title='bbox 2227 1584 2310 1638; x_wconf 69' lang='lat' dir='ltr'>Ea.</span> <span class='ocrx_word' id='word_1_119' title='bbox 2351 1585 2526 1652; x_wconf 63' lang='lat' dir='ltr'>Erfurt.</span> <span class='ocrx_word' id='word_1_120' title='bbox 2567 1589 2676 1638; x_wconf 79' lang='lat' dir='ltr'>libri</span> <span class='ocrx_word' id='word_1_121' title='bbox 2708 1589 2898 1638; x_wconf 73' lang='lat' dir='ltr'>Pamelii</span> <span class='ocrx_word' id='word_1_122' title='bbox 2931 1604 3033 1638; x_wconf 81' lang='lat' dir='ltr'>ont-</span> 
     </span>
     <span class='ocr_line' id='line_1_14' title="bbox 672 1655 3030 1720; baseline -0.001 -14"><span class='ocrx_word' id='word_1_123' title='bbox 672 1672 771 1706; x_wconf 75' lang='lat' dir='ltr'>nes.</span> <span class='ocrx_word' id='word_1_124' title='bbox 842 1656 1080 1719; x_wconf 87' lang='lat' dir='ltr'>lupiteres</span> <span class='ocrx_word' id='word_1_125' title='bbox 1117 1658 1296 1720; x_wconf 73' lang='lat' dir='ltr'>obedes.</span> <span class='ocrx_word' id='word_1_126' title='bbox 1402 1655 1486 1707; x_wconf 84' lang='lat'>28.</span> <span class='ocrx_word' id='word_1_127' title='bbox 1525 1658 1759 1706; x_wconf 87' lang='lat' dir='ltr'>dicendos</span> <span class='ocrx_word' id='word_1_128' title='bbox 1795 1657 2036 1707; x_wconf 75' lang='lat' dir='ltr'>ABDEFc.</span> <span class='ocrx_word' id='word_1_129' title='bbox 2066 1659 2272 1707; x_wconf 77' lang='lat' dir='ltr'>Ambros.</span> <span class='ocrx_word' id='word_1_130' title='bbox 2302 1657 2492 1707; x_wconf 81' lang='lat' dir='ltr'>Vindob.</span> <span class='ocrx_word' id='word_1_131' title='bbox 2527 1657 2703 1720; x_wconf 77' lang='lat' dir='ltr'>Erfurt.</span> <span class='ocrx_word' id='word_1_132' title='bbox 2772 1656 3030 1705; x_wconf 87' lang='lat' dir='ltr'>dicendum</span> 
     </span>
     <span class='ocr_line' id='line_1_15' title="bbox 673 1719 3027 1788; baseline 0 -18"><span class='ocrx_word' id='word_1_133' title='bbox 673 1719 922 1785; x_wconf 58' lang='lat' dir='ltr'>(Mabcdes.</span> <span class='ocrx_word' id='word_1_134' title='bbox 1029 1723 1109 1773; x_wconf 77' lang='lat'>29.</span> <span class='ocrx_word' id='word_1_135' title='bbox 1149 1724 1723 1788; x_wconf 73' lang='lat' dir='ltr'>introducit&#39;ABDFGdes.</span> <span class='ocrx_word' id='word_1_136' title='bbox 1757 1726 1948 1774; x_wconf 78' lang='lat' dir='ltr'>Havete.</span> <span class='ocrx_word' id='word_1_137' title='bbox 1983 1724 2172 1775; x_wconf 71' lang='lat' dir='ltr'>Pmnelii</span> <span class='ocrx_word' id='word_1_138' title='bbox 2198 1740 2370 1784; x_wconf 80' lang='lat' dir='ltr'>omues,</span> <span class='ocrx_word' id='word_1_139' title='bbox 2411 1725 2583 1788; x_wconf 72' lang='lat' dir='ltr'>Erfurt.</span> <span class='ocrx_word' id='word_1_140' title='bbox 2615 1724 2804 1773; x_wconf 77' lang='lat' dir='ltr'>Vindob.</span> <span class='ocrx_word' id='word_1_141' title='bbox 2824 1724 3027 1773; x_wconf 76' lang='lat' dir='ltr'>Ambros.</span> 
     </span>
     <span class='ocr_line' id='line_1_16' title="bbox 672 1785 2013 1852; baseline -0.001 -12"><span class='ocrx_word' id='word_1_142' title='bbox 672 1790 856 1840; x_wconf 87' lang='lat' dir='ltr'>inducit</span> <span class='ocrx_word' id='word_1_143' title='bbox 887 1785 934 1837; x_wconf 78' lang='grc' dir='ltr'>λ.</span> <span class='ocrx_word' id='word_1_144' title='bbox 1008 1790 1271 1840; x_wconf 79' lang='lat' dir='ltr'>introduxit</span> <span class='ocrx_word' id='word_1_145' title='bbox 1306 1792 1443 1842; x_wconf 78' lang='lat' dir='ltr'>Eabc.</span> <span class='ocrx_word' id='word_1_146' title='bbox 1516 1793 1828 1852; x_wconf 76' lang='lat' dir='ltr'>introducunt</span> <span class='ocrx_word' id='word_1_147' title='bbox 1865 1792 2013 1842; x_wconf 68' lang='lat' dir='ltr'>Oxou.</span> 
     </span>
    </p>
   </div>
   <div class='ocr_carea' id='block_1_4' title="bbox 1897 1903 3030 1986">
    <p class='ocr_par' dir='ltr' id='par_1_4' title="bbox 1897 1903 3030 1986">
     <span class='ocr_line' id='line_1_17' title="bbox 1897 1903 3030 1986; baseline 0.002 -11"><span class='ocrx_word' id='word_1_148' title='bbox 1897 1927 2061 1976; x_wconf 85' lang='lat' dir='ltr'>Horat.</span> <span class='ocrx_word' id='word_1_149' title='bbox 2100 1925 2198 1975; x_wconf 88' lang='lat' dir='ltr'>Sat.</span> <span class='ocrx_word' id='word_1_150' title='bbox 2235 1926 2272 1986; x_wconf 89' lang='lat'>1,</span> <span class='ocrx_word' id='word_1_151' title='bbox 2315 1924 2358 1986; x_wconf 88' lang='lat'>1,</span> <span class='ocrx_word' id='word_1_152' title='bbox 2392 1903 2472 1974; x_wconf 67' lang='lat'>252</span> <span class='ocrx_word' id='word_1_153' title='bbox 2542 1925 2719 1974; x_wconf 77' lang='lat' dir='ltr'>Arnob.</span> <span class='ocrx_word' id='word_1_154' title='bbox 2756 1925 2865 1975; x_wconf 69' lang='grc' dir='ltr'>Λᾶν.</span> <span class='ocrx_word' id='word_1_155' title='bbox 2904 1925 3030 1977; x_wconf 69' lang='lat' dir='ltr'>Nati.</span> 
     </span>
    </p>
   </div>
   <div class='ocr_carea' id='block_1_5' title="bbox 601 1906 2290 2056">
    <p class='ocr_par' dir='ltr' id='par_1_5' title="bbox 601 1906 2290 2056">
     <span class='ocr_line' id='line_1_18' title="bbox 601 1906 2274 2043; baseline 0.033 -125"><span class='ocrx_word' id='word_1_156' title='bbox 601 1914 604 1918; x_wconf 80' lang='lat'>.</span> <span class='ocrx_word' id='word_1_157' title='bbox 670 1939 762 1989; x_wconf 74' lang='lat' dir='ltr'>per</span> <span class='ocrx_word' id='word_1_158' title='bbox 795 1924 915 1975; x_wconf 87' lang='lat' dir='ltr'>deos</span> <span class='ocrx_word' id='word_1_159' title='bbox 950 1906 1160 2001; x_wconf 61' lang='lat' dir='ltr'>iuretur}</span> <span class='ocrx_word' id='word_1_160' title='bbox 1209 1916 1411 2008; x_wconf 58' lang='grc' dir='ltr'>υῶμνυ</span> <span class='ocrx_word' id='word_1_161' title='bbox 1455 1920 1564 1992; x_wconf 77' lang='grc' dir='ltr'>γὰρ</span> <span class='ocrx_word' id='word_1_162' title='bbox 1601 1925 1794 1982; x_wconf 80' lang='grc' dir='ltr'><strong><em>ταῦτα,</em></strong></span> <span class='ocrx_word' id='word_1_163' title='bbox 1897 1994 1932 2041; x_wconf 72' lang='lat' dir='ltr'>v</span> <span class='ocrx_word' id='word_1_164' title='bbox 1972 1994 2039 2043; x_wconf 64' lang='grc'>48</span> <span class='ocrx_word' id='word_1_165' title='bbox 2105 1994 2157 2042; x_wconf 65' lang='grc' dir='ltr'>Ἠ</span> <span class='ocrx_word' id='word_1_166' title='bbox 2213 1994 2274 2042; x_wconf 71' lang='lat' dir='ltr'>m</span> 
     </span>
     <span class='ocr_line' id='line_1_19' title="bbox 1937 2028 2290 2056; baseline -0.006 -13"><span class='ocrx_word' id='word_1_167' title='bbox 1937 2029 1950 2056; x_wconf 93' lang='lat'>,</span> <span class='ocrx_word' id='word_1_168' title='bbox 2042 2030 2055 2043; x_wconf 93' lang='lat'>.</span> <span class='ocrx_word' id='word_1_169' title='bbox 2165 2029 2178 2048; x_wconf 83' lang='lat'>.</span> <span class='ocrx_word' id='word_1_170' title='bbox 2278 2028 2290 2041; x_wconf 90' lang='lat'>.</span> 
     </span>
    </p>
   </div>
   <div class='ocr_carea' id='block_1_6' title="bbox 671 1983 1796 2060">
    <p class='ocr_par' dir='ltr' id='par_1_6' title="bbox 671 1983 1796 2060">
     <span class='ocr_line' id='line_1_20' title="bbox 671 1983 1796 2060; baseline 0.002 -21"><span class='ocrx_word' id='word_1_171' title='bbox 671 1983 771 2057; x_wconf 69' lang='grc' dir='ltr'>οὐχ</span> <span class='ocrx_word' id='word_1_172' title='bbox 806 1984 879 2044; x_wconf 77' lang='grc' dir='ltr'>ὥς</span> <span class='ocrx_word' id='word_1_173' title='bbox 915 1985 1092 2047; x_wconf 74' lang='grc' dir='ltr'><strong><em>θεοὺς,</em></strong></span> <span class='ocrx_word' id='word_1_174' title='bbox 1130 1985 1249 2040; x_wconf 78' lang='grc' dir='ltr'>αλλ’</span> <span class='ocrx_word' id='word_1_175' title='bbox 1291 2010 1382 2043; x_wconf 76' lang='grc' dir='ltr'>ινα</span> <span class='ocrx_word' id='word_1_176' title='bbox 1412 1989 1488 2060; x_wconf 75' lang='grc' dir='ltr'>μὴ</span> <span class='ocrx_word' id='word_1_177' title='bbox 1510 1989 1675 2048; x_wconf 69' lang='grc' dir='ltr'><em>θεοὺς·</em></span> <span class='ocrx_word' id='word_1_178' title='bbox 1697 1986 1796 2059; x_wconf 81' lang='grc' dir='ltr'>ὅμ-</span> 
     </span>
    </p>
   </div>
   <div class='ocr_carea' id='block_1_7' title="bbox 636 2062 1802 4691">
    <p class='ocr_par' dir='ltr' id='par_1_7' title="bbox 636 2062 1802 4550">
     <span class='ocr_line' id='line_1_21' title="bbox 667 2062 1799 2123; baseline 0.004 -16"><span class='ocrx_word' id='word_1_179' title='bbox 667 2065 804 2114; x_wconf 79' lang='grc' dir='ltr'>νυ,“</span> <span class='ocrx_word' id='word_1_180' title='bbox 838 2073 981 2123; x_wconf 84' lang='lat' dir='ltr'>quam</span> <span class='ocrx_word' id='word_1_181' title='bbox 1000 2062 1143 2109; x_wconf 88' lang='lat' dir='ltr'>etiam</span> <span class='ocrx_word' id='word_1_182' title='bbox 1164 2076 1355 2113; x_wconf 80' lang='lat' dir='ltr'>causam</span> <span class='ocrx_word' id='word_1_183' title='bbox 1386 2063 1633 2112; x_wconf 74' lang='lat' dir='ltr'>adferebat</span> <span class='ocrx_word' id='word_1_184' title='bbox 1654 2063 1799 2113; x_wconf 89' lang='lat' dir='ltr'>modo</span> 
     </span>
     <span class='ocr_line' id='line_1_22' title="bbox 669 2127 1799 2191; baseline 0.003 -15"><span class='ocrx_word' id='word_1_185' title='bbox 669 2127 956 2177; x_wconf 77' lang='lat' dir='ltr'>scholiastes</span> <span class='ocrx_word' id='word_1_186' title='bbox 991 2128 1341 2191; x_wconf 75' lang='lat' dir='ltr'>Aristophanis.</span> <span class='ocrx_word' id='word_1_187' title='bbox 1378 2131 1617 2191; x_wconf 82' lang='lat' dir='ltr'>(Herald.)</span> <span class='ocrx_word' id='word_1_188' title='bbox 1678 2131 1799 2179; x_wconf 86' lang='lat' dir='ltr'>Ter-</span> 
     </span>
     <span class='ocr_line' id='line_1_23' title="bbox 669 2195 1799 2263; baseline 0.001 -18"><span class='ocrx_word' id='word_1_189' title='bbox 669 2195 900 2245; x_wconf 77' lang='lat' dir='ltr'>tullianus</span> <span class='ocrx_word' id='word_1_190' title='bbox 936 2195 1003 2245; x_wconf 75' lang='lat' dir='ltr'>Ad</span> <span class='ocrx_word' id='word_1_191' title='bbox 1039 2195 1165 2245; x_wconf 86' lang='lat' dir='ltr'>Natt.</span> <span class='ocrx_word' id='word_1_192' title='bbox 1202 2197 1240 2256; x_wconf 91' lang='lat' dir='ltr'>l,</span> <span class='ocrx_word' id='word_1_193' title='bbox 1282 2199 1372 2247; x_wconf 87' lang='lat'>10:</span> <span class='ocrx_word' id='word_1_194' title='bbox 1421 2198 1511 2256; x_wconf 90' lang='lat' dir='ltr'>„ln</span> <span class='ocrx_word' id='word_1_195' title='bbox 1549 2206 1799 2263; x_wconf 71' lang='lat' dir='ltr'>contume-</span> 
     </span>
     <span class='ocr_line' id='line_1_24' title="bbox 670 2261 1802 2327; baseline 0.003 -16"><span class='ocrx_word' id='word_1_196' title='bbox 670 2261 786 2313; x_wconf 88' lang='lat' dir='ltr'>liam</span> <span class='ocrx_word' id='word_1_197' title='bbox 823 2262 1025 2311; x_wconf 88' lang='lat' dir='ltr'>deorum</span> <span class='ocrx_word' id='word_1_198' title='bbox 1062 2279 1294 2327; x_wconf 90' lang='lat' dir='ltr'>quercum</span> <span class='ocrx_word' id='word_1_199' title='bbox 1343 2274 1389 2314; x_wconf 89' lang='lat' dir='ltr'>et</span> <span class='ocrx_word' id='word_1_200' title='bbox 1425 2280 1593 2315; x_wconf 84' lang='lat' dir='ltr'>canem</span> <span class='ocrx_word' id='word_1_201' title='bbox 1631 2273 1678 2314; x_wconf 91' lang='lat' dir='ltr'>et</span> <span class='ocrx_word' id='word_1_202' title='bbox 1714 2266 1802 2314; x_wconf 87' lang='lat' dir='ltr'>he·</span> 
     </span>
     <span class='ocr_line' id='line_1_25' title="bbox 669 2329 1802 2396; baseline 0.002 -17"><span class='ocrx_word' id='word_1_203' title='bbox 669 2345 774 2379; x_wconf 87' lang='lat' dir='ltr'>ram</span> <span class='ocrx_word' id='word_1_204' title='bbox 827 2329 1005 2379; x_wconf 83' lang='lat' dir='ltr'>iurat.“</span> <span class='ocrx_word' id='word_1_205' title='bbox 1101 2331 1201 2380; x_wconf 88' lang='lat' dir='ltr'>Sed</span> <span class='ocrx_word' id='word_1_206' title='bbox 1259 2348 1355 2382; x_wconf 90' lang='lat' dir='ltr'>non</span> <span class='ocrx_word' id='word_1_207' title='bbox 1403 2333 1541 2382; x_wconf 83' lang='lat' dir='ltr'>video</span> <span class='ocrx_word' id='word_1_208' title='bbox 1590 2333 1705 2396; x_wconf 87' lang='lat' dir='ltr'>quid</span> <span class='ocrx_word' id='word_1_209' title='bbox 1753 2333 1802 2381; x_wconf 91' lang='lat' dir='ltr'>in</span> 
     </span>
     <span class='ocr_line' id='line_1_26' title="bbox 671 2397 1801 2450; baseline 0.003 -5"><span class='ocrx_word' id='word_1_210' title='bbox 671 2397 1011 2446; x_wconf 88' lang='lat' dir='ltr'>contumeliam</span> <span class='ocrx_word' id='word_1_211' title='bbox 1077 2398 1277 2449; x_wconf 85' lang='lat' dir='ltr'>deornm</span> <span class='ocrx_word' id='word_1_212' title='bbox 1336 2401 1516 2450; x_wconf 86' lang='lat' dir='ltr'>iuraret</span> <span class='ocrx_word' id='word_1_213' title='bbox 1573 2402 1801 2449; x_wconf 77' lang='lat' dir='ltr'>Socrates</span> 
     </span>
     <span class='ocr_line' id='line_1_27' title="bbox 667 2458 1794 2533; baseline 0 -20"><span class='ocrx_word' id='word_1_214' title='bbox 667 2465 762 2513; x_wconf 90' lang='lat' dir='ltr'>hac</span> <span class='ocrx_word' id='word_1_215' title='bbox 798 2464 984 2513; x_wconf 87' lang='lat' dir='ltr'>iurandi</span> <span class='ocrx_word' id='word_1_216' title='bbox 1032 2466 1273 2516; x_wconf 75' lang='lat' dir='ltr'>formula:</span> <span class='ocrx_word' id='word_1_217' title='bbox 1320 2461 1405 2526; x_wconf 76' lang='grc' dir='ltr'>Νὴ</span> <span class='ocrx_word' id='word_1_218' title='bbox 1458 2461 1562 2526; x_wconf 75' lang='grc' dir='ltr'>τὴν</span> <span class='ocrx_word' id='word_1_219' title='bbox 1601 2458 1794 2533; x_wconf 70' lang='grc' dir='ltr'><strong>Ἥραν.</strong></span> 
     </span>
     <span class='ocr_line' id='line_1_28' title="bbox 668 2531 1801 2596; baseline 0.004 -16"><span class='ocrx_word' id='word_1_220' title='bbox 668 2531 789 2580; x_wconf 86' lang='lat' dir='ltr'>Nam</span> <span class='ocrx_word' id='word_1_221' title='bbox 824 2532 913 2581; x_wconf 88' lang='lat' dir='ltr'>etsi</span> <span class='ocrx_word' id='word_1_222' title='bbox 963 2537 1122 2581; x_wconf 73' lang='lat' dir='ltr'>aerem</span> <span class='ocrx_word' id='word_1_223' title='bbox 1170 2534 1492 2596; x_wconf 75' lang='lat' dir='ltr'>intelligeret,</span> <span class='ocrx_word' id='word_1_224' title='bbox 1542 2544 1705 2584; x_wconf 87' lang='lat' dir='ltr'>tamen</span> <span class='ocrx_word' id='word_1_225' title='bbox 1753 2543 1801 2584; x_wconf 90' lang='lat' dir='ltr'>et</span> 
     </span>
     <span class='ocr_line' id='line_1_29' title="bbox 658 2598 1798 2665; baseline 0.004 -19"><span class='ocrx_word' id='word_1_226' title='bbox 658 2598 901 2647; x_wconf 69' lang='lat' dir='ltr'>&#39;lunonem</span> <span class='ocrx_word' id='word_1_227' title='bbox 924 2601 1282 2662; x_wconf 82' lang='lat' dir='ltr'>pronuntiabat.</span> <span class='ocrx_word' id='word_1_228' title='bbox 1318 2603 1498 2652; x_wconf 84' lang='lat' dir='ltr'>Dixerit</span> <span class='ocrx_word' id='word_1_229' title='bbox 1521 2604 1665 2665; x_wconf 76' lang='lat' dir='ltr'>igitur</span> <span class='ocrx_word' id='word_1_230' title='bbox 1678 2603 1798 2651; x_wconf 78' lang='lat' dir='ltr'>Ter-</span> 
     </span>
     <span class='ocr_line' id='line_1_30' title="bbox 636 2665 1800 2744; baseline 0.005 -30"><span class='ocrx_word' id='word_1_231' title='bbox 636 2665 899 2744; x_wconf 69' lang='lat' dir='ltr'>‘tullianus</span> <span class='ocrx_word' id='word_1_232' title='bbox 946 2669 1152 2727; x_wconf 73' lang='lat' dir='ltr'>hircum,</span> <span class='ocrx_word' id='word_1_233' title='bbox 1200 2671 1325 2720; x_wconf 85' lang='lat' dir='ltr'>sicut</span> <span class='ocrx_word' id='word_1_234' title='bbox 1371 2671 1450 2720; x_wconf 84' lang='lat' dir='ltr'>alii</span> <span class='ocrx_word' id='word_1_235' title='bbox 1477 2669 1659 2736; x_wconf 76' lang='grc' dir='ltr'><strong><em>χῆνα,</em></strong></span> <span class='ocrx_word' id='word_1_236' title='bbox 1717 2670 1800 2721; x_wconf 85' lang='lat' dir='ltr'>alii</span> 
     </span>
     <span class='ocr_line' id='line_1_31' title="bbox 663 2735 1797 2801; baseline 0.005 -20"><span class='ocrx_word' id='word_1_237' title='bbox 663 2746 821 2799; x_wconf 77' lang='grc' dir='ltr'><em>κριον</em></span> <span class='ocrx_word' id='word_1_238' title='bbox 840 2749 945 2795; x_wconf 90' lang='lat' dir='ltr'>seu,</span> <span class='ocrx_word' id='word_1_239' title='bbox 982 2735 1112 2799; x_wconf 83' lang='lat' dir='ltr'>qnod</span> <span class='ocrx_word' id='word_1_240' title='bbox 1137 2739 1295 2787; x_wconf 83' lang='lat' dir='ltr'>verius</span> <span class='ocrx_word' id='word_1_241' title='bbox 1314 2738 1517 2799; x_wconf 85' lang='lat' dir='ltr'>videtur,</span> <span class='ocrx_word' id='word_1_242' title='bbox 1554 2739 1797 2801; x_wconf 83' lang='lat' dir='ltr'>crispante</span> 
     </span>
     <span class='ocr_line' id='line_1_32' title="bbox 664 2804 1796 2870; baseline 0.004 -20"><span class='ocrx_word' id='word_1_243' title='bbox 664 2816 787 2851; x_wconf 89' lang='lat' dir='ltr'>sono</span> <span class='ocrx_word' id='word_1_244' title='bbox 825 2804 1159 2866; x_wconf 86' lang='lat' dir='ltr'>praecedentis</span> <span class='ocrx_word' id='word_1_245' title='bbox 1211 2806 1429 2855; x_wconf 78' lang='lat' dir='ltr'>vocabuli</span> <span class='ocrx_word' id='word_1_246' title='bbox 1466 2822 1682 2870; x_wconf 78' lang='lat' dir='ltr'>quercum</span> <span class='ocrx_word' id='word_1_247' title='bbox 1716 2820 1796 2855; x_wconf 89' lang='lat' dir='ltr'>re-</span> 
     </span>
     <span class='ocr_line' id='line_1_33' title="bbox 662 2873 1796 2938; baseline 0.004 -20"><span class='ocrx_word' id='word_1_248' title='bbox 662 2884 925 2933; x_wconf 79' lang='lat' dir='ltr'>percussae</span> <span class='ocrx_word' id='word_1_249' title='bbox 962 2885 1123 2931; x_wconf 87' lang='lat' dir='ltr'>aures,</span> <span class='ocrx_word' id='word_1_250' title='bbox 1171 2873 1295 2923; x_wconf 89' lang='lat' dir='ltr'>iuter</span> <span class='ocrx_word' id='word_1_251' title='bbox 1343 2888 1573 2938; x_wconf 89' lang='lat' dir='ltr'>quercum</span> <span class='ocrx_word' id='word_1_252' title='bbox 1610 2881 1660 2923; x_wconf 91' lang='lat' dir='ltr'>et</span> <span class='ocrx_word' id='word_1_253' title='bbox 1694 2873 1796 2922; x_wconf 89' lang='lat' dir='ltr'>hir-</span> 
     </span>
     <span class='ocr_line' id='line_1_34' title="bbox 664 2939 1795 3005; baseline 0.004 -19"><span class='ocrx_word' id='word_1_254' title='bbox 664 2951 772 2986; x_wconf 89' lang='lat' dir='ltr'>cum</span> <span class='ocrx_word' id='word_1_255' title='bbox 808 2939 1078 3000; x_wconf 80' lang='lat' dir='ltr'>ambiguae,</span> <span class='ocrx_word' id='word_1_256' title='bbox 1116 2949 1371 3005; x_wconf 88' lang='lat' dir='ltr'>utrumque</span> <span class='ocrx_word' id='word_1_257' title='bbox 1400 2942 1458 2991; x_wconf 90' lang='lat' dir='ltr'>ad</span> <span class='ocrx_word' id='word_1_258' title='bbox 1495 2942 1685 2991; x_wconf 83' lang='lat' dir='ltr'>veloces</span> <span class='ocrx_word' id='word_1_259' title='bbox 1720 2942 1795 2991; x_wconf 88' lang='lat' dir='ltr'>di-</span> 
     </span>
     <span class='ocr_line' id='line_1_35' title="bbox 664 3004 1797 3069; baseline 0.005 -16"><span class='ocrx_word' id='word_1_260' title='bbox 664 3004 790 3066; x_wconf 89' lang='lat' dir='ltr'>gitos</span> <span class='ocrx_word' id='word_1_261' title='bbox 839 3007 1156 3069; x_wconf 88' lang='lat' dir='ltr'>pertulerint,</span> <span class='ocrx_word' id='word_1_262' title='bbox 1216 3018 1270 3058; x_wconf 92' lang='lat' dir='ltr'>ut</span> <span class='ocrx_word' id='word_1_263' title='bbox 1336 3014 1448 3068; x_wconf 88' lang='lat' dir='ltr'>iam,</span> <span class='ocrx_word' id='word_1_264' title='bbox 1519 3010 1797 3059; x_wconf 85' lang='lat' dir='ltr'>oblitterato</span> 
     </span>
     <span class='ocr_line' id='line_1_36' title="bbox 665 3072 1796 3141; baseline 0.004 -20"><span class='ocrx_word' id='word_1_265' title='bbox 665 3072 793 3135; x_wconf 86' lang='lat' dir='ltr'>quod</span> <span class='ocrx_word' id='word_1_266' title='bbox 831 3088 1087 3137; x_wconf 88' lang='lat' dir='ltr'>perperam</span> <span class='ocrx_word' id='word_1_267' title='bbox 1127 3077 1336 3141; x_wconf 83' lang='lat' dir='ltr'>irrepsit,</span> <span class='ocrx_word' id='word_1_268' title='bbox 1374 3084 1556 3126; x_wconf 87' lang='lat' dir='ltr'>tantum</span> <span class='ocrx_word' id='word_1_269' title='bbox 1594 3077 1687 3138; x_wconf 88' lang='lat' dir='ltr'>legi</span> <span class='ocrx_word' id='word_1_270' title='bbox 1709 3077 1796 3126; x_wconf 88' lang='lat' dir='ltr'>de·-</span> 
     </span>
     <span class='ocr_line' id='line_1_37' title="bbox 663 3139 1796 3204; baseline 0.004 -15"><span class='ocrx_word' id='word_1_271' title='bbox 663 3139 803 3190; x_wconf 83' lang='lat' dir='ltr'>beat:</span> <span class='ocrx_word' id='word_1_272' title='bbox 842 3157 1056 3204; x_wconf 78' lang='lat' dir='ltr'>quercum</span> <span class='ocrx_word' id='word_1_273' title='bbox 1090 3151 1133 3192; x_wconf 83' lang='lat' dir='ltr'>et</span> <span class='ocrx_word' id='word_1_274' title='bbox 1169 3160 1326 3195; x_wconf 78' lang='lat' dir='ltr'>canem</span> <span class='ocrx_word' id='word_1_275' title='bbox 1361 3147 1612 3194; x_wconf 60' lang='grc' dir='ltr'>ἀρίαν-αἰναί.</span> <span class='ocrx_word' id='word_1_276' title='bbox 1675 3144 1796 3193; x_wconf 87' lang='lat' dir='ltr'>Nam</span> 
     </span>
     <span class='ocr_line' id='line_1_38' title="bbox 666 3208 1798 3274; baseline 0.005 -20"><span class='ocrx_word' id='word_1_277' title='bbox 666 3214 714 3255; x_wconf 87' lang='lat' dir='ltr'>et</span> <span class='ocrx_word' id='word_1_278' title='bbox 760 3208 807 3255; x_wconf 92' lang='lat' dir='ltr'>in</span> <span class='ocrx_word' id='word_1_279' title='bbox 847 3208 1074 3258; x_wconf 82' lang='lat' dir='ltr'>Fuldensi</span> <span class='ocrx_word' id='word_1_280' title='bbox 1128 3211 1243 3259; x_wconf 91' lang='lat' dir='ltr'>nihil</span> <span class='ocrx_word' id='word_1_281' title='bbox 1293 3220 1543 3274; x_wconf 87' lang='lat' dir='ltr'>praeterea</span> <span class='ocrx_word' id='word_1_282' title='bbox 1589 3212 1798 3273; x_wconf 86' lang='lat' dir='ltr'>reperiri</span> 
     </span>
     <span class='ocr_line' id='line_1_39' title="bbox 662 3274 1800 3343; baseline 0.005 -21"><span class='ocrx_word' id='word_1_283' title='bbox 662 3274 811 3323; x_wconf 89' lang='lat' dir='ltr'>aiunt.</span> <span class='ocrx_word' id='word_1_284' title='bbox 866 3274 1077 3336; x_wconf 83' lang='lat' dir='ltr'>(Rigalt.)</span> <span class='ocrx_word' id='word_1_285' title='bbox 1178 3278 1304 3326; x_wconf 84' lang='lat' dir='ltr'>Nihil</span> <span class='ocrx_word' id='word_1_286' title='bbox 1358 3279 1665 3343; x_wconf 82' lang='lat' dir='ltr'>tribuendum</span> <span class='ocrx_word' id='word_1_287' title='bbox 1722 3285 1800 3328; x_wconf 88' lang='lat' dir='ltr'>est</span> 
     </span>
     <span class='ocr_line' id='line_1_40' title="bbox 663 3338 1795 3409; baseline 0.007 -22"><span class='ocrx_word' id='word_1_288' title='bbox 663 3338 790 3388; x_wconf 88' lang='lat' dir='ltr'>libro</span> <span class='ocrx_word' id='word_1_289' title='bbox 813 3340 1069 3401; x_wconf 74' lang='lat' dir='ltr'>Agebat-di,</span> <span class='ocrx_word' id='word_1_290' title='bbox 1106 3344 1187 3392; x_wconf 87' lang='lat' dir='ltr'>uhi</span> <span class='ocrx_word' id='word_1_291' title='bbox 1225 3358 1320 3393; x_wconf 88' lang='lat' dir='ltr'>non</span> <span class='ocrx_word' id='word_1_292' title='bbox 1360 3344 1502 3394; x_wconf 88' lang='lat' dir='ltr'>habet</span> <span class='ocrx_word' id='word_1_293' title='bbox 1539 3345 1671 3409; x_wconf 86' lang='lat' dir='ltr'>qnod</span> <span class='ocrx_word' id='word_1_294' title='bbox 1703 3345 1795 3394; x_wconf 85' lang='lat' dir='ltr'>ali-</span> 
     </span>
     <span class='ocr_line' id='line_1_41' title="bbox 660 3406 1794 3473; baseline 0.007 -19"><span class='ocrx_word' id='word_1_295' title='bbox 660 3406 791 3455; x_wconf 85' lang='lat' dir='ltr'>unde</span> <span class='ocrx_word' id='word_1_296' title='bbox 826 3408 944 3456; x_wconf 84' lang='lat' dir='ltr'>satis</span> <span class='ocrx_word' id='word_1_297' title='bbox 964 3417 1164 3459; x_wconf 87' lang='lat' dir='ltr'>constat.</span> <span class='ocrx_word' id='word_1_298' title='bbox 1214 3411 1643 3473; x_wconf 86' lang='lat' dir='ltr'>Neglegentissime</span> <span class='ocrx_word' id='word_1_299' title='bbox 1666 3414 1794 3463; x_wconf 90' lang='lat' dir='ltr'>eui-m</span> 
     </span>
     <span class='ocr_line' id='line_1_42' title="bbox 663 3480 1795 3542; baseline 0.009 -22"><span class='ocrx_word' id='word_1_300' title='bbox 663 3486 867 3522; x_wconf 86' lang='lat' dir='ltr'>excusus</span> <span class='ocrx_word' id='word_1_301' title='bbox 920 3482 995 3525; x_wconf 89' lang='lat' dir='ltr'>est</span> <span class='ocrx_word' id='word_1_302' title='bbox 1042 3483 1209 3540; x_wconf 90' lang='lat' dir='ltr'>totque</span> <span class='ocrx_word' id='word_1_303' title='bbox 1260 3481 1549 3542; x_wconf 87' lang='lat' dir='ltr'>praesertim</span> <span class='ocrx_word' id='word_1_304' title='bbox 1599 3480 1795 3530; x_wconf 84' lang='lat' dir='ltr'>omissis</span> 
     </span>
     <span class='ocr_line' id='line_1_43' title="bbox 661 3539 1793 3609; baseline 0.006 -20"><span class='ocrx_word' id='word_1_305' title='bbox 661 3539 866 3599; x_wconf 79' lang='lat' dir='ltr'>laborat,</span> <span class='ocrx_word' id='word_1_306' title='bbox 905 3549 956 3591; x_wconf 90' lang='lat' dir='ltr'>ut</span> <span class='ocrx_word' id='word_1_307' title='bbox 990 3558 1099 3592; x_wconf 83' lang='lat' dir='ltr'>vere</span> <span class='ocrx_word' id='word_1_308' title='bbox 1136 3546 1373 3597; x_wconf 84' lang='lat' dir='ltr'>incautius</span> <span class='ocrx_word' id='word_1_309' title='bbox 1409 3548 1450 3595; x_wconf 89' lang='lat' dir='ltr'>is</span> <span class='ocrx_word' id='word_1_310' title='bbox 1470 3562 1612 3609; x_wconf 88' lang='lat' dir='ltr'>agere</span> <span class='ocrx_word' id='word_1_311' title='bbox 1630 3548 1793 3598; x_wconf 81' lang='lat' dir='ltr'>videa-</span> 
     </span>
     <span class='ocr_line' id='line_1_44' title="bbox 660 3610 1793 3679; baseline 0.008 -23"><span class='ocrx_word' id='word_1_312' title='bbox 660 3614 755 3669; x_wconf 87' lang='lat' dir='ltr'>tur,</span> <span class='ocrx_word' id='word_1_313' title='bbox 809 3610 890 3673; x_wconf 90' lang='lat' dir='ltr'>qui</span> <span class='ocrx_word' id='word_1_314' title='bbox 948 3625 1005 3660; x_wconf 83' lang='lat' dir='ltr'>ex</span> <span class='ocrx_word' id='word_1_315' title='bbox 1057 3613 1294 3663; x_wconf 86' lang='lat' dir='ltr'>eiusmodi</span> <span class='ocrx_word' id='word_1_316' title='bbox 1338 3615 1478 3673; x_wconf 59' lang='lat' dir='ltr'>{vitiis</span> <span class='ocrx_word' id='word_1_317' title='bbox 1531 3629 1585 3663; x_wconf 87' lang='lat' dir='ltr'>ea</span> <span class='ocrx_word' id='word_1_318' title='bbox 1642 3623 1793 3679; x_wconf 80' lang='lat' dir='ltr'>petat,</span> 
     </span>
     <span class='ocr_line' id='line_1_45' title="bbox 662 3681 1792 3747; baseline 0.005 -21"><span class='ocrx_word' id='word_1_319' title='bbox 662 3690 784 3740; x_wconf 81' lang='lat' dir='ltr'>quae</span> <span class='ocrx_word' id='word_1_320' title='bbox 819 3688 1046 3742; x_wconf 87' lang='lat' dir='ltr'>suspecta</span> <span class='ocrx_word' id='word_1_321' title='bbox 1092 3695 1201 3730; x_wconf 88' lang='lat' dir='ltr'>esse</span> <span class='ocrx_word' id='word_1_322' title='bbox 1250 3681 1446 3731; x_wconf 86' lang='lat' dir='ltr'>minime</span> <span class='ocrx_word' id='word_1_323' title='bbox 1481 3692 1688 3747; x_wconf 86' lang='lat' dir='ltr'>possunt</span> <span class='ocrx_word' id='word_1_324' title='bbox 1723 3684 1792 3732; x_wconf 84' lang='lat' dir='ltr'>vi·</span> 
     </span>
     <span class='ocr_line' id='line_1_46' title="bbox 661 3744 1794 3814; baseline 0.004 -17"><span class='ocrx_word' id='word_1_325' title='bbox 661 3744 780 3797; x_wconf 85' lang='lat' dir='ltr'>deri.</span> <span class='ocrx_word' id='word_1_326' title='bbox 852 3746 903 3795; x_wconf 89' lang='lat' dir='ltr'>ln</span> <span class='ocrx_word' id='word_1_327' title='bbox 943 3747 1050 3797; x_wconf 88' lang='lat' dir='ltr'>loco</span> <span class='ocrx_word' id='word_1_328' title='bbox 1085 3750 1151 3799; x_wconf 79' lang='lat' dir='ltr'>Ad</span> <span class='ocrx_word' id='word_1_329' title='bbox 1187 3749 1312 3799; x_wconf 86' lang='lat' dir='ltr'>Natt.</span> <span class='ocrx_word' id='word_1_330' title='bbox 1350 3750 1480 3807; x_wconf 84' lang='grc' dir='ltr'>Ι,ΙΟ.</span> <span class='ocrx_word' id='word_1_331' title='bbox 1518 3764 1607 3814; x_wconf 89' lang='lat' dir='ltr'>pro</span> <span class='ocrx_word' id='word_1_332' title='bbox 1637 3754 1794 3801; x_wconf 77' lang='lat' dir='ltr'>heram</span> 
     </span>
     <span class='ocr_line' id='line_1_47' title="bbox 660 3812 1791 3880; baseline 0.005 -19"><span class='ocrx_word' id='word_1_333' title='bbox 660 3812 859 3863; x_wconf 86' lang='lat' dir='ltr'>omnino</span> <span class='ocrx_word' id='word_1_334' title='bbox 894 3817 1072 3865; x_wconf 76' lang='lat' dir='ltr'>hircum</span> <span class='ocrx_word' id='word_1_335' title='bbox 1105 3817 1481 3878; x_wconf 21' lang='lat' dir='ltr'>rescribendum,</span> <span class='ocrx_word' id='word_1_336' title='bbox 1507 3828 1597 3880; x_wconf 88' lang='lat' dir='ltr'>est,</span> <span class='ocrx_word' id='word_1_337' title='bbox 1650 3819 1791 3869; x_wconf 79' lang='lat' dir='ltr'>facil-</span> 
     </span>
     <span class='ocr_line' id='line_1_48' title="bbox 661 3879 1793 3936; baseline 0.007 -8"><span class='ocrx_word' id='word_1_338' title='bbox 661 3879 777 3929; x_wconf 85' lang='lat' dir='ltr'>lima</span> <span class='ocrx_word' id='word_1_339' title='bbox 813 3883 1164 3933; x_wconf 87' lang='lat' dir='ltr'>emendatione.</span> <span class='ocrx_word' id='word_1_340' title='bbox 1226 3886 1273 3934; x_wconf 92' lang='lat' dir='ltr'>ld</span> <span class='ocrx_word' id='word_1_341' title='bbox 1313 3886 1595 3936; x_wconf 77' lang='lat' dir='ltr'>vocabulum</span> <span class='ocrx_word' id='word_1_342' title='bbox 1629 3895 1793 3936; x_wconf 80' lang='lat' dir='ltr'>tuetur</span> 
     </span>
     <span class='ocr_line' id='line_1_49' title="bbox 661 3947 1792 4024; baseline 0.006 -30"><span class='ocrx_word' id='word_1_343' title='bbox 661 3947 865 4024; x_wconf 49' lang='lat' dir='ltr'>insuper</span> <span class='ocrx_word' id='word_1_344' title='bbox 901 3952 1226 4001; x_wconf 88' lang='lat' dir='ltr'>testimonium</span> <span class='ocrx_word' id='word_1_345' title='bbox 1264 3953 1441 4003; x_wconf 87' lang='lat' dir='ltr'>Suidae</span> <span class='ocrx_word' id='word_1_346' title='bbox 1477 3970 1517 4003; x_wconf 84' lang='lat' dir='ltr'>a.</span> <span class='ocrx_word' id='word_1_347' title='bbox 1549 3970 1590 4004; x_wconf 80' lang='lat' dir='ltr'>v.</span> <span class='ocrx_word' id='word_1_348' title='bbox 1626 3952 1792 4012; x_wconf 73' lang='grc' dir='ltr'>Χῆναι</span> 
     </span>
     <span class='ocr_line' id='line_1_50' title="bbox 662 4010 1794 4085; baseline 0.011 -28"><span class='ocrx_word' id='word_1_349' title='bbox 662 4012 912 4078; x_wconf 77' lang='grc' dir='ltr'>ομνῦναι.</span> <span class='ocrx_word' id='word_1_350' title='bbox 974 4010 1184 4084; x_wconf 74' lang='grc' dir='ltr'>,,“Ῡπὲρ</span> <span class='ocrx_word' id='word_1_351' title='bbox 1219 4018 1319 4067; x_wconf 82' lang='grc' dir='ltr'>τοῦ</span> <span class='ocrx_word' id='word_1_352' title='bbox 1352 4015 1427 4085; x_wconf 77' lang='grc' dir='ltr'>μὴ</span> <span class='ocrx_word' id='word_1_353' title='bbox 1468 4014 1595 4073; x_wconf 78' lang='grc' dir='ltr'>τοὺς·</span> <span class='ocrx_word' id='word_1_354' title='bbox 1628 4015 1794 4075; x_wconf 73' lang='grc' dir='ltr'><strong><em>θεοὺς</em></strong></span> 
     </span>
     <span class='ocr_line' id='line_1_51' title="bbox 659 4072 1792 4152; baseline 0.008 -24"><span class='ocrx_word' id='word_1_355' title='bbox 659 4072 751 4128; x_wconf 82' lang='grc' dir='ltr'>ἐπὶ</span> <span class='ocrx_word' id='word_1_356' title='bbox 782 4080 958 4129; x_wconf 79' lang='grc' dir='ltr'>πᾶσιν</span> <span class='ocrx_word' id='word_1_357' title='bbox 982 4077 1271 4150; x_wconf 68' lang='grc' dir='ltr'>ὀνομάζειν</span> <span class='ocrx_word' id='word_1_358' title='bbox 1283 4080 1664 4152; x_wconf 70' lang='grc' dir='ltr'>Ῥαδάμανθυς·</span> <span class='ocrx_word' id='word_1_359' title='bbox 1687 4081 1792 4137; x_wconf 76' lang='grc' dir='ltr'>ἐκέ-</span> 
     </span>
     <span class='ocr_line' id='line_1_52' title="bbox 656 4144 1788 4228; baseline 0.007 -33"><span class='ocrx_word' id='word_1_360' title='bbox 656 4144 774 4228; x_wconf 51' lang='grc' dir='ltr'>λευε</span> <span class='ocrx_word' id='word_1_361' title='bbox 807 4144 947 4226; x_wconf 58' lang='lat' dir='ltr'>ngr&amp;</span> <span class='ocrx_word' id='word_1_362' title='bbox 974 4151 1151 4215; x_wconf 72' lang='grc' dir='ltr'>χῆνος</span> <span class='ocrx_word' id='word_1_363' title='bbox 1192 4148 1284 4199; x_wconf 81' lang='grc' dir='ltr'>καὶ</span> <span class='ocrx_word' id='word_1_364' title='bbox 1328 4149 1485 4218; x_wconf 80' lang='grc' dir='ltr'><strong><em>κρίου</em></strong></span> <span class='ocrx_word' id='word_1_365' title='bbox 1532 4145 1788 4221; x_wconf 78' lang='grc' dir='ltr'><strong><em>ὄμνῦναι,</em></strong></span> 
     </span>
     <span class='ocr_line' id='line_1_53' title="bbox 661 4215 1789 4292; baseline 0.011 -30"><span class='ocrx_word' id='word_1_366' title='bbox 661 4229 779 4280; x_wconf 82' lang='grc' dir='ltr'>ουχ,</span> <span class='ocrx_word' id='word_1_367' title='bbox 831 4230 904 4292; x_wconf 64' lang='grc' dir='ltr'>ως</span> <span class='ocrx_word' id='word_1_368' title='bbox 953 4232 1112 4275; x_wconf 74' lang='grc' dir='ltr'>τινες,</span> <span class='ocrx_word' id='word_1_369' title='bbox 1168 4215 1535 4286; x_wconf 74' lang='grc' dir='ltr'><strong>Σωκράτης.“</strong></span> <span class='ocrx_word' id='word_1_370' title='bbox 1607 4224 1679 4272; x_wconf 86' lang='lat' dir='ltr'>Cs.</span> <span class='ocrx_word' id='word_1_371' title='bbox 1719 4224 1789 4274; x_wconf 92' lang='lat' dir='ltr'>ld.</span> 
     </span>
     <span class='ocr_line' id='line_1_54' title="bbox 659 4278 1792 4354; baseline 0.006 -23"><span class='ocrx_word' id='word_1_372' title='bbox 659 4297 700 4332; x_wconf 80' lang='lat' dir='ltr'>s,</span> <span class='ocrx_word' id='word_1_373' title='bbox 739 4299 778 4331; x_wconf 83' lang='lat' dir='ltr'>v.</span> <span class='ocrx_word' id='word_1_374' title='bbox 816 4281 1070 4349; x_wconf 76' lang='grc' dir='ltr'><em>Λαμπων</em></span> <span class='ocrx_word' id='word_1_375' title='bbox 1104 4278 1304 4351; x_wconf 78' lang='grc' dir='ltr'>ὄμνυσι</span> <span class='ocrx_word' id='word_1_376' title='bbox 1344 4282 1443 4336; x_wconf 80' lang='grc' dir='ltr'>τὸν</span> <span class='ocrx_word' id='word_1_377' title='bbox 1469 4287 1619 4354; x_wconf 72' lang='grc' dir='ltr'>χῆνα</span> <span class='ocrx_word' id='word_1_378' title='bbox 1656 4282 1792 4338; x_wconf 77' lang='grc' dir='ltr'>ὅταν</span> 
     </span>
     <span class='ocr_line' id='line_1_55' title="bbox 657 4342 1791 4419; baseline 0.01 -20"><span class='ocrx_word' id='word_1_379' title='bbox 657 4342 917 4414; x_wconf 65' lang='grc' dir='ltr'>ἐξαπατᾷ.</span> <span class='ocrx_word' id='word_1_380' title='bbox 1008 4354 1081 4403; x_wconf 83' lang='lat' dir='ltr'>ct.</span> <span class='ocrx_word' id='word_1_381' title='bbox 1120 4355 1304 4418; x_wconf 81' lang='lat' dir='ltr'>Meuag.</span> <span class='ocrx_word' id='word_1_382' title='bbox 1353 4357 1411 4407; x_wconf 88' lang='lat' dir='ltr'>ad</span> <span class='ocrx_word' id='word_1_383' title='bbox 1458 4358 1594 4419; x_wconf 88' lang='lat' dir='ltr'>Diog.</span> <span class='ocrx_word' id='word_1_384' title='bbox 1634 4359 1791 4410; x_wconf 73' lang='lat' dir='ltr'>Laert.</span> 
     </span>
     <span class='ocr_line' id='line_1_56' title="bbox 656 4418 1789 4491; baseline 0.009 -24"><span class='ocrx_word' id='word_1_385' title='bbox 656 4418 719 4477; x_wconf 88' lang='lat' dir='ltr'>ll,</span> <span class='ocrx_word' id='word_1_386' title='bbox 753 4419 836 4467; x_wconf 81' lang='lat'>40.</span> <span class='ocrx_word' id='word_1_387' title='bbox 876 4427 991 4470; x_wconf 90' lang='lat' dir='ltr'>tom.</span> <span class='ocrx_word' id='word_1_388' title='bbox 1028 4421 1113 4482; x_wconf 83' lang='grc' dir='ltr'>ΙΙΙ,</span> <span class='ocrx_word' id='word_1_389' title='bbox 1149 4438 1196 4486; x_wconf 91' lang='lat' dir='ltr'>p.</span> <span class='ocrx_word' id='word_1_390' title='bbox 1226 4423 1343 4473; x_wconf 80' lang='lat'>358.</span> <span class='ocrx_word' id='word_1_391' title='bbox 1382 4424 1457 4475; x_wconf 88' lang='lat' dir='ltr'>ed.</span> <span class='ocrx_word' id='word_1_392' title='bbox 1493 4426 1625 4490; x_wconf 89' lang='lat' dir='ltr'>Lips.</span> <span class='ocrx_word' id='word_1_393' title='bbox 1697 4428 1789 4491; x_wconf 79' lang='lat' dir='ltr'>Ly-</span> 
     </span>
     <span class='ocr_line' id='line_1_57' title="bbox 656 4487 1388 4550; baseline 0.007 -13"><span class='ocrx_word' id='word_1_394' title='bbox 656 4487 749 4538; x_wconf 84' lang='lat' dir='ltr'>dus</span> <span class='ocrx_word' id='word_1_395' title='bbox 786 4488 853 4537; x_wconf 90' lang='lat' dir='ltr'>De</span> <span class='ocrx_word' id='word_1_396' title='bbox 888 4488 1149 4540; x_wconf 85' lang='lat' dir='ltr'>Iurament.</span> <span class='ocrx_word' id='word_1_397' title='bbox 1188 4491 1271 4550; x_wconf 85' lang='grc' dir='ltr'>ΙΙΙ,</span> <span class='ocrx_word' id='word_1_398' title='bbox 1308 4491 1388 4542; x_wconf 86' lang='grc'>23.</span> 
     </span>
    </p>

    <p class='ocr_par' dir='ltr' id='par_1_8' title="bbox 659 4551 1790 4691">
     <span class='ocr_line' id='line_1_58' title="bbox 726 4551 1789 4626; baseline 0.008 -23"><span class='ocrx_word' id='word_1_399' title='bbox 726 4568 772 4604; x_wconf 88' lang='grc' dir='ltr'>ο.</span> <span class='ocrx_word' id='word_1_400' title='bbox 831 4551 974 4621; x_wconf 89' lang='lat' dir='ltr'>olim]</span> <span class='ocrx_word' id='word_1_401' title='bbox 1012 4558 1056 4606; x_wconf 91' lang='lat' dir='ltr'>h.</span> <span class='ocrx_word' id='word_1_402' title='bbox 1081 4573 1122 4606; x_wconf 91' lang='lat' dir='ltr'>e.</span> <span class='ocrx_word' id='word_1_403' title='bbox 1160 4560 1316 4621; x_wconf 80' lang='lat' dir='ltr'>vulgo.</span> <span class='ocrx_word' id='word_1_404' title='bbox 1389 4561 1462 4611; x_wconf 78' lang='lat' dir='ltr'>Cf.</span> <span class='ocrx_word' id='word_1_405' title='bbox 1500 4561 1789 4626; x_wconf 82' lang='lat' dir='ltr'>interpretes</span> 
     </span>
     <span class='ocr_line' id='line_1_59' title="bbox 659 4622 1790 4691; baseline 0.007 -19"><span class='ocrx_word' id='word_1_406' title='bbox 659 4622 719 4674; x_wconf 82' lang='lat' dir='ltr'>ad</span> <span class='ocrx_word' id='word_1_407' title='bbox 772 4623 943 4691; x_wconf 81' lang='lat' dir='ltr'>Vergil.</span> <span class='ocrx_word' id='word_1_408' title='bbox 979 4629 1093 4677; x_wconf 81' lang='lat' dir='ltr'>Aen.</span> <span class='ocrx_word' id='word_1_409' title='bbox 1133 4626 1183 4689; x_wconf 85' lang='lat' dir='ltr'>V,</span> <span class='ocrx_word' id='word_1_410' title='bbox 1224 4626 1338 4680; x_wconf 82' lang='lat'>125.</span> <span class='ocrx_word' id='word_1_411' title='bbox 1426 4630 1677 4681; x_wconf 78' lang='lat' dir='ltr'>Heindorf.</span> <span class='ocrx_word' id='word_1_412' title='bbox 1728 4630 1790 4680; x_wconf 89' lang='lat' dir='ltr'>ad</span> 
     </span>
    </p>
   </div>
   <div class='ocr_carea' id='block_1_8' title="bbox 1901 2057 3031 2518">
    <p class='ocr_par' dir='ltr' id='par_1_9' title="bbox 1901 2057 3031 2518">
     <span class='ocr_line' id='line_1_60' title="bbox 1968 2057 3029 2125; baseline 0 -15"><span class='ocrx_word' id='word_1_413' title='bbox 1968 2077 2015 2125; x_wconf 90' lang='lat' dir='ltr'>p.</span> <span class='ocrx_word' id='word_1_414' title='bbox 2067 2061 2392 2110; x_wconf 85' lang='lat' dir='ltr'>testimoninm</span> <span class='ocrx_word' id='word_1_415' title='bbox 2430 2060 2616 2110; x_wconf 79' lang='lat' dir='ltr'>Socrati</span> <span class='ocrx_word' id='word_1_416' title='bbox 2654 2057 2900 2121; x_wconf 71' lang='lat' dir='ltr'>reddidit]</span> <span class='ocrx_word' id='word_1_417' title='bbox 2956 2062 3029 2111; x_wconf 77' lang='lat' dir='ltr'>Cl&#39;.</span> 
     </span>
     <span class='ocr_line' id='line_1_61' title="bbox 1901 2127 3029 2191; baseline 0 -14"><span class='ocrx_word' id='word_1_418' title='bbox 1901 2129 2036 2191; x_wconf 88' lang='lat' dir='ltr'>Diog.</span> <span class='ocrx_word' id='word_1_419' title='bbox 2075 2130 2229 2177; x_wconf 73' lang='lat' dir='ltr'>Laert.</span> <span class='ocrx_word' id='word_1_420' title='bbox 2269 2128 2328 2187; x_wconf 85' lang='lat' dir='ltr'>ll,</span> <span class='ocrx_word' id='word_1_421' title='bbox 2353 2129 2402 2186; x_wconf 87' lang='lat'>5,</span> <span class='ocrx_word' id='word_1_422' title='bbox 2417 2127 2498 2177; x_wconf 80' lang='lat'>23.</span> <span class='ocrx_word' id='word_1_423' title='bbox 2536 2127 2739 2188; x_wconf 79' lang='lat' dir='ltr'>vl‚1,4.</span> <span class='ocrx_word' id='word_1_424' title='bbox 2775 2138 2821 2177; x_wconf 90' lang='lat' dir='ltr'>et</span> <span class='ocrx_word' id='word_1_425' title='bbox 2845 2128 3029 2190; x_wconf 61' lang='grc' dir='ltr'>Μαίης.</span> 
     </span>
     <span class='ocr_line' id='line_1_62' title="bbox 1901 2195 3030 2259; baseline 0 -13"><span class='ocrx_word' id='word_1_426' title='bbox 1901 2197 1963 2246; x_wconf 89' lang='lat' dir='ltr'>ad</span> <span class='ocrx_word' id='word_1_427' title='bbox 1998 2196 2215 2246; x_wconf 88' lang='lat' dir='ltr'>eiusdem</span> <span class='ocrx_word' id='word_1_428' title='bbox 2252 2195 2313 2254; x_wconf 86' lang='lat' dir='ltr'>ll,</span> <span class='ocrx_word' id='word_1_429' title='bbox 2349 2196 2417 2256; x_wconf 83' lang='grc'>4.,</span> <span class='ocrx_word' id='word_1_430' title='bbox 2469 2196 2552 2259; x_wconf 82' lang='lat' dir='ltr'>qui</span> <span class='ocrx_word' id='word_1_431' title='bbox 2599 2209 2706 2246; x_wconf 83' lang='lat' dir='ltr'>cam</span> <span class='ocrx_word' id='word_1_432' title='bbox 2743 2196 2807 2245; x_wconf 90' lang='lat' dir='ltr'>ls.</span> <span class='ocrx_word' id='word_1_433' title='bbox 2845 2196 3030 2246; x_wconf 84' lang='lat' dir='ltr'>Casan-</span> 
     </span>
     <span class='ocr_line' id='line_1_63' title="bbox 1902 2263 3030 2326; baseline -0.002 -12"><span class='ocrx_word' id='word_1_434' title='bbox 1902 2265 2033 2314; x_wconf 86' lang='lat' dir='ltr'>bouo</span> <span class='ocrx_word' id='word_1_435' title='bbox 2070 2272 2118 2314; x_wconf 90' lang='lat' dir='ltr'>et</span> <span class='ocrx_word' id='word_1_436' title='bbox 2149 2263 2311 2313; x_wconf 85' lang='lat' dir='ltr'>Desid.</span> <span class='ocrx_word' id='word_1_437' title='bbox 2349 2263 2559 2313; x_wconf 84' lang='lat' dir='ltr'>Heraldo</span> <span class='ocrx_word' id='word_1_438' title='bbox 2598 2278 2780 2313; x_wconf 77' lang='lat' dir='ltr'>oeream</span> <span class='ocrx_word' id='word_1_439' title='bbox 2815 2278 2905 2326; x_wconf 91' lang='lat' dir='ltr'>pro</span> <span class='ocrx_word' id='word_1_440' title='bbox 2943 2280 3030 2313; x_wconf 72' lang='lat' dir='ltr'>ma-</span> 
     </span>
     <span class='ocr_line' id='line_1_64' title="bbox 1901 2330 3031 2395; baseline 0 -15"><span class='ocrx_word' id='word_1_441' title='bbox 1901 2348 2028 2383; x_wconf 78' lang='lat' dir='ltr'>rcum</span> <span class='ocrx_word' id='word_1_442' title='bbox 2074 2332 2167 2381; x_wconf 90' lang='lat' dir='ltr'>hoc</span> <span class='ocrx_word' id='word_1_443' title='bbox 2215 2330 2497 2380; x_wconf 80' lang='lat' dir='ltr'>Tertulliani</span> <span class='ocrx_word' id='word_1_444' title='bbox 2545 2330 2653 2380; x_wconf 88' lang='lat' dir='ltr'>loco</span> <span class='ocrx_word' id='word_1_445' title='bbox 2700 2338 2838 2394; x_wconf 88' lang='lat' dir='ltr'>putat</span> <span class='ocrx_word' id='word_1_446' title='bbox 2884 2345 3031 2395; x_wconf 89' lang='lat' dir='ltr'>repo·</span> 
     </span>
     <span class='ocr_line' id='line_1_65' title="bbox 1903 2398 3030 2449; baseline -0.001 -1"><span class='ocrx_word' id='word_1_447' title='bbox 1903 2399 2130 2449; x_wconf 80' lang='lat' dir='ltr'>neudum.</span> <span class='ocrx_word' id='word_1_448' title='bbox 2215 2398 2531 2449; x_wconf 77' lang='lat' dir='ltr'>Athenienses</span> <span class='ocrx_word' id='word_1_449' title='bbox 2589 2399 2730 2448; x_wconf 89' lang='lat' dir='ltr'>etiam</span> <span class='ocrx_word' id='word_1_450' title='bbox 2796 2399 3030 2449; x_wconf 86' lang='lat' dir='ltr'>sacellum</span> 
     </span>
     <span class='ocr_line' id='line_1_66' title="bbox 1902 2466 3031 2518; baseline -0.001 -2"><span class='ocrx_word' id='word_1_451' title='bbox 1902 2467 2090 2516; x_wconf 84' lang='lat' dir='ltr'>Socrati</span> <span class='ocrx_word' id='word_1_452' title='bbox 2127 2481 2442 2518; x_wconf 79' lang='lat' dir='ltr'>consecrasse</span> <span class='ocrx_word' id='word_1_453' title='bbox 2479 2466 2625 2516; x_wconf 86' lang='lat' dir='ltr'>tradit</span> <span class='ocrx_word' id='word_1_454' title='bbox 2643 2467 2807 2515; x_wconf 71' lang='lat' dir='ltr'>Marin-</span> <span class='ocrx_word' id='word_1_455' title='bbox 2845 2467 2895 2515; x_wconf 82' lang='lat' dir='ltr'>V.</span> <span class='ocrx_word' id='word_1_456' title='bbox 2911 2467 3031 2516; x_wconf 83' lang='lat' dir='ltr'>Pro-</span> 
     </span>
    </p>
   </div>
   <div class='ocr_carea' id='block_1_9' title="bbox 1860 2532 3031 2598">
    <p class='ocr_par' dir='ltr' id='par_1_10' title="bbox 1860 2532 3031 2598">
     <span class='ocr_line' id='line_1_67' title="bbox 1860 2532 3031 2598; baseline -0.001 -13"><span class='ocrx_word' id='word_1_457' title='bbox 1860 2582 1863 2585; x_wconf 80' lang='grc'><strong>.</strong></span> <span class='ocrx_word' id='word_1_458' title='bbox 1901 2533 1963 2584; x_wconf 90' lang='lat' dir='ltr'>cli</span> <span class='ocrx_word' id='word_1_459' title='bbox 2002 2550 2109 2598; x_wconf 89' lang='lat' dir='ltr'>cap.</span> <span class='ocrx_word' id='word_1_460' title='bbox 2149 2535 2227 2586; x_wconf 90' lang='lat'>10.</span> <span class='ocrx_word' id='word_1_461' title='bbox 2264 2549 2311 2598; x_wconf 91' lang='lat' dir='ltr'>p.</span> <span class='ocrx_word' id='word_1_462' title='bbox 2338 2533 2422 2583; x_wconf 87' lang='grc'>22.</span> <span class='ocrx_word' id='word_1_463' title='bbox 2456 2535 2526 2598; x_wconf 90' lang='lat' dir='ltr'>(p.</span> <span class='ocrx_word' id='word_1_464' title='bbox 2561 2533 2611 2584; x_wconf 80' lang='lat'>9.</span> <span class='ocrx_word' id='word_1_465' title='bbox 2647 2532 2891 2594; x_wconf 84' lang='lat' dir='ltr'>Boissou.)</span> <span class='ocrx_word' id='word_1_466' title='bbox 2939 2534 3031 2584; x_wconf 71' lang='lat' dir='ltr'>Fa-</span> 
     </span>
    </p>
   </div>
   <div class='ocr_carea' id='block_1_10' title="bbox 1880 2601 3065 4697">
    <p class='ocr_par' dir='ltr' id='par_1_11' title="bbox 1901 2601 2020 2652">
     <span class='ocr_line' id='line_1_68' title="bbox 1901 2601 2020 2652; baseline 0 -2"><span class='ocrx_word' id='word_1_467' title='bbox 1901 2601 2020 2652; x_wconf 87' lang='lat' dir='ltr'>bric.</span> 
     </span>
    </p>

    <p class='ocr_par' dir='ltr' id='par_1_12' title="bbox 1880 2669 3065 4697">
     <span class='ocr_line' id='line_1_69' title="bbox 1969 2669 3030 2735; baseline 0.001 -17"><span class='ocrx_word' id='word_1_468' title='bbox 1969 2686 2014 2735; x_wconf 88' lang='lat' dir='ltr'>q.</span> <span class='ocrx_word' id='word_1_469' title='bbox 2079 2669 2176 2720; x_wconf 84' lang='lat' dir='ltr'>Sed</span> <span class='ocrx_word' id='word_1_470' title='bbox 2223 2679 2272 2719; x_wconf 91' lang='lat' dir='ltr'>et</span> <span class='ocrx_word' id='word_1_471' title='bbox 2318 2669 2557 2731; x_wconf 83' lang='lat' dir='ltr'>Diogenes</span> <span class='ocrx_word' id='word_1_472' title='bbox 2605 2671 2772 2719; x_wconf 88' lang='lat' dir='ltr'>nescio</span> <span class='ocrx_word' id='word_1_473' title='bbox 2819 2671 2936 2734; x_wconf 84' lang='lat' dir='ltr'>qnid</span> <span class='ocrx_word' id='word_1_474' title='bbox 2982 2670 3030 2719; x_wconf 91' lang='lat' dir='ltr'>in</span> 
     </span>
     <span class='ocr_line' id='line_1_70' title="bbox 1899 2734 3031 2799; baseline 0 -11"><span class='ocrx_word' id='word_1_475' title='bbox 1899 2737 2156 2788; x_wconf 85' lang='lat' dir='ltr'>Herculem</span> <span class='ocrx_word' id='word_1_476' title='bbox 2194 2734 2336 2799; x_wconf 85' lang='lat' dir='ltr'>ludit]</span> <span class='ocrx_word' id='word_1_477' title='bbox 2390 2738 2582 2787; x_wconf 81' lang='lat' dir='ltr'>Dixerat</span> <span class='ocrx_word' id='word_1_478' title='bbox 2615 2738 2760 2788; x_wconf 86' lang='lat' dir='ltr'>modo</span> <span class='ocrx_word' id='word_1_479' title='bbox 2816 2746 2892 2788; x_wconf 82' lang='lat' dir='ltr'>sat</span> <span class='ocrx_word' id='word_1_480' title='bbox 2927 2739 3031 2788; x_wconf 80' lang='lat' dir='ltr'>lore</span> 
     </span>
     <span class='ocr_line' id='line_1_71' title="bbox 1898 2805 3030 2869; baseline 0 -15"><span class='ocrx_word' id='word_1_481' title='bbox 1898 2806 1991 2854; x_wconf 87' lang='lat' dir='ltr'>sibi</span> <span class='ocrx_word' id='word_1_482' title='bbox 2055 2819 2202 2855; x_wconf 89' lang='lat' dir='ltr'>uuum</span> <span class='ocrx_word' id='word_1_483' title='bbox 2258 2806 2335 2854; x_wconf 86' lang='lat' dir='ltr'>hic</span> <span class='ocrx_word' id='word_1_484' title='bbox 2380 2805 2595 2855; x_wconf 86' lang='lat' dir='ltr'>Socratis</span> <span class='ocrx_word' id='word_1_485' title='bbox 2649 2817 2822 2855; x_wconf 88' lang='lat' dir='ltr'>nomen</span> <span class='ocrx_word' id='word_1_486' title='bbox 2887 2814 3030 2869; x_wconf 79' lang='lat' dir='ltr'>atque</span> 
     </span>
     <span class='ocr_line' id='line_1_72' title="bbox 1897 2872 3027 2937; baseline 0.001 -15"><span class='ocrx_word' id='word_1_487' title='bbox 1897 2873 2186 2936; x_wconf 86' lang='lat' dir='ltr'>exemplum.</span> <span class='ocrx_word' id='word_1_488' title='bbox 2242 2873 2340 2922; x_wconf 85' lang='lat' dir='ltr'>lam</span> <span class='ocrx_word' id='word_1_489' title='bbox 2378 2872 2522 2921; x_wconf 83' lang='lat' dir='ltr'>veluti</span> <span class='ocrx_word' id='word_1_490' title='bbox 2556 2873 2736 2922; x_wconf 85' lang='lat' dir='ltr'>oblitus</span> <span class='ocrx_word' id='word_1_491' title='bbox 2770 2874 2875 2923; x_wconf 89' lang='lat' dir='ltr'>eius</span> <span class='ocrx_word' id='word_1_492' title='bbox 2900 2874 3027 2937; x_wconf 85' lang='lat' dir='ltr'>quod</span> 
     </span>
     <span class='ocr_line' id='line_1_73' title="bbox 1900 2938 3026 3004; baseline 0.001 -14"><span class='ocrx_word' id='word_1_493' title='bbox 1900 2941 2100 3001; x_wconf 83' lang='lat' dir='ltr'>dixerat,</span> <span class='ocrx_word' id='word_1_494' title='bbox 2151 2941 2292 2989; x_wconf 85' lang='lat' dir='ltr'>etiam</span> <span class='ocrx_word' id='word_1_495' title='bbox 2330 2938 2558 3001; x_wconf 78' lang='lat' dir='ltr'>Diogenis</span> <span class='ocrx_word' id='word_1_496' title='bbox 2594 2941 2800 3004; x_wconf 88' lang='lat' dir='ltr'>indeque</span> <span class='ocrx_word' id='word_1_497' title='bbox 2828 2942 3026 2991; x_wconf 80' lang='lat' dir='ltr'>Romani</span> 
     </span>
     <span class='ocr_line' id='line_1_74' title="bbox 1900 3008 3028 3071; baseline 0 -13"><span class='ocrx_word' id='word_1_498' title='bbox 1900 3008 2061 3071; x_wconf 75' lang='lat' dir='ltr'>Cynici</span> <span class='ocrx_word' id='word_1_499' title='bbox 2112 3008 2335 3061; x_wconf 78' lang='lat' dir='ltr'>Varronis</span> <span class='ocrx_word' id='word_1_500' title='bbox 2389 3008 2681 3058; x_wconf 87' lang='lat' dir='ltr'>mentionem</span> <span class='ocrx_word' id='word_1_501' title='bbox 2729 3008 2875 3058; x_wconf 88' lang='lat' dir='ltr'>addit.</span> <span class='ocrx_word' id='word_1_502' title='bbox 2961 3009 3028 3058; x_wconf 86' lang='lat' dir='ltr'>De</span> 
     </span>
     <span class='ocr_line' id='line_1_75' title="bbox 1899 3075 3065 3137; baseline 0 -12"><span class='ocrx_word' id='word_1_503' title='bbox 1899 3076 2113 3137; x_wconf 80' lang='lat' dir='ltr'>Diogene</span> <span class='ocrx_word' id='word_1_504' title='bbox 2150 3077 2271 3125; x_wconf 89' lang='lat' dir='ltr'>haec</span> <span class='ocrx_word' id='word_1_505' title='bbox 2305 3076 2545 3125; x_wconf 75' lang='lat' dir='ltr'>adnotavit</span> <span class='ocrx_word' id='word_1_506' title='bbox 2579 3075 3029 3125; x_wconf 82' lang='lat' dir='ltr'>Desid.lleraldus:</span> <span class='ocrx_word' id='word_1_507' title='bbox 3054 3083 3065 3095; x_wconf 94' lang='grc'>·</span> 
     </span>
     <span class='ocr_line' id='line_1_76' title="bbox 1900 3143 3029 3207; baseline 0 -15"><span class='ocrx_word' id='word_1_508' title='bbox 1900 3144 2037 3202; x_wconf 86' lang='lat' dir='ltr'>Quod</span> <span class='ocrx_word' id='word_1_509' title='bbox 2058 3144 2287 3205; x_wconf 73' lang='lat' dir='ltr'>Diayoras</span> <span class='ocrx_word' id='word_1_510' title='bbox 2323 3143 2580 3205; x_wconf 88' lang='lat' dir='ltr'>legendum</span> <span class='ocrx_word' id='word_1_511' title='bbox 2617 3151 2752 3207; x_wconf 82' lang='lat' dir='ltr'>putat</span> <span class='ocrx_word' id='word_1_512' title='bbox 2771 3143 3029 3205; x_wconf 58' lang='lat' dir='ltr'>Herelius,</span> 
     </span>
     <span class='ocr_line' id='line_1_77' title="bbox 1899 3210 3030 3272; baseline 0.001 -13"><span class='ocrx_word' id='word_1_513' title='bbox 1899 3219 1981 3259; x_wconf 90' lang='lat' dir='ltr'>aut</span> <span class='ocrx_word' id='word_1_514' title='bbox 2015 3210 2075 3259; x_wconf 87' lang='lat' dir='ltr'>de</span> <span class='ocrx_word' id='word_1_515' title='bbox 2112 3211 2206 3260; x_wconf 88' lang='lat' dir='ltr'>alio</span> <span class='ocrx_word' id='word_1_516' title='bbox 2245 3210 2458 3272; x_wconf 79' lang='lat' dir='ltr'>Diogene</span> <span class='ocrx_word' id='word_1_517' title='bbox 2506 3211 2666 3259; x_wconf 88' lang='lat' dir='ltr'>locum</span> <span class='ocrx_word' id='word_1_518' title='bbox 2702 3211 2847 3259; x_wconf 86' lang='lat' dir='ltr'>istum</span> <span class='ocrx_word' id='word_1_519' title='bbox 2885 3211 3030 3261; x_wconf 87' lang='lat' dir='ltr'>intel-</span> 
     </span>
     <span class='ocr_line' id='line_1_78' title="bbox 1898 3278 3031 3340; baseline 0.001 -13"><span class='ocrx_word' id='word_1_520' title='bbox 1898 3279 2161 3339; x_wconf 86' lang='lat' dir='ltr'>ligendum,</span> <span class='ocrx_word' id='word_1_521' title='bbox 2223 3294 2312 3327; x_wconf 84' lang='lat' dir='ltr'>nae</span> <span class='ocrx_word' id='word_1_522' title='bbox 2365 3280 2404 3328; x_wconf 87' lang='lat' dir='ltr'>is</span> <span class='ocrx_word' id='word_1_523' title='bbox 2453 3279 2643 3340; x_wconf 86' lang='lat' dir='ltr'>egregie</span> <span class='ocrx_word' id='word_1_524' title='bbox 2691 3278 2892 3327; x_wconf 75' lang='lat' dir='ltr'>fallitur.</span> <span class='ocrx_word' id='word_1_525' title='bbox 2973 3279 3031 3329; x_wconf 78' lang='lat' dir='ltr'>Et</span> 
     </span>
     <span class='ocr_line' id='line_1_79' title="bbox 1896 3344 3026 3409; baseline 0.001 -15"><span class='ocrx_word' id='word_1_526' title='bbox 1896 3344 2137 3407; x_wconf 86' lang='lat' dir='ltr'>Diogenes</span> <span class='ocrx_word' id='word_1_527' title='bbox 2174 3354 2221 3395; x_wconf 89' lang='lat' dir='ltr'>et</span> <span class='ocrx_word' id='word_1_528' title='bbox 2257 3345 2484 3407; x_wconf 82' lang='lat' dir='ltr'>Diogenis</span> <span class='ocrx_word' id='word_1_529' title='bbox 2519 3346 2744 3409; x_wconf 87' lang='lat' dir='ltr'>discipuli</span> <span class='ocrx_word' id='word_1_530' title='bbox 2780 3361 2836 3394; x_wconf 88' lang='lat' dir='ltr'>ac</span> <span class='ocrx_word' id='word_1_531' title='bbox 2867 3346 3026 3409; x_wconf 70' lang='lat' dir='ltr'>Cynici</span> 
     </span>
     <span class='ocr_line' id='line_1_80' title="bbox 1897 3413 3028 3477; baseline 0 -15"><span class='ocrx_word' id='word_1_532' title='bbox 1897 3428 2069 3463; x_wconf 89' lang='lat' dir='ltr'>omnes</span> <span class='ocrx_word' id='word_1_533' title='bbox 2117 3414 2282 3463; x_wconf 89' lang='lat' dir='ltr'>nescio</span> <span class='ocrx_word' id='word_1_534' title='bbox 2332 3414 2446 3477; x_wconf 87' lang='lat' dir='ltr'>qnid</span> <span class='ocrx_word' id='word_1_535' title='bbox 2495 3414 2544 3463; x_wconf 90' lang='lat' dir='ltr'>in</span> <span class='ocrx_word' id='word_1_536' title='bbox 2582 3413 2833 3463; x_wconf 77' lang='lat' dir='ltr'>Herculem</span> <span class='ocrx_word' id='word_1_537' title='bbox 2889 3413 3028 3463; x_wconf 89' lang='lat' dir='ltr'>lude-</span> 
     </span>
     <span class='ocr_line' id='line_1_81' title="bbox 1896 3480 3026 3545; baseline 0.002 -16"><span class='ocrx_word' id='word_1_538' title='bbox 1896 3481 2027 3540; x_wconf 81' lang='lat' dir='ltr'>bant,</span> <span class='ocrx_word' id='word_1_539' title='bbox 2066 3496 2207 3544; x_wconf 90' lang='lat' dir='ltr'>quem</span> <span class='ocrx_word' id='word_1_540' title='bbox 2245 3483 2382 3545; x_wconf 87' lang='lat' dir='ltr'>quasi</span> <span class='ocrx_word' id='word_1_541' title='bbox 2418 3489 2580 3531; x_wconf 89' lang='lat' dir='ltr'>sectae</span> <span class='ocrx_word' id='word_1_542' title='bbox 2615 3496 2734 3530; x_wconf 86' lang='lat' dir='ltr'>suae</span> <span class='ocrx_word' id='word_1_543' title='bbox 2759 3480 3026 3544; x_wconf 84' lang='lat' dir='ltr'>principem</span> 
     </span>
     <span class='ocr_line' id='line_1_82' title="bbox 1893 3547 3027 3613; baseline -0.001 -16"><span class='ocrx_word' id='word_1_544' title='bbox 1893 3549 2255 3613; x_wconf 77' lang='lat' dir='ltr'>praedicabant,</span> <span class='ocrx_word' id='word_1_545' title='bbox 2304 3564 2455 3612; x_wconf 85' lang='lat' dir='ltr'>seque</span> <span class='ocrx_word' id='word_1_546' title='bbox 2492 3562 2599 3598; x_wconf 85' lang='lat' dir='ltr'>cum</span> <span class='ocrx_word' id='word_1_547' title='bbox 2642 3548 2811 3598; x_wconf 87' lang='lat' dir='ltr'>baculo</span> <span class='ocrx_word' id='word_1_548' title='bbox 2848 3547 3027 3611; x_wconf 85' lang='lat' dir='ltr'>ubique</span> 
     </span>
     <span class='ocr_line' id='line_1_83' title="bbox 1895 3615 3026 3681; baseline -0.002 -15"><span class='ocrx_word' id='word_1_549' title='bbox 1895 3624 2131 3666; x_wconf 85' lang='lat' dir='ltr'>terrarum</span> <span class='ocrx_word' id='word_1_550' title='bbox 2169 3616 2272 3665; x_wconf 84' lang='lat' dir='ltr'>eius</span> <span class='ocrx_word' id='word_1_551' title='bbox 2308 3615 2528 3681; x_wconf 86' lang='lat' dir='ltr'>exemplo</span> <span class='ocrx_word' id='word_1_552' title='bbox 2567 3617 2796 3665; x_wconf 85' lang='lat' dir='ltr'>oberrare</span> <span class='ocrx_word' id='word_1_553' title='bbox 2839 3616 2902 3664; x_wconf 84' lang='lat' dir='ltr'>ad</span> <span class='ocrx_word' id='word_1_554' title='bbox 2937 3616 3026 3665; x_wconf 87' lang='lat' dir='ltr'>do·-</span> 
     </span>
     <span class='ocr_line' id='line_1_84' title="bbox 1897 3683 3027 3745; baseline 0 -14"><span class='ocrx_word' id='word_1_555' title='bbox 1897 3683 2068 3732; x_wconf 83' lang='lat' dir='ltr'>manda</span> <span class='ocrx_word' id='word_1_556' title='bbox 2118 3692 2165 3733; x_wconf 88' lang='lat' dir='ltr'>et</span> <span class='ocrx_word' id='word_1_557' title='bbox 2212 3683 2475 3745; x_wconf 85' lang='lat' dir='ltr'>subigenda</span> <span class='ocrx_word' id='word_1_558' title='bbox 2525 3684 2747 3734; x_wconf 86' lang='lat' dir='ltr'>vitiorum</span> <span class='ocrx_word' id='word_1_559' title='bbox 2794 3691 3027 3733; x_wconf 83' lang='lat' dir='ltr'>monstra.</span> 
     </span>
     <span class='ocr_line' id='line_1_85' title="bbox 1896 3751 3024 3814; baseline 0 -15"><span class='ocrx_word' id='word_1_560' title='bbox 1896 3751 2035 3809; x_wconf 88' lang='lat' dir='ltr'>Quod</span> <span class='ocrx_word' id='word_1_561' title='bbox 2073 3765 2181 3801; x_wconf 87' lang='lat' dir='ltr'>cnm</span> <span class='ocrx_word' id='word_1_562' title='bbox 2218 3752 2447 3814; x_wconf 77' lang='lat' dir='ltr'>Apuleius</span> <span class='ocrx_word' id='word_1_563' title='bbox 2494 3760 2541 3800; x_wconf 88' lang='lat' dir='ltr'>et</span> <span class='ocrx_word' id='word_1_564' title='bbox 2587 3751 2668 3800; x_wconf 87' lang='lat' dir='ltr'>alii</span> <span class='ocrx_word' id='word_1_565' title='bbox 2716 3751 2892 3800; x_wconf 84' lang='lat' dir='ltr'>docent</span> <span class='ocrx_word' id='word_1_566' title='bbox 2926 3759 3024 3799; x_wconf 86' lang='lat' dir='ltr'>tntu</span> 
     </span>
     <span class='ocr_line' id='line_1_86' title="bbox 1893 3808 3027 3868; baseline -0.004 -2"><span class='ocrx_word' id='word_1_567' title='bbox 1893 3818 2134 3868; x_wconf 78' lang='lat' dir='ltr'>Lucienus</span> <span class='ocrx_word' id='word_1_568' title='bbox 2172 3820 2386 3868; x_wconf 88' lang='lat' dir='ltr'>omnium</span> <span class='ocrx_word' id='word_1_569' title='bbox 2425 3819 2746 3868; x_wconf 84' lang='lat' dir='ltr'>disertissime</span> <span class='ocrx_word' id='word_1_570' title='bbox 2793 3818 2840 3867; x_wconf 90' lang='lat' dir='ltr'>iu</span> <span class='ocrx_word' id='word_1_571' title='bbox 2876 3808 3027 3864; x_wconf 77' lang='grc' dir='ltr'>Βίων</span> 
     </span>
     <span class='ocr_line' id='line_1_87' title="bbox 1894 3879 3026 3953; baseline 0.001 -20"><span class='ocrx_word' id='word_1_572' title='bbox 1894 3879 2121 3953; x_wconf 80' lang='grc' dir='ltr'><strong>Πράσει.</strong></span> <span class='ocrx_word' id='word_1_573' title='bbox 2200 3887 2266 3935; x_wconf 78' lang='lat' dir='ltr'>lbi</span> <span class='ocrx_word' id='word_1_574' title='bbox 2305 3894 2497 3950; x_wconf 86' lang='lat' dir='ltr'>emptor</span> <span class='ocrx_word' id='word_1_575' title='bbox 2515 3885 2776 3946; x_wconf 83' lang='lat' dir='ltr'>Diogenem</span> <span class='ocrx_word' id='word_1_576' title='bbox 2815 3885 3026 3935; x_wconf 88' lang='lat' dir='ltr'>interro-</span> 
     </span>
     <span class='ocr_line' id='line_1_88' title="bbox 1895 3948 3028 4016; baseline 0 -13"><span class='ocrx_word' id='word_1_577' title='bbox 1895 3964 2001 4015; x_wconf 84' lang='lat' dir='ltr'>gat:</span> <span class='ocrx_word' id='word_1_578' title='bbox 2057 3948 2291 4013; x_wconf 72' lang='grc' dir='ltr'>..ζηλοῖς</span> <span class='ocrx_word' id='word_1_579' title='bbox 2336 3948 2397 4002; x_wconf 73' lang='grc' dir='ltr'>δὲ</span> <span class='ocrx_word' id='word_1_580' title='bbox 2445 3948 2659 4012; x_wconf 77' lang='grc' dir='ltr'>τίνα,·“</span> <span class='ocrx_word' id='word_1_581' title='bbox 2748 3953 3028 4016; x_wconf 80' lang='lat' dir='ltr'>Respondet</span> 
     </span>
     <span class='ocr_line' id='line_1_89' title="bbox 1893 4013 3026 4089; baseline 0 -19"><span class='ocrx_word' id='word_1_582' title='bbox 1893 4020 2134 4082; x_wconf 87' lang='lat' dir='ltr'>Diogenes</span> <span class='ocrx_word' id='word_1_583' title='bbox 2185 4013 2556 4089; x_wconf 47' lang='lat' dir='ltr'>„Romo-{affl</span> <span class='ocrx_word' id='word_1_584' title='bbox 2637 4021 2758 4069; x_wconf 87' lang='lat' dir='ltr'>Tum</span> <span class='ocrx_word' id='word_1_585' title='bbox 2806 4028 3026 4084; x_wconf 78' lang='lat' dir='ltr'>emptor:</span> 
     </span>
     <span class='ocr_line' id='line_1_90' title="bbox 1893 4074 3026 4152; baseline -0.002 -16"><span class='ocrx_word' id='word_1_586' title='bbox 1893 4084 1951 4136; x_wconf 83' lang='grc' dir='ltr'><strong><em>τί</em></strong></span> <span class='ocrx_word' id='word_1_587' title='bbox 1985 4074 2084 4136; x_wconf 78' lang='grc' dir='ltr'>οὖν</span> <span class='ocrx_word' id='word_1_588' title='bbox 2120 4081 2179 4137; x_wconf 86' lang='lat' dir='ltr'>o&#39;</span> <span class='ocrx_word' id='word_1_589' title='bbox 2224 4082 2242 4135; x_wconf 81' lang='grc' dir='ltr'>ὶ</span> <span class='ocrx_word' id='word_1_590' title='bbox 2275 4083 2370 4137; x_wconf 83' lang='grc' dir='ltr'>καὶ</span> <span class='ocrx_word' id='word_1_591' title='bbox 2402 4086 2628 4147; x_wconf 77' lang='grc' dir='ltr'><strong><em>λεοντῆν</em></strong></span> <span class='ocrx_word' id='word_1_592' title='bbox 2661 4078 2916 4152; x_wconf 64' lang='grc' dir='ltr'><strong><em>ἇμπέχης</em></strong></span> <span class='ocrx_word' id='word_1_593' title='bbox 2962 4081 3026 4135; x_wconf 84' lang='grc' dir='ltr'>τὸ</span> 
     </span>
     <span class='ocr_line' id='line_1_91' title="bbox 1890 4104 3028 4223; baseline -0.002 -18"><span class='ocrx_word' id='word_1_594' title='bbox 1890 4151 1996 4223; x_wconf 81' lang='grc' dir='ltr'>μὲν</span> <span class='ocrx_word' id='word_1_595' title='bbox 2028 4151 2139 4222; x_wconf 77' lang='grc' dir='ltr'>γὰρ</span> <span class='ocrx_word' id='word_1_596' title='bbox 2153 4104 2334 4213; x_wconf 53' lang='lat' dir='ltr'>¹1gilot*</span> <span class='ocrx_word' id='word_1_597' title='bbox 2367 4150 2548 4209; x_wconf 78' lang='grc' dir='ltr'>ἔοικας·</span> <span class='ocrx_word' id='word_1_598' title='bbox 2582 4146 2798 4220; x_wconf 67' lang='grc' dir='ltr'><strong>αὗτῷ.“</strong></span> <span class='ocrx_word' id='word_1_599' title='bbox 2852 4156 3028 4217; x_wconf 77' lang='lat' dir='ltr'>Dioge-</span> 
     </span>
     <span class='ocr_line' id='line_1_92' title="bbox 1893 4217 3023 4290; baseline -0.002 -17"><span class='ocrx_word' id='word_1_600' title='bbox 1893 4238 2012 4274; x_wconf 88' lang='lat' dir='ltr'>nes:</span> <span class='ocrx_word' id='word_1_601' title='bbox 2048 4220 2253 4281; x_wconf 83' lang='grc' dir='ltr'>,,τουτι’</span> <span class='ocrx_word' id='word_1_602' title='bbox 2281 4237 2382 4290; x_wconf 83' lang='grc' dir='ltr'>μοι</span> <span class='ocrx_word' id='word_1_603' title='bbox 2406 4221 2597 4282; x_wconf 79' lang='grc' dir='ltr'><strong><em>λεοντῆ</em></strong></span> <span class='ocrx_word' id='word_1_604' title='bbox 2615 4217 2679 4270; x_wconf 84' lang='grc' dir='ltr'>τὸ</span> <span class='ocrx_word' id='word_1_605' title='bbox 2701 4220 3023 4289; x_wconf 73' lang='grc' dir='ltr'>τριβώνιον·</span> 
     </span>
     <span class='ocr_line' id='line_1_93' title="bbox 1894 4282 3028 4360; baseline -0.003 -21"><span class='ocrx_word' id='word_1_606' title='bbox 1894 4285 2268 4360; x_wconf 77' lang='grc' dir='ltr'><strong><em>στρατεύομαι</em></strong></span> <span class='ocrx_word' id='word_1_607' title='bbox 2299 4287 2380 4347; x_wconf 75' lang='grc' dir='ltr'>δὲ,</span> <span class='ocrx_word' id='word_1_608' title='bbox 2434 4284 2617 4357; x_wconf 75' lang='grc' dir='ltr'><strong><em>ὥσπερ</em></strong></span> <span class='ocrx_word' id='word_1_609' title='bbox 2667 4282 2888 4346; x_wconf 73' lang='grc' dir='ltr'>ἐκεῖνος,</span> <span class='ocrx_word' id='word_1_610' title='bbox 2938 4282 3028 4339; x_wconf 71' lang='grc' dir='ltr'>ἐπὶ</span> 
     </span>
     <span class='ocr_line' id='line_1_94' title="bbox 1892 4350 3028 4420; baseline -0.002 -13"><span class='ocrx_word' id='word_1_611' title='bbox 1892 4353 1992 4413; x_wconf 78' lang='grc' dir='ltr'>τὰς</span> <span class='ocrx_word' id='word_1_612' title='bbox 2026 4353 2244 4420; x_wconf 74' lang='grc' dir='ltr'>ἡδονὰς,</span> <span class='ocrx_word' id='word_1_613' title='bbox 2286 4352 2349 4411; x_wconf 79' lang='grc' dir='ltr'>οὗ</span> <span class='ocrx_word' id='word_1_614' title='bbox 2383 4352 2681 4413; x_wconf 74' lang='grc' dir='ltr'><strong><em>κελευστὸς,</em></strong></span> <span class='ocrx_word' id='word_1_615' title='bbox 2721 4350 2853 4406; x_wconf 77' lang='grc' dir='ltr'>ἀλλὰ</span> <span class='ocrx_word' id='word_1_616' title='bbox 2881 4350 3028 4407; x_wconf 71' lang='grc' dir='ltr'><strong>ἑκού-</strong></span> 
     </span>
     <span class='ocr_line' id='line_1_95' title="bbox 1893 4416 3027 4503; baseline -0.003 -28"><span class='ocrx_word' id='word_1_617' title='bbox 1893 4438 2030 4483; x_wconf 70' lang='grc' dir='ltr'><strong><em>σιος,</em></strong></span> <span class='ocrx_word' id='word_1_618' title='bbox 2090 4418 2396 4495; x_wconf 67' lang='grc' dir='ltr'>ἐκκαθάρατε,</span> <span class='ocrx_word' id='word_1_619' title='bbox 2438 4422 2541 4476; x_wconf 80' lang='grc' dir='ltr'>τὸν</span> <span class='ocrx_word' id='word_1_620' title='bbox 2572 4421 2698 4489; x_wconf 81' lang='grc' dir='ltr'>βίον</span> <span class='ocrx_word' id='word_1_621' title='bbox 2729 4416 3027 4503; x_wconf 50' lang='lat' dir='ltr'>apompeii-</span> 
     </span>
     <span class='ocr_line' id='line_1_96' title="bbox 1889 4494 3027 4560; baseline -0.002 -16"><span class='ocrx_word' id='word_1_622' title='bbox 1889 4500 2122 4560; x_wconf 72' lang='grc' dir='ltr'>μενος.“</span> <span class='ocrx_word' id='word_1_623' title='bbox 2189 4496 2248 4544; x_wconf 87' lang='lat' dir='ltr'>Et</span> <span class='ocrx_word' id='word_1_624' title='bbox 2284 4497 2330 4545; x_wconf 90' lang='lat' dir='ltr'>in</span> <span class='ocrx_word' id='word_1_625' title='bbox 2367 4496 2583 4560; x_wconf 85' lang='lat' dir='ltr'>Lapithis</span> <span class='ocrx_word' id='word_1_626' title='bbox 2620 4494 2825 4557; x_wconf 79' lang='lat' dir='ltr'>Cynicus</span> <span class='ocrx_word' id='word_1_627' title='bbox 2861 4506 3027 4544; x_wconf 81' lang='lat' dir='ltr'>nescio</span> 
     </span>
     <span class='ocr_line' id='line_1_97' title="bbox 1892 4551 3028 4627; baseline -0.003 -16"><span class='ocrx_word' id='word_1_628' title='bbox 1892 4564 2000 4625; x_wconf 86' lang='lat' dir='ltr'>quis</span> <span class='ocrx_word' id='word_1_629' title='bbox 2027 4563 2279 4613; x_wconf 82' lang='lat' dir='ltr'>Herculem</span> <span class='ocrx_word' id='word_1_630' title='bbox 2318 4572 2479 4614; x_wconf 86' lang='lat' dir='ltr'>sectae</span> <span class='ocrx_word' id='word_1_631' title='bbox 2516 4577 2632 4613; x_wconf 86' lang='lat' dir='ltr'>suae</span> <span class='ocrx_word' id='word_1_632' title='bbox 2665 4556 2804 4611; x_wconf 72' lang='grc' dir='ltr'>θεὸν</span> <span class='ocrx_word' id='word_1_633' title='bbox 2818 4554 2912 4609; x_wconf 70' lang='grc' dir='ltr'>καὶ</span> <span class='ocrx_word' id='word_1_634' title='bbox 2933 4551 3028 4627; x_wconf 71' lang='grc' dir='ltr'>ἆρ-</span> 
     </span>
     <span class='ocr_line' id='line_1_98' title="bbox 1880 4626 3026 4697; baseline 0 -16"><span class='ocrx_word' id='word_1_635' title='bbox 1880 4626 2127 4696; x_wconf 79' lang='grc' dir='ltr'><em>χηγέτην</em></span> <span class='ocrx_word' id='word_1_636' title='bbox 2174 4632 2354 4682; x_wconf 86' lang='lat' dir='ltr'>diserte</span> <span class='ocrx_word' id='word_1_637' title='bbox 2407 4633 2679 4697; x_wconf 80' lang='lat' dir='ltr'>profitetur.</span> <span class='ocrx_word' id='word_1_638' title='bbox 2759 4630 2846 4680; x_wconf 85' lang='lat' dir='ltr'>His</span> <span class='ocrx_word' id='word_1_639' title='bbox 2890 4633 3026 4681; x_wconf 75' lang='lat' dir='ltr'>testi-</span> 
     </span>
    </p>
   </div>
  </div>
 </body>
</html>
