3263 5311
1325 1098 1454 1162 DE

477 1291 2308 1410 PUDICITIA.

1625 1737 1654 1760 s

383 1752 721 1857 Pudicitia,
764 1783 880 1846 fles
924 1801 1162 1847 morum
1182 1830 1199 1858 ‚
1243 1786 1443 1848 bonor
1484 1803 1841 1865 corporum,
1896 1787 2080 1850 decor
2120 1804 2401 1860 sexuum,
2459 1786 2555 1850 in-
2593 1809 2702 1867 cap.
2714 1808 2750 1854 1.

195 1885 450 1966 tegritas
495 1883 835 1962 sanguinis,
880 1883 1031 1948 fides
1073 1885 1346 1965 generis,
1402 1887 1854 1952 fundamentum
1894 1886 2257 1962 sanctitatis,
2312 1887 2557 1967 praeiu-

85 2011 112 2038 ·
192 1985 420 2052 dicium
466 1985 696 2048 *omnis
738 1984 936 2048 bonae
989 1986 1239 2062 mentis,
1312 2006 1666 2068 quamquam
1720 2005 1855 2050 rara
1908 2006 2023 2051 nec
2073 1988 2243 2052 facile
2298 1989 2562 2069 perfecta

194 2087 413 2167 vixque
455 2094 773 2166 poepctua,
821 2098 1019 2152 tamen
1062 2087 1433 2170 aliquatenus
1474 2089 1537 2150 in
1568 2089 1809 2152 saeculo
1838 2090 2226 2164 morabitur·,
2270 2089 2324 2151 si
2351 2097 2561 2158 natura

192 2187 658 2271 praestruxerit,
732 2187 786 2250 si
849 2187 1162 2268 disciplina
1221 2189 1624 2268 persuaserit,
1690 2190 1742 2252 si
1796 2208 2050 2253 censura
2110 2191 2555 2279 compresserit,

193 2290 497 2370 siquidem
541 2306 718 2352 omne
762 2288 944 2352 animi
985 2288 1212 2352 bonum
1253 2299 1357 2352 aut
1395 2290 1661 2353 nascitur
1702 2299 1807 2353 aut.
1846 2290 2116 2353 eruditur
2154 2298 2262 2352 aut
2303 2291 2555 2370 cogitur.

195 2390 323 2453 Sed
368 2398 433 2452 ut
476 2389 627 2452 mala
667 2390 855 2469 magis
899 2390 1171 2464 vincunt,
1239 2392 1401 2473 quod
1452 2392 1797 2454 ultimorum
1850 2401 2187 2471 temporum
2241 2390 2396 2453 ratio
2441 2396 2554 2464 est,

192 2491 355 2556 bona
399 2491 519 2554 iam
560 2511 673 2554 nec
713 2490 878 2553 nasci
919 2489 1088 2567 licet,
1153 2492 1236 2554 ita
1293 2500 1574 2573 corrupta
1629 2502 1774 2555 sunt
1826 2491 2088 2567 semina,
2154 2510 2267 2555 nec
2309 2490 2555 2568 erudiri,

190 2594 274 2659 ita
319 2595 559 2658 deserta
603 2600 744 2654 sunt
786 2593 1018 2669 studia,
1062 2611 1177 2655 nec
1219 2595 1384 2675 cogi,
1430 2594 1512 2655 ita
1556 2603 1852 2658 exarmata
1896 2601 2039 2657 suut
2066 2594 2214 2657 iura.
2286 2591 2555 2673 Denique

193 2696 268 2760 de
313 2716 433 2778 qua
476 2695 824 2775 incipimus,
891 2714 965 2757 eo
1022 2714 1215 2776 usque
1256 2697 1375 2759 iam
1419 2695 1701 2772 exolevit,
1767 2706 1836 2760 ut
1888 2715 2015 2758 non
2054 2695 2375 2768 'eiuratio,
2442 2692 2555 2755 sed

189 2796 533 2861 moderatio
575 2797 886 2861 libidinum
927 2795 1209 2877 pudicitia
1244 2797 1548 2872 credatur,
1592 2798 1768 2879 isque
1809 2797 1957 2861 satis
2000 2803 2201 2859 castus
2243 2795 2554 2870 habeatur,

192 2899 294 2979 qui
338 2898 501 2960 ³non
543 2897 724 2959 nimis
769 2906 970 2960 castus
1013 2897 1251 2959 rueritb.
1359 2897 1476 2959 Sed
1535 2898 1751 2960 viderit
1806 2897 2025 2961 saeculi
2080 2895 2361 2976 pudicitia
2418 2913 2554 2958 cum

191 2999 439 3063 saeculo
482 2999 651 3079 ipso,
719 3017 851 3061 cum
895 3011 1006 3060 suo
1050 2998 1290 3079 ingenio
1337 2998 1390 3060 si
1433 2998 1821 3073 nascebatur,
1896 3017 2031 3061 cum
2085 3016 2200 3059 suo
2254 2996 2452 3058 studio
2494 2994 2554 3058 si

191 3100 609 3173 erudiebatur,
681 3118 817 3162 cum
869 3119 981 3162 suo
1034 3100 1280 3162 servitio
1334 3098 1388 3162 si
1444 3100 1800 3181 cogebatur3
1869 3098 1988 3161 nisi
2045 3097 2207 3179 quod
2260 3096 2555 3159 infelicior

190 3202 409 3276 etiam,
485 3201 537 3263 si
597 3201 871 3263 stetisset
925 3208 993 3262 ut
1045 3201 1414 3264 infructuosa
1470 3221 1621 3282 quae
1674 3219 1801 3263 non
1857 3200 2015 3281 apud
2071 3198 2249 3261 deum
2303 3197 2549 3278 egisset.

187 3301 429 3367 ‘'Malim
470 3302 697 3364 nullum
751 3301 978 3364 bonnm
1034 3321 1208 3382 quam
1265 3320 1500 3364 vanum.
1610 3302 1802 3376 ⁵Quid
1859 3301 2114 3382 prodest
2167 3318 2304 3362 esse
2357 3296 2553 3377 ‘quod

186 3422 330 3468 esse
398 3420 524 3465 non
585 3402 881 3485 prodest?
989 3401 1346 3466 Nostrorum
1403 3403 1705 3466 bonorum
1770 3410 1962 3465 status
2023 3402 2140 3464 iam
2205 3399 2548 3479 ''mergitur,

186 3503 568 3568 Christianae
607 3503 925 3584 pudicitiae
966 3505 1120 3567 ratio
1165 3504 1529 3578 concutitur,
1586 3522 1738 3584 quae
1782 3504 1981 3566 omnia
2025 3503 2101 3564 de
2142 3501 2305 3565 caelo
2348 3500 2550 3574 trahit,

187 3614 249 3669 et
292 3613 571 3668 naturam
613 3624 723 3685 per
764 3606 1058 3667 lavacrum
1100 3605 1604 3685 regenerationiS,
1652 3613 1712 3667 et
1754 3603 2127 3685 disciplinam
2169 3622 2279 3684 per
2313 3603 2547 3665 instru-

182 3715 462 3770 mentum
504 3705 993 3787 praedicationis,
1061 3714 1122 3770 et
1164 3724 1477 3770 censuram
1535 3725 1646 3787 per
1688 3706 1901 3767 iudicia
1946 3723 2019 3767 ex
2060 3713 2319 3784 utroque
2358 3710 2549 3765 testa-

181 3818 430 3880 mento,
504 3807 603 3869 ¹'et
655 3816 855 3870 coacta
914 3808 1283 3871 constantius
1340 3827 1413 3869 ex
1465 3814 1629 3870 metu
1687 3813 1749 3867 et
1800 3814 1938 3867 voto
1995 3805 2221 3867 aeterni
2276 3802 2431 3882 ignis
2489 3806 2552 3862 et

326 3961 447 4024 Cap.
483 3959 521 4010 l.
595 3959 641 4009 1.
679 3960 904 4010 omnibus
938 3960 987 4010 A.
1072 3959 1120 4010 2.
1157 3960 1361 4010 eiuratio
1379 3960 1518 4020 D.,P.
1536 3959 1826 4019 ciacconius,
1848 3956 2208 4007 Fulmllrsinus.
2275 3955 2318 4003 ei
2356 3952 2546 4005 ratioA.

185 4029 296 4079 eius
333 4028 462 4078 ratio
496 4028 587 4078 Bc.
689 4027 738 4077 3.
777 4042 875 4077 nou
910 4028 1055 4078 nimis
1091 4034 1254 4078 castus
1292 4028 1358 4088 G„
1395 4028 1656 4078 Han-isius.
1744 4040 1842 4075 non
1881 4025 2040 4074 minus
2076 4029 2238 4074 castus
2270 4021 2360 4073 ΑΒ.
2448 4034 2551 4072 non

177 4097 331 4146 nimis
371 4096 587 4146 incestus
623 4095 753 4146 Fulv.
792 4095 1005 4146 Ursinus.
1085 4097 1247 4145 minus
1281 4101 1444 4144 castus
1478 4096 1535 4145 D.
1616 4109 1643 4143 a
1681 4092 1898 4143 nouariis
1933 4099 2097 4141 castus
2132 4091 2211 4141 Fr.
2237 4090 2415 4140 Iunius.
2495 4087 2548 4140 4.

175 4162 350 4212 Nolim
399 4162 587 4213 nullum
622 4163 695 4223 11„
744 4163 874 4214 Μ.
914 4163 1123 4214 Um'wm.
1219 4162 1344 4212 Malo
1398 4162 1585 4213 nullum
1622 4162 1711 4212 BC.
1804 4160 1985 4211 malum
2033 4158 2318 4221 nullumque
2351 4157 2404 4207 A.
2496 4154 2549 4207 5.

182 4230 334 4289 Quod
367 4231 419 4281 A.
501 4230 548 4279 6.
587 4230 719 4295 quod
753 4244 864 4282 ease
899 4246 988 4281 οη.
1013 4235 1067 4282 Δ.
1146 4229 1196 4280 7.
1233 4231 1434 4294 exigitur
1467 4231 1688 4292 D.,Fu1v.
1712 4229 1923 4279 Ursinus.
1993 4224 2043 4277 8.
2080 4234 2129 4279 et
2162 4226 2284 4277 delet
2317 4225 2549 4276 Latinius.

253 4363 382 4429 Cap.
417 4364 454 4414 Ι.
503 4379 547 4416 a.
584 4364 892 4429 aliquatenus
916 4365 964 4414 in
984 4364 1182 4415 sacculo
1207 4378 1319 4415 mo·-
1489 4365 1538 4414 b.
1574 4364 1779 4429 quinon
1803 4362 1946 4412 nimis
1972 4369 2135 4413 castus
2160 4353 2349 4425 fuerit]
2381 4355 2547 4408 Fulvio

177 4426 401 4497 rabitur]
455 4432 671 4483 Habebat
722 4432 771 4481 in
818 4439 982 4482 mente
1023 4432 1318 4496 principium
1421 4431 1597 4482 Ursino
1633 4430 1891 4493 legendum
1928 4429 2177 4480 videbatur
2194 4430 2276 4493 qui
2297 4442 2391 4476 non
2407 4426 2548 4475 nimis

176 4501 378 4551 Satine
401 4494 526 4566 [vt]
553 4499 822 4550 luvenalis:
857 4499 1015 4550 Credo
1036 4500 1318 4564 pudicitiam
1418 4500 1642 4550 incestus.
1713 4498 1854 4548 Certe
1890 4496 2159 4561 expeditior
2208 4493 2353 4545 lectio
2388 4492 2551 4541 tuerat

176 4567 402 4619 Saturno
438 4581 553 4630 rege
589 4574 828 4618 moratam
863 4565 919 4617 ln
939 4568 1103 4629 terris,
1136 4567 1316 4617 visam·-
1421 4567 1504 4632 qui
1553 4567 1692 4617 ηἱπιᾰε
1745 4568 1966 4617 incestus.
2017 4561 2231 4626 (Rigalt.)
2311 4559 2549 4623 Suspicor

177 4649 279 4700 quo
316 4635 404 4686 diu
441 4641 554 4686 cett.
587 4632 805 4699 (Rigalt.)
1418 4633 1759 4699 reponendum
1796 4634 1877 4699 qui
1910 4633 2094 4683 nomine
2131 4634 2286 4685 castus
2320 4628 2481 4691 [uerit.
