3263 5311
26 15 217 76 1⁴¹*

1209 435 1411 487 QUINTI
1457 433 1718 478 sermm
1761 432 2089 477 nolimus
2136 399 2526 477 unwanni

697 590 1153 672 perpetuitatem
1197 593 1620 648 transacturos.
1714 581 1886 663 Apud
1929 584 1967 616 ¹¹
1983 602 2091 645 vos
2134 601 2372 663 quoque
2416 582 3043 665 ”Pyriphlegethontis

704 700 765 753 et
806 689 986 770 Elysii
1029 706 1151 750 non
1197 686 1238 720 ¹³
1257 686 1400 752 alias
1445 684 1716 746 condicio
1762 683 2118 763 disponitur.
2183 684 2307 746 Nec
2346 684 2586 764 mythici
2630 704 2698 746 ac
2740 685 2783 716 ²⁴
2795 685 3045 764 poetici·

705 791 821 854 soli
864 790 1001 852 talia
1043 796 1292 860 canunt,
1337 786 1445 848 sed
1490 794 1551 847 et
1578 786 1622 819 ¹⁶
1634 784 1977 866 philosophi
2020 785 2094 847 de
2129 785 2456 848 animarum
2487 784 3047 866 ¹⁴’reciprocatione⁴¹

707 901 768 955 et
809 891 1006 954 iudicii
1050 887 1467 970 distributione
1512 887 1882 948 confirmant.

874 991 1184 1064 ¹Quonam
1227 989 1408 1067 igitur
1448 1005 1673 1066 usque,
1718 987 2126 1067 iniquissimae
2167 988 2471 1061 nationes,
2536 1007 2662 1049 non
2702 988 3049 1068 agnoscitis,

703 1092 885 1155 immo
929 1077 1181 1172 insude
1219 1088 1570 1151 execramini
1613 1096 1882 1163 vestros,
1927 1089 1980 1150 si
2021 1088 2166 1149 nihil
2197 1088 2386 1150 ²inter
2424 1107 2540 1150 nos
2585 1089 2896 1152 diversitas
2941 1091 3048 1150 ha-

700 1192 834 1266 bet,
882 1192 936 1253 si
979 1209 1163 1253 unum
1208 1197 1271 1251 et
1310 1190 1501 1251 eidem
1547 1188 1803 1252 sumus?
1869 1188 2023 1261 Quia
2063 1207 2186 1250 non
2230 1188 2444 1251 odistis
2488 1189 2648 1269 quod
2691 1190 2872 1260 estis,
2922 1189 3050 1251 date

703 1293 940 1355 dextras
986 1292 1216 1371 potius,
1263 1271 1623 1372 compingite
1667 1290 1902 1364 oscula,
1946 1290 2195 1352 miscete
2237 1289 2611 1394 complews,
2657 1290 2887 1353 cruenti
2917 1309 3050 1352 cum

703 1393 997 1466 cruentiS,
1055 1393 1267 1455 incesti
1313 1410 1448 1454 cum
1491 1390 1772 1464 incestis,
1831 1389 2122 1454 coniurati
2166 1409 2300 1453 cum
2343 1389 2665 1452 coniuratis
2686 1437 2702 1465 ,
2770 1390 3049 1453 obstinati

705 1503 768 1558 et
806 1494 937 1555 vani
982 1512 1115 1556 cum
1159 1492 1518 1573 aequalibus
1605 1490 1835 1554 Pariter
1878 1491 2129 1554 deorum
2170 1491 2407 1596 numina
2462 1490 2770 1567 laesimus,
2827 1470 3072 1570 pariter·

705 1594 1176 1675 indignationem
1220 1612 1433 1656 eorum
1476 1611 1890 1674 provocamus.
1989 1591 2232 1654 Habetis
2288 1599 2349 1653 et
2387 1611 2497 1654 vos
2543 1592 2782 1654 tertium
2825 1602 3084 1671 genus&

2518 1692 2669 1755 Illud
2725 1692 2946 1772 aptius,
2981 1693 3052 1754 de

705 424 831 489 346

454 1017 558 1074 Cap.
579 1015 666 1060 XX.

707 1696 822 1758 etsi
864 1713 987 1756 non
1030 1694 1104 1756 de
1146 1694 1322 1755 tertio
1366 1695 1518 1768 ritu,
1586 1701 1846 1755 attamen
1900 1693 1977 1755 de
2031 1694 2209 1756 tertio
2254 1713 2420 1757 sexu.

704 1797 833 1878 viro
879 1803 940 1856 et
980 1795 1196 1857 femina
1239 1794 1380 1855 viris
1427 1803 1487 1856 et
1528 1793 1764 1856 feminis
1821 1793 2083 1856 iunctum
2098 1795 2146 1855 Β.
2243 1795 2362 1857 Aut
2399 1793 2720 1874 'numquid
2761 1793 2898 1872 ipso
2943 1811 3050 1855 vos

706 1895 953 1974 collegio
1000 1892 1402 1957 offendimus?
1477 1893 1644 1956 Solet
1685 1895 2002 1974 aequalitas
2047 1895 2491 1957 aemulationis⁸
2530 1894 2838 1957 materiam
2879 1911 3050 1957 sum*

704 1996 1067 2088 ministrare.
1168 1994 1266 2057 Sic
1318 1995 1529 2074 figulus
1585 1996 1799 2076 figulo,
1876 1995 2041 2059 faber
2093 1996 2259 2059 fabro
2316 1996 2589 2058 invidetfl.
2686 1996 2876 2058 Immo
2936 1996 3050 2057 iam

708 2215 788 2266 11.
823 2229 907 2264 vos
944 2228 1137 2279 quoque
1170 2212 1291 2278 Λφ.
1358 2229 1722 2280 vos..quoqne
1757 2232 1800 2266 a.
1871 2229 1955 2265 vos
1992 2215 2129 2265 locus
2163 2229 2356 2280 quoque
2391 2229 2442 2279 y.
2511 2230 2597 2266 vos
2626 2252 2705 2266 ......
2728 2229 2756 2265 e
2790 2215 2894 2278 Ap.
2967 2231 3050 2267 vos

706 2319 801 2333 ......
830 2296 1021 2346 quoque
1058 2284 1102 2332 b.
1201 2280 1278 2331 12.
1315 2283 1694 2346 pyrissegetontis
1727 2288 1811 2334 Aa.
1905 2282 2140 2333 13.‘alias
2178 2284 2395 2333 condicio
2432 2299 2531 2346 eqo.
2601 2284 2720 2333 alias
2755 2283 2933 2334 indicio
2969 2289 3049 2335 Aa.

705 2350 799 2400 alia
837 2349 1046 2398 conditio
1084 2351 1127 2400 b.
1245 2349 1325 2398 14.
1373 2351 1547 2414 poetici
1598 2353 1641 2401 b.
1681 2351 2003 2414 Gothofredus.
2089 2350 2231 2414 petici
2277 2351 2359 2401 Aa.

710 2416 789 2466 16.
824 2417 1205 2480 reciprocatione
1241 2418 1284 2467 b.
1323 2418 1644 2482 Gothosredus.
1713 2417 1864 2482 recipi
1900 2418 2240 2482 provocatione
2275 2418 2357 2468 Aa.

636 2580 641 2585 ,
842 2515 957 2580 Cap.
994 2516 1089 2567 XX.
1178 2516 1222 2566 1.
1260 2518 1477 2575 Quonam
1515 2520 1560 2569 ὸ.
1599 2519 1919 2582 Gothori-edus.
1993 2518 2228 2576 Quoniam
2263 2520 2344 2568 Aa.

702 2583 938 2648 numquid
971 2583 1109 2647 Λβα.

2484 2350 2564 2401 15.
2618 2350 2908 2415 phylosophi
2945 2351 3048 2414 Ap.

2463 2516 2510 2568 2.
2546 2518 2762 2571 internos
2797 2518 2913 2584 Αφ.
2999 2517 3049 2568 3.

1924 2732 1994 2803 ris
2029 2761 2076 2803 et
2109 2752 2303 2803 seminis
2339 2750 2591 2819 iunctum]
2655 2756 2827 2819 Aptum
2863 2754 3052 2805 scilicet

1924 2822 2177 2884 utriusque
2212 2835 2356 2870 sexus
2402 2821 2604 2871 libidini.
2675 2822 2819 2871 Firm.
2855 2824 3051 2872 Astron.

704 2754 920 2804 cuissent
954 2756 1126 2817 scripta
1160 2768 1247 2803 sua
1281 2755 1476 2817 sponqia
1495 2754 1709 2818 linquere
1744 2756 1826 2805 de-

704 2822 799 2872 lere
834 2822 1050 2870 iussos.“

772 2904 814 2938 c.
850 2883 1051 2953 poetici]
1121 2887 1298 2936 Aruob.
1351 2886 1464 2937 Λᾶν.
1519 2888 1645 2938 Natt.
1692 2888 1742 2948 V,
1797 2889 1820 2937 1

705 2955 876 3017 „Esto,
913 2954 972 3005 ab
1011 2955 1286 3005 ludentibus
1306 2956 1501 3020 poeticis
1538 2963 1707 3005 cuncta
1743 2954 1827 3005 illa

702 3022 895 3088 prodita
949 3022 1091 3072 sint“
1144 3029 1284 3083 cett.,
1331 3022 1412 3071 ubi
1457 3037 1568 3073 cave
1616 3037 1677 3073 ne
1713 3022 1828 3087 quid

703 3095 862 3139 mutes
896 3089 1276 3139 Hildebrandum
1310 3096 1519 3140 secutus.

771 3156 817 3204 d.
855 3157 1124 3206 animarum
1157 3151 1587 3220 reciprocationel-
1623 3155 1824 3220 Apolog.

702 3236 807 3286 cap.
842 3222 910 3271 48
963 3225 1268 3281 „animarum
1304 3225 1740 3288 reciprocandarum
1774 3225 1821 3273 in

702 3288 966 3353 corpora.“

771 3354 998 3419 Cap.XX.
1050 3369 1091 3404 a.
1131 3354 1328 3405 Habetis
1350 3363 1397 3405 et
1414 3371 1497 3407 vos
1524 3358 1716 3406 tertium
1738 3372 1822 3419 ge-

700 3417 818 3486 nus]
855 3421 1123 3470 Alexander
1157 3422 1380 3482 Severus,
1418 3431 1644 3473 narrante
1678 3425 1822 3473 Lam-

698 3488 859 3553 pridio
898 3486 969 3550 [p.
995 3487 1106 3537 121.
1144 3488 1218 3536 ed.
1255 3486 1431 3555 Salm.]
1469 3491 1699 3549 „tertium
1735 3505 1820 3553 ge-

696 3569 791 3604 nus
860 3555 1109 3603 bominum
1160 3556 1406 3605 eunuchos
1456 3571 1565 3606 esse
1614 3556 1821 3618 dicebat,

699 3636 792 3673 nec
825 3621 1080 3671 videndum
1110 3636 1198 3671 nec
1247 3622 1293 3670 iu
1342 3636 1431 3672 usu
1481 3624 1755 3673 babendum
1793 3640 1819 3673 a

698 3689 829 3747 viris,
864 3688 951 3739 sed
988 3689 1056 3739 vix
1092 3703 1118 3737 a
1156 3689 1348 3739 seminis
1385 3688 1683 3739 nobilibus.“
1720 3691 1820 3749 (Ri-

697 3757 832 3819 galt.)
869 3757 1011 3805 Recte
1041 3755 1276 3818 Rigaltius
1312 3756 1372 3805 de
1400 3757 1634 3806 eunuchis
1671 3758 1820 3809 inter-

695 3832 913 3887 pretatur
949 3823 1229 3874 Tertulliani
1266 3823 1426 3874 verba.
1483 3824 1696 3874 Tertium
1734 3839 1819 3887 ge-

695 3905 789 3940 nus
825 3891 1096 3956 appellatos
1116 3891 1266 3941 fuisse
1285 3890 1584 3941 Christianos
1615 3892 1820 3955 legimus

697 3957 793 4009 iam
828 3973 975 4021 snpra
1014 3973 1119 4020 cap.
1156 3957 1223 4015 8.,
1261 3958 1340 4007 ubi
1377 3974 1416 4007 v.
1455 3973 1579 4023 quae
1614 3959 1818 4009 adnota-

696 4022 1136 4074 vit‘Gotbosredus.
1207 4026 1278 4074 Cf.
1324 4024 1570 4090 Scorpiuc.
1608 4041 1712 4089 cap.
1755 4025 1817 4075 10

696 4088 839 4151 „illic
857 4095 1121 4139 constitues
1157 4098 1204 4139 et
1223 4106 1489 4154 synagogas
1509 4093 1814 4153 ludaeorum,

693 4157 856 4205 fontes
908 4158 1296 4218 persecutionum
1350 4161 1476 4223 apud
1525 4174 1645 4223 quas
1693 4172 1814 4224 apo-

694 4222 809 4272 stoli
848 4224 1036 4284 flagella
1072 4226 1292 4286 perpessi
1333 4234 1463 4285 sunt,
1517 4234 1566 4276 et
1600 4227 1813 4291 populos

694 4290 942 4341 nationum
963 4304 1071 4339 cum
1091 4305 1183 4341 suo
1218 4293 1410 4355 quidem
1449 4293 1598 4353 circo,
1637 4293 1716 4343 ubi
1740 4294 1815 4343 sa-

695 4356 788 4407 cile
837 4358 1166 4419 conclamant,
1216 4359 1473 4422 Usquequo
1525 4374 1679 4421 genus
1715 4369 1814 4411 ter·

692 4420 904 4474 tium?“
978 4426 1129 4474 Unum
1167 4439 1317 4486 genus
1368 4426 1459 4476 fuit
1493 4427 1815 4487 ethnicorum,

695 4490 897 4541 alterum
953 4492 1266 4553 ludaeorum,
1325 4494 1519 4543 tertium
1580 4494 1815 4544 Christia-

694 4571 891 4607 norum.

763 4624 810 4673 b.
846 4624 972 4675 lllud
1008 4625 1168 4688 aptius
1203 4625 1262 4675 de
1297 4626 1404 4675 viro
1451 4632 1499 4676 et
1534 4628 1711 4677 femina
1747 4627 1818 4677 vi-

1926 2888 2011 2949 lll,
2049 2888 2108 2938 11
2166 2889 2317 2949 „iacit
2367 2889 2614 2939 eunuchos
2666 2897 2715 2939 et
2766 2890 2893 2939 viros
2941 2890 3052 2939 sine

1926 2954 2111 3004 semine
2146 2962 2193 3005 et
2238 2956 2319 3018 qui
2367 2957 2496 3005 coire
2533 2970 2627 3005 non
2682 2965 2917 3020 possunt,
2970 2957 3050 3005 in-

1927 3023 2100 3081 fames,
2136 3022 2423 3086 impudicos,
2460 3022 2739 3073 cinaedos.“
2785 3023 2857 3073 ld.
2896 3023 2976 3081 tn,
3015 3024 3048 3072 ’1

1928 3089 2080 3149 „facit
2114 3090 2389 3149 eunuchos,
2427 3090 2701 3151 abscissos,
2750 3090 3051 3153 archigallus

1882 3206 1894 3217 ‚
1927 3165 2009 3206 aut
2043 3156 2481 3218 hermaphroditos,
2518 3164 2564 3206 et
2599 3158 2679 3220 qui
2698 3172 2894 3221 semper
2927 3159 3054 3208 baec

1925 3230 2024 3272 hon
2061 3231 2222 3284 agunt,
2257 3224 2344 3272 sed
2380 3224 2624 3288 patiuntur
2658 3239 2780 3283 quse
2816 3224 3055 3276 mulieres

1925 3292 2024 3354 pati
2080 3298 2455 3350 consueverunt,
2509 3293 2838 3356 praeposteris
2883 3290 3053 3342 libidi-

1924 3370 2040 3407 num
2090 3357 2347 3411 ardoribus
2393 3357 2552 3408 vulvae
2598 3360 2827 3421 tentigine
2879 3361 3054 3409 eonci-

1922 3423 2061 3474 tati.“
2098 3423 2171 3474 Cf.
2213 3424 2407 3475 Hieron.
2442 3425 2538 3474 Vita
2575 3426 2722 3475 Hilar.
2760 3440 2810 3489 p.
2848 3426 2928 3476 78.
2963 3427 3052 3476 ed.

1889 3552 1892 3557 ,
1920 3490 2131 3541 Bened.:
2168 3492 2339 3551 „Vadit
2362 3494 2585 3551 comitata
2606 3493 2838 3543 eunuchis
2874 3501 2920 3542 et
2952 3508 3054 3544 an-

1925 3557 2138 3608 cillulis“
2177 3566 2222 3608 et
2258 3560 2403 3623 paulo
2440 3568 2580 3624 post:
2616 3568 2939 3624 „procurator
2958 3576 3053 3610 ca·

1925 3626 2222 3676 lamistretus
2259 3634 2305 3676 et
2342 3628 2387 3676 in
2427 3627 2618 3688 longam
2656 3637 2704 3676 et
2740 3629 2785 3677 in
2821 3642 3054 3678 securam

1925 3692 2172 3743 libidinem
2225 3693 2435 3756 spado.“
2507 3694 2706 3744 Martial.
2757 3696 2919 3758 Epigr.
2965 3694 3054 3755 Vl,

1923 3759 1987 3809 67
2038 3760 2174 3818 „Cur
2221 3767 2403 3810 tantum
2453 3762 2703 3811 eunuchos
2753 3760 2925 3811 babeat
2958 3768 3056 3813 tna

1923 3827 2075 3878 Gellia
2107 3824 2343 3890 quaeris?
2380 3829 2552 3878 Panice
2587 3829 2684 3878 vult
2715 3829 2834 3878 futui
2871 3828 3056 3889 Gellia,

1922 3907 2014 3944 nec
2045 3895 2295 3964 pareref‘·
2323 3896 2495 3959 Papias
2530 3895 2691 3947 Gloss.
2745 3895 3056 3954 „Eunucho-

1919 3975 2028 4010 rum
2058 3961 2253 4026 quidam
2274 3970 2448 4012 coeunt
2483 3971 2532 4012 et
2567 3964 2709 4012 etiam
2736 3963 2865 4012 virus
2901 3964 3058 4013 emit-

1920 4035 2042 4087 tunt,
2077 4029 2163 4077 sed
2202 4028 2261 4076 ad
2298 4029 2588 4090 gignendum
2621 4043 2790 4078 vanum
2828 4036 2877 4078 et
2910 4030 3057 4079 iuva-

1920 4094 2125 4143 lidum.“
2209 4095 2281 4145 Cf.
2337 4096 2565 4160 interprr.
2624 4096 2687 4145 ad
2735 4096 2894 4147 luveu.
2939 4094 3055 4147 Sat.

1918 4161 1991 4221 v1,
2014 4159 2131 4211 366.
2201 4161 2344 4212 Brod.
2374 4162 2576 4212 Miscell.
2613 4162 2686 4221 w,
2722 4162 2804 4212 21.
2873 4163 3056 4214 nni-et.

1918 4227 1966 4276 V.
2005 4228 2056 4278 t..
2096 4228 2149 4288 X,
2191 4228 2267 4277 11.
2327 4230 2517 4291 Pignor.
2572 4228 2634 4280 de
2668 4229 2829 4279 Servis
2863 4230 2910 4280 in
2945 4229 3056 4281 eo-

1918 4293 2014 4344 leni
2059 4294 2310 4358 Supplem.
2392 4297 2537 4347 Thes.
2566 4296 2754 4361 Autiqn.
2805 4304 2920 4346 tom.
2955 4295 3057 4360 ΙΙΙ,

1919 4375 1968 4425 p.
1991 4359 2122 4411 1252
2146 4376 2219 4426 sq.

1985 4444 2028 4480 c.
2065 4425 2438 4507 aemulationisl
2497 4430 2545 4480 b.
2583 4445 2626 4479 e.
2663 4430 2952 4479 inimicitiae.
2995 4430 3056 4481 V.

1917 4494 2081 4545 adnot.
2118 4496 2179 4545 ad
2213 4496 2284 4546 De
2320 4497 2446 4559 Fuga
2483 4496 2533 4547 in
2571 4497 2814 4547 Pei-secut.
2851 4510 2956 4559 esp.
2993 4495 3052 4547 2.

1987 4562 2034 4610 d.
2071 4560 2152 4612 Sic
2185 4563 2361 4625 figulus
2396 4565 2576 4626 figulo,
2612 4563 2753 4613 faber
2785 4563 2926 4613 l'abro
2957 4564 3053 4613 iu·

1920 4624 2085 4693 videt]
2155 4627 2353 4682 Hesiod.
2393 4631 2522 4698 opp.
2556 4637 2605 4682 et
2639 4630 2753 4681 Dies
2785 4644 2829 4681 v.
2857 4628 2931 4680 25
2955 4643 3045 4696 sq.
