3263 5311
659 408 782 471 142
1132 422 1335 473 euru-n
1380 420 1644 465 serrium
1686 419 2020 464 nonnus
2065 420 2459 466 ceurennum

657 573 774 635 ¹⁷de
802 572 1157 635 Christianis
1186 570 1229 604 ¹⁸
1240 569 1571 632 asseverari
1598 569 1871 632 sciebant
1897 570 2338 636 ubservmdum
2362 569 2567 650 utique
2598 570 2714 636 sibi
2744 579 2806 634 et
2843 573 3012 638 omi

654 674 951 755 vigilantia
995 670 1472 752 investigandum
1483 670 1533 732 ¹¹.
1621 669 1908 751 ¹⁹Atquini
1951 670 2288 745 volentibus
2342 670 2563 735 initiari
2603 673 2852 736 ”moris
2891 682 3008 747 est,

658 776 895 857 opinor,
937 773 1108 854 prius
1149 781 1378 854 patrem
1408 772 1571 834 illum
1602 771 1952 836 sacrorum*
1983 772 2170 846 adire,
2213 791 2368 853 quae
2395 774 2803 854 praeparanda
2829 774 3015 837 ”sint

654 875 1099 943 ”describerek
1189 873 1345 935 Tum
1384 871 1563 936 ”illez
1608 874 1810 936 lufaus
1855 873 1963 936 tibi
2004 874 2381 937 necessarius
2425 874 2619 938 adhuc
2659 883 2861 949 tener,
2907 875 3013 956 qui

655 978 936 1040 nesciat·
964 983 1240 1049 mortem,
1285 974 1387 1053 qui
1429 974 1543 1037 sub
1587 974 1778 1037 cultro
1822 984 1926 1037 tuo
1969 974 2212 1052 rideat3,
2236 975 2382 1038 item
2421 976 2617 1056 panis,
2655 976 2838 1056 ²⁸<pru
2865 994 3012 1039 san·

655 1078 848 1159 guinis
890 1076 1319 1139 ”virulentiam
1359 1075 1693 1155 ”colligas3
1757 1084 2063 1157 praeterea
2117 1076 2464 1140 candelabra
2519 1085 2582 1140 et
2631 1077 2911 1142 lucernae
2952 1086 3013 1140 et

656 1197 834 1241 canes
877 1177 1057 1258 aliqui
1101 1185 1162 1239 et
1204 1177 1438 1252 offulae,
1494 1196 1648 1256 quae
1692 1176 1829 1239 illos
1874 1178 1958 1260 ads
1991 1178 2366 1240 eversionem
2408 1177 2698 1240 luminum
2738 1180 3008 1242 ”exten-

654 1281 865 1343 dant-x
908 1287 1043 1341 ante
1086 1278 1285 1341 omnia
1328 1297 1462 1341 cum
1506 1286 1694 1354 matre
1737 1285 1800 1340 et
1840 1297 2055 1344 sorore
2098 1287 2199 1341 tua
2241 1279 2442 1341 venire
2485 1278 2754 1343 debebis.
2829 1281 3010 1357 Quid,

654 1382 765 1443 ”si
809 1380 1111 1444 noluerint
1151 1379 1243 1441 vel
1285 1379 1477 1442 nullae
1520 1377 1789 1442 fuerint?
1858 1379 2057 1460 ²”quid
2098 1378 2414 1460 ³”denique
2454 1380 2785 1460 singulares
2831 1382 3008 1446 Chri-

658 1480 907 1546 sunnio?
971 1481 1159 1543 ³¹Non
1204 1480 1338 1556 erit,
1397 1480 1635 1562 opinor,
1679 1479 2033 1560 ³²legitimus
2078 1480 2449 1544 Christianus
2493 1481 2612 1544 nisi
2667 1484 2854 1546 frater
2907 1492 3013 1546 aut

656 1585 835 1647 filius.
923 1582 1140 1656 ”Quid
1183 1600 1361 1656 nunc,
1406 1591 1468 1642 et
1508 1581 1561 1643 si
1602 1581 1721 1642 ista
1762 1581 1962 1644 omnia
2003 1582 2228 1661 ignaris
2267 1582 2745 1663 praeparantur?
2833 1584 3012 1647 Certe

655 1693 868 1767 postea
909 1685 1338 1763 ³'cognoscunt
1378 1691 1440 1744 et
1483 1682 1780 1744 sustinent
1826 1691 1886 1744 et
1928 1682 2262 1762 ignoscunt.
2352 1683 2590 1746 Timent
2617 1684 2789 1765 plecti
2805 1699 2853 1759 ι’,
2896 1684 3009 1749 ³⁵si

660 1835 740 1889 Π.
788 1853 814 1887 a
863 1836 1148 1886 Christianis
1182 1836 1235 1885 F.
1377 1834 1456 1885 18.
1494 1848 1775 1885 asseverare
1810 1851 1850 1886 c.
2005 1834 2083 1885 19.
2120 1835 2261 1899 Atqui
2297 1836 2445 1887 bec.
2547 1839 2700 1901 Atque
2737 1853 2777 1888 e.
2812 1836 3010 1897 (Ome.)

657 1904 739 1956 20.
778 1919 885 1955 mos
921 1912 994 1954 est
1031 1904 1082 1954 F.
1118 1906 1196 1960 (m.
1233 1901 1346 1962 sec.)
1449 1901 1531 1952 21.
1568 1910 1684 1952 suut
1715 1903 1805 1954 fc.
1914 1901 1997 1953 22.
2031 1903 2299 1954 discribere
2332 1905 2383 1954 Δ.
2474 1902 2554 1955 23.
2591 1905 2677 1956 ille
2712 1905 2882 1956 intanti
2917 1919 3010 1955 ne-

657 1973 897 2024 cessarius
932 1972 1028 2022 DE.
1113 1970 1185 2020 illi
1220 1970 1379 2019 iulans
1416 1971 1723 2020 necessarius
1756 1970 1809 2020 Ε.
1844 1985 1905 2020 m.
1942 1986 2034 2022 sec.
2149 1970 2231 2021 24.
2269 1972 2349 2035 qni
2383 1972 2635 2034 sanguinis
2670 1974 2715 2023 b.
2820 1971 2903 2022 25.
2938 1974 3012 2022 vi-

655 2040 913 2090 rulentiam
943 2041 981 2091 A
1016 2040 1095 2100 (m.
1113 2038 1208 2104 pr.)
1244 2036 1535 2117 suffecto.
1606 2038 1780 2102 Erfurt.
1822 2038 1969 2117 fleon.
2013 2039 2203 2089 Vindob.
2263 2039 2583 2116 jurulentiam
2619 2041 2655 2090 Δ
2681 2040 2761 2096 (m.
2797 2057 2889 2092 sec.
2927 2042 3013 2092 sed

652 2102 1024 2226 ffil'bffl·
1044 2106 1721 2231 Js‘smfffflzfff'ffiiz
1740 2112 1927 2238 ’3533
1968 2105 2437 2238 νιηῗιῗιῗὲῗῗὲἑᾶἰ
2496 2106 2638 2234 οὲἔῖ.
2661 2109 3012 2239 23¹3?ss

649 2248 764 2307 [nrt.
834 2244 963 2301 Quot
997 2243 1048 2292 F.
1164 2240 1248 2291 30.
1287 2241 1495 2305 denique
1529 2240 1637 2289 siue
1672 2242 1875 2304 pignore
1909 2242 2181 2304 singulares
2215 2237 2261 2291 λ.
2389 2240 2470 2291 31.
2508 2242 2616 2293 Non
2652 2245 2750 2293 eris
2782 2238 2829 2293 λ.
2901 2244 3010 2293 Nou

652 2310 780 2361 enim
810 2310 863 2360 F.
1002 2305 1384 2371 32.'legitimus‚
1423 2323 1517 2358 uon
1556 2308 1859 2358 Christianus
1894 2307 1947 2359 F.
2087 2308 2172 2359 33.
2209 2310 2334 2368 Quid
2370 2318 2490 2368 tum,
2539 2311 2630 2360 etsi
2679 2313 2784 2362 πά.
2925 2310 3012 2360 34.

651 2385 979 2440 reggnoscunt
1013 2384 1061 2427 et
1092 2377 1335 2426 sustinent
1366 2376 1419 2426 F.
1467 2383 1768 2437 cognoscunt
1801 2383 1866 2425 et·
1883 2384 2089 2427 cernunt
2126 2377 2273 2427 Oxou.
2377 2375 2573 2443 35.qui‚
2609 2378 2650 2427 si
2685 2378 3010 2443 proclament,

652 2446 847 2497 delendi
882 2450 919 2510 Ῑ.
955 2445 1253 2508 Bseerccmp.

717 2562 768 2612 h.
806 2568 854 2612 et
899 2562 1031 2612 omni
1084 2560 1323 2623 vigilantia
1359 2554 1783 2624 investigandum]
1863 2576 2118 2626 procurare
2164 2570 2214 2611 et
2258 2576 2537 2626 praeparare
2582 2560 2846 2627 Apuleius,
2915 2563 3010 2613 boc

649 2629 778 2682 Nihil
813 2630 941 2681 enim
978 2628 1073 2680 tale
1110 2630 1170 2680 de
1198 2627 1483 2679 Christianis
1519 2628 1786 2679 asseverari
1871 2631 2129 2681 describere
2163 2628 2278 2680 dicit
2314 2629 2653 2681 Tertullianus.

651 2698 871 2777 *0591)*ῧὲ
905 2698 1036 2777 {1⁰9⁶
1072 2699 1238 2775 {sslfflffl
1285 2697 1642 2774 qbsefnndssm
1690 2696 1784 2746 Sibi
1939 2728 2008 2765 m.
2047 2709 2254 2780 nesciat]
2304 2714 2491 2765 Nescire
2539 2715 2618 2765 bic
2653 2724 2727 2765 est
2773 2729 2864 2780 pro
2914 2731 3008 2766 noa

651 2775 700 2817 et
734 2780 866 2817 omui
885 2765 1127 2827 vigilantia
1149 2763 1530 2826 investigandum
1554 2771 1701 2814 esset.

719 2835 751 2884 i.
785 2830 985 2898 Atquin]
1036 2833 1085 2882 h.
1122 2848 1167 2882 e.
1202 2832 1438 2891 Attamen,
1473 2832 1639 2881 immo.
1713 2831 1787 2882 Cf.

650 2902 815 2953 adnot.
851 2902 911 2952 ad
947 2901 1018 2951 De
1052 2901 1181 2963 Fuga
1228 2900 1277 2950 in
1316 2900 1559 2950 Persecut.
1597 2914 1703 2963 cap.
1739 2898 1788 2950 6.

717 2971 764 3021 k.
798 2979 988 3035 patrem
1023 2969 1164 3020 illum
1197 2963 1474 3034 sacrorum]
1510 2967 1578 3017 Ad
1608 2968 1735 3017 Natt.
1751 2966 1790 3029 1,

647 3037 678 3086 Ἰ
728 3038 1003 3102 appellatur
1051 3038 1319 3099 „magister
1368 3035 1677 3087 sacrorum.“
1730 3034 1791 3086 Et

645 3107 908 3171 primarius
956 3105 1205 3164 sacerdos,
1253 3103 1573 3168 hierophanta
1624 3111 1674 3153 et
1708 3118 1789 3151 sa-

649 3175 746 3227 cris
792 3174 1120 3238 praepositus,
1167 3172 1455 3234 praesertim
1503 3172 1552 3219 in
1588 3170 1788 3221 Mithrae

646 3242 817 3293 sacris.
855 3242 929 3291 Cl'.
966 3237 1458 3290 Chifflet.vGeminiae
1495 3238 1658 3287 Matris
1695 3238 1786 3289 Sa-

648 3322 846 3359 crorum
881 3306 1050 3357 titulus
1086 3322 1139 3355 se
1178 3305 1409 3354 ulcbralis
1445 3304 1613 3369 explic.
1670 3308 1785 3357 Ant-

648 3389 781 3439 verp.
824 3373 969 3424 1634.
1019 3372 1069 3422 4.
1182 3373 1365 3423 ccurrit
1413 3374 1469 3422 is.
1509 3372 1677 3423 titulus
1738 3373 1788 3423 iu

648 3441 875 3506 plurimis
910 3439 1171 3503 lapidibus.
1208 3438 1357 3490 Orell.
1396 3439 1598 3489 Collect.
1628 3441 1782 3491 luscr.

648 3509 773 3559 Latt.
811 3523 858 3559 n.
900 3506 1049 3557 1491.
1088 3505 1239 3557 1919.
1279 3505 1424 3557 1920.
1464 3505 1613 3557 2354.
1672 3508 1784 3557 Rei-

647 3590 737 3626 nes
774 3575 905 3639 Syut.
943 3575 1096 3626 lnscr.
1132 3574 1171 3635 l,
1199 3572 1285 3633 46,
1356 3576 1544 3625 Gruter.
1582 3574 1784 3636 xxvlll,

647 3642 696 3695 2.
734 3642 1029 3761 (ΞΕΕΧὙ,25.
1066 3640 1213 3704 fleu,
1250 3640 1298 3692 2.
1352 3641 1485 3691 Adde
1517 3641 1657 3705 Apul.
1683 3640 1784 3693 fle·

646 3720 761 3765 tam.
796 3712 876 3771 xl,
914 3710 945 3761 2
983 3747 996 3759 .

718 3781 750 3831 Ι.
787 3774 1090 3844 describere]
1124 3776 1266 3843 Apul.
1302 3776 1493 3827 Metam.
1528 3776 1605 3837 xl,
1646 3775 1713 3827 22
1739 3785 1787 3828 et

646 3845 728 3898 23.
769 3847 875 3908 „De
911 3848 1097 3912 opertis
1132 3844 1258 3910 adyti
1306 3845 1496 3907 profert
1546 3845 1784 3909 quosdam

644 3913 800 3963 libros
837 3915 1010 3965 litteris
1056 3912 1406 3976 ignorabilibus
1451 3920 1786 3977 praenotatos,

646 3982 823 4045 partim
874 3983 1040 4043 liguris
1102 3980 1431 4031 cuiuscemodi
1503 3980 1784 4031 animalium

645 4049 869 4112 concepti
927 4050 1171 4098 sermonis
1236 4048 1581 4112 compendiosa
1641 4048 1785 4098 verba

645 4122 976 4177 suggerentes,
1021 4116 1195 4179 partim
1233 4115 1432 4165 nodosis
1483 4123 1531 4165 et
1577 4116 1624 4165 iu
1676 4129 1783 4165 mo-

645 4182 762 4232 dum
795 4189 931 4232 rotae
967 4183 1201 4232 tortuosis
1228 4181 1639 4245 capreolatimque
1665 4196 1784 4232 con-

645 4249 813 4303 densis
846 4249 1068 4313 apicibus
1104 4264 1133 4299 a
1156 4249 1437 4300 curiositate
1464 4249 1782 4313 profanorum

644 4316 855 4369 lectione
888 4318 1088 4368 munita.
1158 4317 1377 4368 Indidem
1414 4317 1530 4367 mibi
1584 4316 1780 4380 praedi-

645 4393 722 4436 cat
780 4384 871 4448 (sc.
918 4385 1149 4436 sacerdos
1208 4384 1409 4437 Mithrae
1466 4385 1782 4449 praecipuus)

645 4466 771 4518 quse
805 4453 969 4504 l'oreut
1002 4453 1062 4504 ad
1098 4466 1240 4505 usum
1277 4452 1453 4503 teletae
1500 4452 1779 4505 necessario

641 4521 995 4586 praeparanda.
1060 4521 1119 4572 Et
1153 4521 1377 4586 protinus
1411 4519 1591 4571 naviter
1621 4528 1672 4570 et
1693 4520 1781 4570 ali-

645 4597 824 4653 quanto
861 4589 1111 4640 liberalius
1146 4589 1323 4654 partim
1361 4589 1465 4653 ipse
1488 4588 1668 4653 partim
1689 4603 1781 4653 per

642 4668 782 4707 meos
815 4659 980 4709 socios
1018 4657 1283 4709 coemenda
1314 4656 1580 4724 procuro.“
1639 4656 1782 4717 Quod

1871 2796 2026 2843 nosse,
2079 2791 2133 2831 ut
2165 2781 2362 2845 saepius
2413 2785 2533 2833 scire
2580 2797 2671 2846 pro
2703 2797 2862 2835 essse.
2934 2783 3007 2834 Cl.

1876 2863 2000 2913 quae
2035 2849 2256 2899 adnotavi
2293 2850 2353 2899 ad
2389 2864 2495 2913 cap.
2531 2849 2580 2900 5.
2801 2872 2812 2883 =

1946 2948 1993 2982 u.
2031 2928 2311 2999 extendant]
2346 2934 2394 2983 b.
2431 2948 2474 2983 e.
2511 2934 2794 2998 provehant,

1876 3007 1996 3060 tent,
2038 3001 2325 3067 proripiant.
2396 3002 2623 3061 Quinctil.
2673 3002 2887 3052 Declam.
2925 3003 3008 3063 ln,

1879 3067 1942 3118 13
1990 3069 2094 3129 „Ad
2144 3070 2368 3119 altiorem
2415 3084 2469 3119 se
2518 3070 2758 3120 bonorum
2805 3071 3007 3133 gradum

1875 3136 2186 3186 estendere.“
2268 3136 2343 3187 Cl'.
2391 3137 2619 3187 Uuncker
2669 3138 2731 3188 ad
2786 3138 3009 3203 Fulgent.

1873 3203 2065 3269 uyihor
2103 3203 2141 3265 1,
2180 3219 2229 3268 p.
2266 3202 2384 3254 612.

1940 3303 1986 3338 o.
2022 3288 2295 3351 singulares
2318 3282 2644 3355 Christiani‘P]
2677 3289 2863 3349 Quibus
2887 3289 3009 3340 nulli

1874 3357 2217 3417 consanguinei
2254 3356 2474 3406 eiusdem
2521 3364 2702 3408 sectae.
2774 3358 3007 3422 Sequenti

1872 3437 1987 3473 aevo
2025 3425 2286 3487 sinyulares
2324 3425 2545 3475 dixerunt
2580 3417 2708 3477 τοὺς
2738 3418 3009 3490 μονάζον-

1868 3503 1984 3547 τας,
2025 3504 2200 3555 nempe
2236 3492 2318 3556 qui
2353 3507 2380 3541 a
2414 3491 2748 3554 singularitate
2771 3508 3009 3543 censean-

1868 3567 1976 3619 tur,
2028 3567 2080 3608 ut
2140 3560 2295 3623 inquit
2338 3558 2391 3609 B.
2429 3559 2766 3623 Hieronymus.
2822 3560 3009 3625 Sulpie.

1868 3626 2031 3677 Sever.
2070 3625 2193 3676 Dial.
2230 3627 2248 3675 l
2300 3626 2492 3691 „Alium
2540 3642 2693 3691 aeque
2727 3630 3012 3692 sinyulcrem

1868 3693 2021 3743 virum
2069 3693 2300 3755 vidimus,
2346 3710 2493 3758 parvo
2543 3695 2764 3757 tugurio,
2813 3696 2861 3745 iu
2909 3711 3007 3760 quo

1869 3762 2067 3811 nonnisi
2103 3777 2228 3811 unus
2263 3764 2413 3827 recipi
2434 3770 2619 3829 posset,
2658 3763 3008 3813 habitantem.“

1870 3826 2107 3891 (Herald.)
2177 3830 2370 3880 Rectius
2417 3832 2677 3894 singulares
2713 3831 3006 3896 interprete·-

1869 3899 1941 3946 ris
1999 3911 2095 3946 nou
2151 3898 2326 3960 quibus
2385 3898 2506 3947 nulli
2566 3897 2780 3949 eiusdem
2843 3906 3008 3950 sectae

1869 3965 2232 4027 consanguinei,
2285 3965 2371 4015 sed
2420 3966 2596 4031 quibus
2632 3966 2831 4015 omuino
2867 3966 3010 4016 nulli.

1938 4063 1986 4113 p.
2024 4049 2218 4098 Timent
2246 4044 2419 4115 plecti]
2468 4050 2606 4113 atqui
2654 4051 2881 4109 fortasse,
2931 4051 3010 4100 in-

1870 4116 2068 4180 quiunt,
2116 4117 2237 4166 baec
2294 4118 2456 4167 omnia
2510 4132 2633 4182 quae
2690 4117 2752 4167 sd
2809 4117 3011 4168 teletam

1869 4184 2010 4262 istam
2046 4192 2160 4233 suut
2194 4185 2470 4235 necessaria
2504 4186 2647 4235 etiam
2677 4185 3011 4235 nescientibus

1866 4260 2254 4379 1?:,:3‚:,'·‘;;².²2¹
2254 4252 2779 4385 ·0‡ss??¹‘1.2‘3⁸¹,'.‘3¹31¹0⁰2
2811 4252 3011 4383 {23¹ss

1865 4392 2009 4437 scunt
2044 4392 2091 4436 et
2126 4387 2353 4450 probant.
2420 4387 2588 4453 Neque
2635 4388 2896 4439 dicendum
2932 4396 3014 4439 est

1865 4462 2046 4504 metum
2083 4454 2144 4503 iis
2180 4454 2349 4505 inferri
2377 4468 2438 4504 ne
2473 4455 2778 4519 proclament
2811 4463 2895 4506 aut
2929 4456 3012 4505 l'u-

1865 4520 2011 4583 giaut.
2081 4520 2203 4571 Nam
2239 4524 2282 4573 si
2316 4522 2389 4572 vel
2438 4522 2678 4575 tantillum
2726 4522 3010 4587 proclama·

1864 4595 2002 4649 rent,
2061 4602 2207 4640 nemo
2262 4604 2361 4640 non
2419 4590 2480 4641 iis
2530 4590 2781 4656 suppetias
2840 4591 3011 4643 ferret.

1864 4655 2123 4709 Praeterea
2156 4658 2312 4710 semel
2346 4659 2532 4723 egressi
2559 4673 2808 4727 nunquam
2841 4673 3012 4711 rever-

2841 2935 3008 3000 prori·
3109 2980 3116 2983 .
