3263 5311
1153 439 1230 485 nn
1274 437 1645 487 nouocnm.
2448 430 2574 495 787

383 584 701 650 Habebunt
738 586 914 669 plane
956 587 1198 653 Christo
1242 591 1406 671 quod
1449 592 1467 625 ¹
1481 591 1738 673 allegent
1791 593 2135 675 speciosum
2175 596 2573 678 privilegium,

210 687 413 752 carnis
454 706 881 769 usquequaque
923 689 1408 755 imbecillitatem.
1509 693 1630 756 Sed
1673 693 1830 757 hanc
1868 693 2212 760 iudicabunt
2249 696 2404 761 'iam
2445 717 2573 764 nou

211 789 384 853 Isaac
421 807 817 871 monogamus
859 799 1029 871 pater
1069 802 1311 869 noster,
1375 812 1489 856 nec
1529 793 1784 857 loannes
1838 794 2017 875 aliqui
2061 796 2281 862 Christi
2323 799 2569 882 ³spado,

208 909 327 955 nec
366 891 568 955 Iudith
622 890 738 953 filia
781 891 1029 967 Merari,
1095 911 1208 956 nec
1260 902 1351 956 tot
1405 894 1515 958 alia
1571 894 1839 975 exempla
1892 905 2255 962 sanctorum.
2364 900 2574 965 Solent

211 991 436 1055 ethnici
480 990 708 1056 iudices
752 992 1039 1056 destinari
1050 1006 1097 1057 ⁸.
1180 994 1476 1077 Exsurget
1527 994 1734 1077 regina
1778 995 2148 1078 Carthaginis
2191 1008 2253 1062 et
2292 1000 2576 1067 decernet

213 1092 280 1155 in
323 1092 721 1168 Christianae,
789 1113 943 1175 quae
995 1095 1247 1178 profuga
1304 1104 1364 1159 et
1415 1096 1480 1159 in
1533 1096 1729 1160 alieno
1784 1096 1919 1160 solo
1977 1106 2037 1161 et
2081 1095 2275 1164 tantae
2317 1101 2570 1167 civitatis

216 1213 354 1257 cum
396 1195 649 1258 maxime
692 1196 1039 1273 formatrix,
1082 1216 1217 1260 cum
1258 1197 1419 1279 regis
1462 1198 1705 1279 nuptias
1747 1197 1906 1261 ultro
1952 1207 2196 1281 optasse
2237 1202 2571 1282 debuisset,

210 1313 293 1359 ne
337 1303 534 1358 tamen
577 1296 871 1359 secundas
914 1316 1016 1360 eas
1060 1297 1462 1380 experiretur,
1535 1297 1745 1360 maluit
1798 1318 1834 1360 e
1892 1302 2190 1363 contrario
2243 1303 2337 1366 uri
2391 1323 2571 1385 quam

210 1394 463 1459 nubere.
546 1395 852 1460 Assidebit
893 1407 955 1462 et
993 1398 1077 1460 illi
1119 1407 1392 1462 matrona
1435 1399 1736 1474 Romana,
1780 1417 1934 1480 quae
1978 1401 2095 1463 etsi
2136 1422 2248 1483 per
2287 1405 2407 1467 vim
2447 1426 2567 1470 no-

209 1506 483 1561 cturnam
525 1497 915 1561 nihilominus
960 1508 1198 1581 experta
1241 1500 1422 1564 alium
1462 1501 1660 1563 virum
1699 1501 1987 1564 maculam
2029 1503 2225 1566 carnis
2268 1525 2382 1569 suo
2422 1526 2566 1572 san·

210 1597 391 1677 guine
434 1597 651 1674 abluit,
717 1608 784 1662 ut
825 1602 1263 1682 monogamiam
1317 1602 1380 1665 in
1423 1601 1809 1683 semetipsam
1850 1602 2197 1667 vindicaret.
2300 1605 2571 1671 Fuerunt

211 1707 279 1761 et
317 1717 470 1780 quae
513 1698 657 1780 ⁴pro
699 1699 843 1763 viris
885 1702 1045 1764 mori
1085 1702 1328 1765 mallent
1368 1722 1546 1782 quam
1602 1711 1747 1783 post
1799 1703 1963 1766 vii-os
2019 1704 2296 1769 “nubet-e.
2380 1708 2566 1772 Idolis

210 1806 376 1862 certe
414 1799 509 1863 ‘et
547 1801 925 1883 monogamia
970 1811 1028 1865 et
1068 1801 1324 1864 viduitas
1367 1803 1711 1884 'appar-ent.
1799 1804 2100 1867 Fortunae
2139 1805 2411 1870 Muliebri
2454 1828 2565 1872 co·

205 1917 421 1962 ronam
464 1919 586 1964 uon
629 1902 882 1983 imponit
924 1902 1047 1965 nisi
1087 1903 1353 1977 univira,
1429 1904 1584 1966 sicut
1637 1904 1784 1967 ‘nec
1824 1904 1995 1966 Matri
2034 1905 2311 1969 Matutae.
2396 1909 2562 1972 Pon-

207 2001 353 2064 tifex
403 2000 691 2066 Maximus
762 2011 825 2066 et
882 2001 1199 2066 Flaminica
1263 2003 1498 2067 nubunt
1561 2005 1771 2068 semel.
1884 2004 2155 2068 ⁹Cereris
2219 2009 2563 2074 sacerdotes

206 2101 546 2166 viventibus
591 2103 767 2165 etiam
809 2104 956 2166 viris
1000 2112 1061 2166 et
1101 2105 1617 2168 consentientibus
1662 2105 1849 2168 amica
1891 2107 2268 2187 separatione
2311 2110 2561 2174 viduan-

205 2210 328 2265 tur.
393 2203 549 2267 Sunt
591 2212 654 2265 et
698 2204 743 2237 ¹⁰
758 2223 909 2286 quae
952 2204 1028 2267 de
1072 2212 1195 2268 tota
1238 2205 1603 2268 continentia
1647 2205 1911 2269 iudicent
1951 2224 2099 2281 nos,
2145 2209 2403 2289 virgines
2441 2211 2561 2275 Ve-

206 2309 341 2366 stae
397 2312 457 2364 et
497 2303 745 2367 Iunonis
799 2305 1087 2369 Achaicae
1141 2314 1203 2369 et
1253 2306 1475 2369 Dianae
1517 2307 1823 2387 Scythicae
1888 2315 1949 2368 et
1999 2305 2290 2386 Apollinis
2344 2309 2564 2389 Pythii.

203 2402 402 2465 Etiam
454 2403 628 2468 bovis
682 2405 840 2468 illius
883 2407 1148 2487 Aegyptii
1209 2408 1244 2440 ¹¹
1258 2407 1555 2470 antistites
1613 2407 1689 2468 de
1745 2406 2106 2470 continentia
2157 2407 2565 2473 infirmitatem

207 2503 686 2569 Christianorum
729 2506 1092 2570 iudicabunt.
1161 2507 1498 2584 Erubesce,
1542 2527 1715 2583 caro,
1761 2526 1913 2588 quae
1937 2507 2239 2571 Christum
2281 2508 2560 2575 induisti!

208 2605 478 2670 Sufficiat
527 2607 637 2671 tibi
692 2608 880 2671 semel
931 2608 1190 2684 nubere,
1257 2608 1319 2672 in
1377 2610 1535 2690 quod
1592 2628 1626 2672 a
1680 2608 2014 2691 primordio
2078 2611 2230 2674 facta
2275 2630 2372 2688 es,
2442 2611 2560 2674 ¹²iu

205 2706 371 2787 ffliod
412 2726 448 2771 a
489 2708 608 2771 fine
649 2710 969 2773 revocariS.
1055 2711 1205 2773 Redi
1241 2711 1311 2775 in
1352 2711 1539 2774 Adam
1591 2710 1685 2773 vel
1726 2710 2025 2792 priorem,
2092 2710 2145 2773 si
2188 2711 2251 2772 in
2292 2711 2559 2774 novissi·

203 2826 374 2871 mum
415 2827 539 2872 non
582 2819 777 2891 potes.
865 2811 1062 2874 Semel
1106 2813 1361 2892 gustavit
1401 2813 1501 2876 ille
1553 2813 1628 2874 de
1684 2810 1899 2873 arbore
1917 2857 1934 2885 ,
1998 2810 2185 2872 semel
2239 2811 2560 2893 concupiit,

204 2909 394 2972 semel
432 2910 708 2991 pudenda
749 2912 1036 2993 protexit,
1101 2890 1287 2975 semel
1329 2913 1443 2975 deo
1488 2911 1758 2985 erubuit,
1827 2910 2014 2973 semel
2055 2911 2337 2974 ruborem
2384 2930 2561 2975 suum

206 3009 551 3087 abscondit,
630 3012 817 3075 semel
878 3013 953 3076 de
1005 3013 1284 3095 paradiso
1343 3012 1675 3076 sanctitatis
1740 3012 2023 3086 exulavit,
2097 3011 2284 3074 semel
2347 3013 2560 3075 exinde

205 3111 436 3193 nupsit.
503 3111 572 3174 Si
613 3113 676 3175 in
720 3114 822 3175 illo
866 3113 1059 3188 suisti,
1104 3115 1289 3178 habes
1331 3123 1493 3178 tuam
1521 3115 1811 3188 formam,
1856 3112 1909 3174 si
1937 3111 2001 3174 in
2023 3111 2322 3174 Christum
2353 3121 2557 3174 traus-

205 3212 347 3288 isti,
392 3212 607 3276 melior
650 3233 789 3277 esse
832 3212 1099 3277 debebis.
1164 3215 1391 3278 Exhibe
1425 3213 1718 3278 ¹³tertium
1743 3213 1932 3276 Adam
1962 3221 2024 3276 et
2049 3213 2211 3276 hunc
2236 3213 2557 3294 digamum,

207 3323 271 3376 et
311 3321 455 3377 tunc
493 3315 722 3395 poteris
766 3334 937 3389 esse,
983 3315 1143 3396 quod
1187 3316 1344 3378 inter
1387 3317 1542 3379 duos
1584 3332 1708 3378 nou
1749 3323 1946 3397 potes.

347 3467 466 3531 Cap.
500 3466 639 3517 xvn.
741 3468 787 3517 1.
824 3467 985 3530 legent
1017 3468 1208 3529 (Amce.
1332 3468 1377 3518 2.
1414 3476 1512 3519 tam
1548 3467 1711 3528 A(B)G.
1827 3466 1877 3517 3.
1911 3466 2147 3531 spadonis
2180 3481 2272 3518 nec
2302 3467 2432 3517 vidui
2466 3481 2560 3518 nec

204 3533 306 3585 tilia
343 3534 520 3584 mereri
553 3535 640 3585 AB.
710 3535 929 3598 spadone
964 3535 1139 3600 (spado
1176 3536 1243 3597 a.)
1279 3551 1369 3586 nec
1404 3536 1560 3585 luditb
1598 3550 1689 3585 nec
1722 3534 1821 3585 fllia
1856 3534 2029 3584 Merari
2068 3535 2146 3585 Ga.
2231 3535 2282 3585 4.
2316 3549 2408 3600 pro
2443 3534 2557 3586 viria

204 3602 332 3652 mori
370 3602 570 3652 mallent
604 3615 747 3665 quatu
783 3619 872 3653 on.
894 3604 1050 3654 Asea.
1155 3604 1203 3652 5.
1242 3604 1480 3654 nuberent
1514 3602 1676 3653 idolis.
1713 3602 1791 3652 bis
1824 3602 1922 3661 (his
1956 3618 2044 3653 om.
2069 3603 2137 3662 G.)
2173 3610 2304 3653 certe
2342 3602 2419 3654 Ga.
2506 3599 2555 3651 6.

206 3677 256 3720 et
292 3671 338 3718 in
377 3670 679 3731 monogamia
716 3670 878 3730 (Amo.
982 3670 1031 3720 7.
1068 3679 1271 3734 apparet
1309 3672 1386 3722 Ga.
1489 3670 1540 3722 8.
1575 3685 1668 3721 nec
1700 3686 1789 3720 om.
1824 3669 1979 3719 asoa.
2081 3668 2129 3719 9.
2168 3670 2354 3720 Ceteris
2390 3683 2558 3719 sacer-

204 3737 299 3786 dos
331 3737 419 3787 AB.
525 3736 603 3785 10.
640 3738 722 3800 qui
756 3738 882 3788 ABG.
987 3738 1068 3786 11.
1105 3740 1307 3788 antistes
1337 3739 1424 3790 AB.
1534 3737 1616 3788 12.
1648 3739 1698 3789 in
1734 3751 1831 3801 quo
1867 3736 2055 3787 definiri
2089 3737 2278 3787 vocaris
2310 3737 2436 3787 Aac.
2505 3737 2559 3785 in

203 3804 338 3868 quod
373 3819 401 3854 e
438 3804 521 3854 tini
556 3806 799 3855 revocaris
833 3822 880 3855 a.
989 3804 1066 3855 13.
1100 3814 1147 3856 te
1183 3806 1375 3857 tertium
1408 3805 1564 3858 Asea.

274 3937 394 4002 Cap.
429 3937 567 3987 xvn.
639 3954 683 3989 a.
719 3938 890 3989 Solent
931 3939 1108 3990 ethnici
1146 3939 1331 3990 iudices
1432 3940 1526 4001 cio,
1574 3939 1670 3988 boe
1704 3946 1781 3988 est
1813 3936 2048 4002 exemplis
2083 3935 2182 3987 illia
2216 3935 2361 3987 toties
2396 3932 2555 3984 incul-

202 4000 481 4071 destinari]
528 4004 708 4056 Alludit
755 4007 814 4057 ad
863 4005 1035 4057 iudicia
1093 4022 1217 4071 quae
1270 4007 1331 4057 de
1432 4005 1569 4066 catis,
1606 4005 1755 4054 credo
1792 4004 1923 4069 quod
1959 4003 2060 4053 aevi
2095 4004 2172 4054 aui
2206 4010 2396 4067 partem
2432 4001 2555 4051 tide-

202 4072 492 4123 Christianis
542 4072 669 4137 apud
720 4074 1021 4123 ethnicorum
1073 4073 1330 4124 tribunalia
1430 4072 1549 4122 lium
1610 4072 1845 4122 maiorem
1900 4071 2078 4122 talibus
2140 4071 2247 4135 capi
2301 4069 2555 4120 sentiebat.

200 4140 577 4203 peragebantur.
648 4140 753 4190 Nou
790 4142 884 4190 erit
918 4156 1110 4202 novum,
1156 4141 1329 4206 inquit,
1430 4138 1649 4202 (Rigalt.)
1718 4139 1788 4188 De
1824 4139 1900 4189 his
1934 4153 2058 4204 quae
2093 4145 2365 4203 sequuntur
2398 4136 2557 4188 ethni·

202 4207 508 4257 Christianos
542 4208 651 4257 siati
687 4222 777 4271 pro
812 4209 1135 4258 tribunalibus
1170 4208 1330 4259 ethni·
1430 4221 1600 4258 corum
1654 4205 1891 4270 exemplis
1942 4220 1985 4255 v.
2034 4220 2159 4270 quae
2214 4205 2433 4255 adnotavi
2495 4203 2560 4255 ad

201 4287 392 4324 corum.
471 4274 640 4339 Itaque
688 4284 738 4326 et
790 4277 1145 4338 monogamiam
1190 4288 1329 4326 suam
1430 4274 1542 4324 libri
1566 4275 1604 4324 l.
1639 4273 1710 4323 Ad
1747 4274 1888 4324 Uxor.
1937 4288 2044 4338 cap.
2075 4272 2125 4323 6.
2196 4273 2266 4322 De
2311 4273 2557 4323 Exhortat-

197 4343 424 4392 evincere
459 4350 663 4393 conatur
698 4344 840 4394 etiam
878 4343 1181 4394 ethnicorum
1202 4343 1330 4415 iudi·
1431 4341 1562 4393 Caat.
1600 4355 1711 4405 cap.
1741 4339 1823 4391 13.

2136 4736 2259 4788 50*
