<?xml version="1.0" encoding="UTF-8"?>
<!DOCTYPE html PUBLIC "-//W3C//DTD XHTML 1.0 Transitional//EN"
    "http://www.w3.org/TR/xhtml1/DTD/xhtml1-transitional.dtd">
<html xmlns="http://www.w3.org/1999/xhtml" xml:lang="en" lang="en">
 <head>
  <title>
</title>
<meta http-equiv="Content-Type" content="text/html;charset=utf-8" />
  <meta name='ocr-system' content='tesseract 3.04.00' />
  <meta name='ocr-capabilities' content='ocr_page ocr_carea ocr_par ocr_line ocrx_word'/>
</head>
<body>
  <div class='ocr_page' id='page_1' title='image "./quintiseptimiif04tertgoog_0204.png"; bbox 0 0 3263 5311; ppageno 0'>
   <div class='ocr_carea' id='block_1_1' title="bbox 687 418 2528 482">
    <p class='ocr_par' dir='ltr' id='par_1_1' title="bbox 687 418 2528 482">
     <span class='ocr_line' id='line_1_1' title="bbox 687 418 2528 482; baseline -0.005 -2"><span class='ocrx_word' id='word_1_1' title='bbox 687 418 809 480; x_wconf 79' lang='lat'><strong>174</strong></span> <span class='ocrx_word' id='word_1_2' title='bbox 1205 430 1410 482; x_wconf 72' lang='lat' dir='ltr'><strong>onim-1</strong></span> <span class='ocrx_word' id='word_1_3' title='bbox 1453 429 1719 473; x_wconf 70' lang='lat' dir='ltr'><strong>ser-rimi</strong></span> <span class='ocrx_word' id='word_1_4' title='bbox 1759 428 2090 473; x_wconf 67' lang='lat' dir='ltr'><strong>nont-:nris</strong></span> <span class='ocrx_word' id='word_1_5' title='bbox 2136 427 2528 472; x_wconf 64' lang='lat' dir='ltr'><strong>remeatum</strong></span> 
     </span>
    </p>
   </div>
   <div class='ocr_carea' id='block_1_2' title="bbox 668 576 3036 1266">
    <p class='ocr_par' dir='ltr' id='par_1_2' title="bbox 668 576 3036 1266">
     <span class='ocr_line' id='line_1_2' title="bbox 679 576 3031 659; baseline -0.002 -16"><span class='ocrx_word' id='word_1_6' title='bbox 679 582 743 643; x_wconf 91' lang='lat' dir='ltr'><strong>Si</strong></span> <span class='ocrx_word' id='word_1_7' title='bbox 776 582 1081 643; x_wconf 65' lang='lat' dir='ltr'><strong>³honorem</strong></span> <span class='ocrx_word' id='word_1_8' title='bbox 1124 580 1454 659; x_wconf 74' lang='lat' dir='ltr'><strong>inquietam</strong></span> <span class='ocrx_word' id='word_1_9' title='bbox 1494 578 1873 652; x_wconf 57' lang='lat' dir='ltr'><strong>divinitativ,</strong></span> <span class='ocrx_word' id='word_1_10' title='bbox 1937 579 1992 640; x_wconf 89' lang='lat' dir='ltr'><strong>si</strong></span> <span class='ocrx_word' id='word_1_11' title='bbox 2044 578 2371 640; x_wconf 88' lang='lat' dir='ltr'><strong>maiestatis</strong></span> <span class='ocrx_word' id='word_1_12' title='bbox 2423 577 2730 657; x_wconf 69' lang='lat' dir='ltr'><strong>”vestigia</strong></span> <span class='ocrx_word' id='word_1_13' title='bbox 2785 576 3031 639; x_wconf 77' lang='lat' dir='ltr'><strong>obsole-</strong></span> 
     </span>
     <span class='ocr_line' id='line_1_3' title="bbox 678 679 3030 761; baseline -0.001 -17"><span class='ocrx_word' id='word_1_14' title='bbox 678 691 861 757; x_wconf 64' lang='lat' dir='ltr'><strong>tamt,</strong></span> <span class='ocrx_word' id='word_1_15' title='bbox 908 682 981 743; x_wconf 89' lang='lat' dir='ltr'><strong>de</strong></span> <span class='ocrx_word' id='word_1_16' title='bbox 1037 689 1383 761; x_wconf 88' lang='lat' dir='ltr'><strong>contemptu</strong></span> <span class='ocrx_word' id='word_1_17' title='bbox 1423 680 1683 760; x_wconf 68' lang='lat' dir='ltr'><strong>¹’utique</strong></span> <span class='ocrx_word' id='word_1_18' title='bbox 1738 687 2097 742; x_wconf 52' lang='lat' dir='ltr'><strong>censentur«</strong></span> <span class='ocrx_word' id='word_1_19' title='bbox 2140 688 2259 740; x_wconf 83' lang='lat' dir='ltr'><strong>tam</strong></span> <span class='ocrx_word' id='word_1_20' title='bbox 2317 695 2527 741; x_wconf 88' lang='lat' dir='ltr'><strong>eorum</strong></span> <span class='ocrx_word' id='word_1_21' title='bbox 2587 679 2690 758; x_wconf 85' lang='lat' dir='ltr'><strong>qui</strong></span> <span class='ocrx_word' id='word_1_22' title='bbox 2733 679 3030 742; x_wconf 69' lang='lat' dir='ltr'><strong>eiusmoffi</strong></span> 
     </span>
     <span class='ocr_line' id='line_1_4' title="bbox 680 779 3033 862; baseline -0.001 -17"><span class='ocrx_word' id='word_1_23' title='bbox 680 783 943 845; x_wconf 79' lang='lat' dir='ltr'><strong>factitant</strong></span> <span class='ocrx_word' id='word_1_24' title='bbox 984 800 1158 861; x_wconf 87' lang='lat' dir='ltr'><strong>quam</strong></span> <span class='ocrx_word' id='word_1_25' title='bbox 1203 800 1413 843; x_wconf 86' lang='lat' dir='ltr'><strong>eorum</strong></span> <span class='ocrx_word' id='word_1_26' title='bbox 1456 781 1673 862; x_wconf 90' lang='lat' dir='ltr'><strong>quibus</strong></span> <span class='ocrx_word' id='word_1_27' title='bbox 1717 781 1999 842; x_wconf 72' lang='lat' dir='ltr'><strong>factitant.</strong></span> <span class='ocrx_word' id='word_1_28' title='bbox 2066 780 2242 843; x_wconf 65' lang='lat' dir='ltr'><strong>”Sed</strong></span> <span class='ocrx_word' id='word_1_29' title='bbox 2283 779 2508 842; x_wconf 87' lang='lat' dir='ltr'><strong>ludicra</strong></span> <span class='ocrx_word' id='word_1_30' title='bbox 2550 780 2661 841; x_wconf 86' lang='lat' dir='ltr'><strong>ista</strong></span> <span class='ocrx_word' id='word_1_31' title='bbox 2704 779 2845 841; x_wconf 83' lang='lat' dir='ltr'><strong>s&#39;int.</strong></span> <span class='ocrx_word' id='word_1_32' title='bbox 2916 779 3033 842; x_wconf 84' lang='lat' dir='ltr'><strong>Ce-</strong></span> 
     </span>
     <span class='ocr_line' id='line_1_5' title="bbox 679 881 3031 962; baseline -0.002 -17"><span class='ocrx_word' id='word_1_33' title='bbox 679 893 872 946; x_wconf 85' lang='lat' dir='ltr'><strong>terum</strong></span> <span class='ocrx_word' id='word_1_34' title='bbox 916 881 969 944; x_wconf 86' lang='lat' dir='ltr'><strong>si</strong></span> <span class='ocrx_word' id='word_1_35' title='bbox 1002 882 1289 957; x_wconf 74' lang='lat' dir='ltr'><strong>adiciam,</strong></span> <span class='ocrx_word' id='word_1_36' title='bbox 1347 900 1498 962; x_wconf 87' lang='lat' dir='ltr'><strong>quae</strong></span> <span class='ocrx_word' id='word_1_37' title='bbox 1550 900 1677 944; x_wconf 86' lang='lat' dir='ltr'><strong>non</strong></span> <span class='ocrx_word' id='word_1_38' title='bbox 1729 882 1930 943; x_wconf 83' lang='lat' dir='ltr'><strong>miuus</strong></span> <span class='ocrx_word' id='word_1_39' title='bbox 1986 881 2382 943; x_wconf 83' lang='lat' dir='ltr'><strong>conscientiae</strong></span> <span class='ocrx_word' id='word_1_40' title='bbox 2427 881 2691 942; x_wconf 84' lang='lat' dir='ltr'><strong>omnimn</strong></span> <span class='ocrx_word' id='word_1_41' title='bbox 2733 898 3031 960; x_wconf 78' lang='lat' dir='ltr'><strong>recogno-</strong></span> 
     </span>
     <span class='ocr_line' id='line_1_6' title="bbox 668 969 3032 1063; baseline -0 -19"><span class='ocrx_word' id='word_1_42' title='bbox 668 992 881 1057; x_wconf 75' lang='lat' dir='ltr'><strong>scent,</strong></span> <span class='ocrx_word' id='word_1_43' title='bbox 925 982 1044 1044; x_wconf 74' lang='lat' dir='ltr'><strong>¹&#39;‘⁵in</strong></span> <span class='ocrx_word' id='word_1_44' title='bbox 1089 982 1325 1062; x_wconf 88' lang='lat' dir='ltr'><strong>templis</strong></span> <span class='ocrx_word' id='word_1_45' title='bbox 1371 983 1655 1045; x_wconf 87' lang='lat' dir='ltr'><strong>adulteria</strong></span> <span class='ocrx_word' id='word_1_46' title='bbox 1699 982 2012 1063; x_wconf 72' lang='lat' dir='ltr'><strong>conponi¹‚</strong></span> <span class='ocrx_word' id='word_1_47' title='bbox 2047 982 2222 1058; x_wconf 68' lang='lat' dir='ltr'><strong>⁴inter</strong></span> <span class='ocrx_word' id='word_1_48' title='bbox 2262 1001 2398 1044; x_wconf 84' lang='lat' dir='ltr'><strong>aras</strong></span> <span class='ocrx_word' id='word_1_49' title='bbox 2441 969 2731 1044; x_wconf 81' lang='lat' dir='ltr'><strong>lenocinia</strong></span> <span class='ocrx_word' id='word_1_50' title='bbox 2773 982 3032 1056; x_wconf 79' lang='lat' dir='ltr'><strong>tractari,</strong></span> 
     </span>
     <span class='ocr_line' id='line_1_7' title="bbox 681 1081 3035 1165; baseline -0 -20"><span class='ocrx_word' id='word_1_51' title='bbox 681 1085 743 1145; x_wconf 88' lang='lat' dir='ltr'><strong>in</strong></span> <span class='ocrx_word' id='word_1_52' title='bbox 809 1082 962 1164; x_wconf 85' lang='lat' dir='ltr'><strong>ipsis</strong></span> <span class='ocrx_word' id='word_1_53' title='bbox 1026 1084 1377 1165; x_wconf 87' lang='lat' dir='ltr'><strong>plerumque</strong></span> <span class='ocrx_word' id='word_1_54' title='bbox 1441 1084 1817 1147; x_wconf 77' lang='lat' dir='ltr'><strong>aedituorum</strong></span> <span class='ocrx_word' id='word_1_55' title='bbox 1880 1091 1942 1145; x_wconf 87' lang='lat' dir='ltr'><strong>et</strong></span> <span class='ocrx_word' id='word_1_56' title='bbox 2013 1081 2390 1144; x_wconf 82' lang='lat' dir='ltr'><strong>sacerdotum</strong></span> <span class='ocrx_word' id='word_1_57' title='bbox 2457 1082 2848 1145; x_wconf 80' lang='lat' dir='ltr'><strong>tabernacttlis</strong></span> <span class='ocrx_word' id='word_1_58' title='bbox 2921 1082 3035 1144; x_wconf 87' lang='lat' dir='ltr'><strong>sub</strong></span> 
     </span>
     <span class='ocr_line' id='line_1_8' title="bbox 680 1178 3036 1266; baseline -0.001 -20"><span class='ocrx_word' id='word_1_59' title='bbox 680 1183 929 1247; x_wconf 72' lang='lat' dir='ltr'><strong>”isdem</strong></span> <span class='ocrx_word' id='word_1_60' title='bbox 982 1184 1146 1246; x_wconf 82' lang='lat' dir='ltr'><strong>vittis</strong></span> <span class='ocrx_word' id='word_1_61' title='bbox 1203 1195 1265 1247; x_wconf 90' lang='lat' dir='ltr'><strong>et</strong></span> <span class='ocrx_word' id='word_1_62' title='bbox 1326 1184 1591 1266; x_wconf 80' lang='lat' dir='ltr'><strong>apicibus</strong></span> <span class='ocrx_word' id='word_1_63' title='bbox 1658 1193 1719 1247; x_wconf 85' lang='lat' dir='ltr'><strong>et</strong></span> <span class='ocrx_word' id='word_1_64' title='bbox 1768 1184 2084 1265; x_wconf 86' lang='lat' dir='ltr'><strong>purpuris·</strong></span> <span class='ocrx_word' id='word_1_65' title='bbox 2106 1178 2115 1184; x_wconf 77' lang='grc'><strong>’</strong></span> <span class='ocrx_word' id='word_1_66' title='bbox 2139 1184 2312 1246; x_wconf 89' lang='lat' dir='ltr'><strong>thure</strong></span> <span class='ocrx_word' id='word_1_67' title='bbox 2363 1185 2677 1263; x_wconf 66' lang='lat' dir='ltr'><strong>flagrante‘</strong></span> <span class='ocrx_word' id='word_1_68' title='bbox 2730 1183 3036 1245; x_wconf 78' lang='lat' dir='ltr'><strong>libidinem</strong></span> 
     </span>
    </p>
   </div>
   <div class='ocr_carea' id='block_1_3' title="bbox 682 1336 3084 2009">
    <p class='ocr_par' dir='ltr' id='par_1_3' title="bbox 682 1336 3084 1604">
     <span class='ocr_line' id='line_1_9' title="bbox 682 1336 3084 1400; baseline -0.002 -12"><span class='ocrx_word' id='word_1_69' title='bbox 682 1336 765 1388; x_wconf 88' lang='grc'><strong>22.</strong></span> <span class='ocrx_word' id='word_1_70' title='bbox 799 1337 995 1400; x_wconf 80' lang='lat' dir='ltr'><strong>vestigia</strong></span> <span class='ocrx_word' id='word_1_71' title='bbox 1033 1337 1309 1388; x_wconf 79' lang='lat' dir='ltr'><strong>obsoletant</strong></span> <span class='ocrx_word' id='word_1_72' title='bbox 1340 1340 1662 1391; x_wconf 79' lang='lat' dir='ltr'><strong>ABDEGbcde.</strong></span> <span class='ocrx_word' id='word_1_73' title='bbox 1687 1340 1874 1389; x_wconf 77' lang='lat' dir='ltr'><strong>Vindob.</strong></span> <span class='ocrx_word' id='word_1_74' title='bbox 1902 1339 2049 1388; x_wconf 69' lang='lat' dir='ltr'><strong>Oxou.</strong></span> <span class='ocrx_word' id='word_1_75' title='bbox 2085 1338 2291 1389; x_wconf 71' lang='lat' dir='ltr'><strong>Amin-os.</strong></span> <span class='ocrx_word' id='word_1_76' title='bbox 2327 1337 2499 1400; x_wconf 73' lang='lat' dir='ltr'><strong>Erfurt.</strong></span> <span class='ocrx_word' id='word_1_77' title='bbox 2538 1337 2772 1387; x_wconf 67' lang='lat' dir='ltr'><strong>Gor-siens.</strong></span> <span class='ocrx_word' id='word_1_78' title='bbox 2840 1336 3037 1398; x_wconf 71' lang='lat' dir='ltr'><strong>vestigia</strong></span> <span class='ocrx_word' id='word_1_79' title='bbox 3065 1337 3084 1354; x_wconf 80' lang='grc'><em>”</em></span> 
     </span>
     <span class='ocr_line' id='line_1_10' title="bbox 683 1399 3038 1468; baseline 0 -14"><span class='ocrx_word' id='word_1_80' title='bbox 683 1405 958 1455; x_wconf 81' lang='lat' dir='ltr'><strong>adsoletaut</strong></span> <span class='ocrx_word' id='word_1_81' title='bbox 991 1421 1035 1454; x_wconf 85' lang='lat' dir='ltr'><strong>o.</strong></span> <span class='ocrx_word' id='word_1_82' title='bbox 1107 1406 1295 1468; x_wconf 76' lang='lat' dir='ltr'><strong>fastigia</strong></span> <span class='ocrx_word' id='word_1_83' title='bbox 1333 1407 1589 1457; x_wconf 86' lang='lat' dir='ltr'><strong>obsoleant</strong></span> <span class='ocrx_word' id='word_1_84' title='bbox 1621 1407 1674 1457; x_wconf 77' lang='lat' dir='ltr'><strong>F.</strong></span> <span class='ocrx_word' id='word_1_85' title='bbox 1757 1405 2000 1467; x_wconf 72' lang='lat' dir='ltr'><strong>fastigium</strong></span> <span class='ocrx_word' id='word_1_86' title='bbox 2038 1405 2262 1455; x_wconf 87' lang='lat' dir='ltr'><strong>adsolant</strong></span> <span class='ocrx_word' id='word_1_87' title='bbox 2293 1399 2340 1451; x_wconf 78' lang='grc' dir='ltr'><strong>λ.</strong></span> <span class='ocrx_word' id='word_1_88' title='bbox 2381 1405 2570 1454; x_wconf 75' lang='lat' dir='ltr'><strong>fluam.</strong></span> <span class='ocrx_word' id='word_1_89' title='bbox 2665 1404 2851 1466; x_wconf 77' lang='lat' dir='ltr'><strong>fastigia</strong></span> <span class='ocrx_word' id='word_1_90' title='bbox 2890 1405 3038 1454; x_wconf 85' lang='lat' dir='ltr'><strong>adso·</strong></span> 
     </span>
     <span class='ocr_line' id='line_1_11' title="bbox 684 1471 3042 1538; baseline -0 -16"><span class='ocrx_word' id='word_1_91' title='bbox 684 1474 786 1522; x_wconf 92' lang='lat' dir='ltr'><strong>lant</strong></span> <span class='ocrx_word' id='word_1_92' title='bbox 819 1478 853 1538; x_wconf 78' lang='grc' dir='ltr'><strong>Ῑ.</strong></span> <span class='ocrx_word' id='word_1_93' title='bbox 960 1471 1040 1522; x_wconf 81' lang='grc'><strong>23.</strong></span> <span class='ocrx_word' id='word_1_94' title='bbox 1075 1473 1460 1538; x_wconf 78' lang='lat' dir='ltr'><strong>itaqueAmbros.</strong></span> <span class='ocrx_word' id='word_1_95' title='bbox 1568 1474 1651 1523; x_wconf 81' lang='lat'><strong>24.</strong></span> <span class='ocrx_word' id='word_1_96' title='bbox 1688 1473 1786 1523; x_wconf 88' lang='lat' dir='ltr'><strong>Sed</strong></span> <span class='ocrx_word' id='word_1_97' title='bbox 1821 1473 2004 1523; x_wconf 87' lang='lat' dir='ltr'><strong>ludicra</strong></span> <span class='ocrx_word' id='word_1_98' title='bbox 2039 1473 2132 1522; x_wconf 85' lang='lat' dir='ltr'><strong>ista</strong></span> <span class='ocrx_word' id='word_1_99' title='bbox 2167 1480 2296 1521; x_wconf 86' lang='lat' dir='ltr'><strong>sunt.</strong></span> <span class='ocrx_word' id='word_1_100' title='bbox 2333 1471 2429 1521; x_wconf 89' lang='lat' dir='ltr'><strong>Sed</strong></span> <span class='ocrx_word' id='word_1_101' title='bbox 2466 1472 2650 1520; x_wconf 83' lang='lat' dir='ltr'><strong>ludicra</strong></span> <span class='ocrx_word' id='word_1_102' title='bbox 2687 1472 2778 1522; x_wconf 88' lang='lat' dir='ltr'><strong>ista</strong></span> <span class='ocrx_word' id='word_1_103' title='bbox 2813 1472 2928 1521; x_wconf 86' lang='lat' dir='ltr'><strong>sint.</strong></span> <span class='ocrx_word' id='word_1_104' title='bbox 2965 1473 3042 1521; x_wconf 77' lang='lat' dir='ltr'><strong>cd.</strong></span> 
     </span>
     <span class='ocr_line' id='line_1_12' title="bbox 685 1537 3006 1604; baseline 0 -15"><span class='ocrx_word' id='word_1_105' title='bbox 685 1540 781 1590; x_wconf 86' lang='lat' dir='ltr'><strong>Sed</strong></span> <span class='ocrx_word' id='word_1_106' title='bbox 817 1539 1002 1590; x_wconf 87' lang='lat' dir='ltr'><strong>ludicra</strong></span> <span class='ocrx_word' id='word_1_107' title='bbox 1038 1541 1143 1589; x_wconf 85' lang='lat' dir='ltr'><strong>ista.</strong></span> <span class='ocrx_word' id='word_1_108' title='bbox 1193 1540 1299 1591; x_wconf 90' lang='lat' dir='ltr'><strong>Sint</strong></span> <span class='ocrx_word' id='word_1_109' title='bbox 1332 1542 1520 1593; x_wconf 79' lang='lat' dir='ltr'><strong>Hooere.</strong></span> <span class='ocrx_word' id='word_1_110' title='bbox 1626 1540 1709 1591; x_wconf 83' lang='lat'><strong>25.</strong></span> <span class='ocrx_word' id='word_1_111' title='bbox 1747 1542 1794 1590; x_wconf 87' lang='lat' dir='ltr'><strong>in</strong></span> <span class='ocrx_word' id='word_1_112' title='bbox 1832 1540 2013 1604; x_wconf 89' lang='lat' dir='ltr'><strong>templo</strong></span> <span class='ocrx_word' id='word_1_113' title='bbox 2049 1540 2104 1590; x_wconf 87' lang='lat' dir='ltr'><strong>F.</strong></span> <span class='ocrx_word' id='word_1_114' title='bbox 2208 1538 2290 1590; x_wconf 84' lang='lat'><strong>26.</strong></span> <span class='ocrx_word' id='word_1_115' title='bbox 2328 1539 2514 1588; x_wconf 83' lang='lat' dir='ltr'><strong>hisdem</strong></span> <span class='ocrx_word' id='word_1_116' title='bbox 2551 1537 2650 1601; x_wconf 73' lang='grc' dir='ltr'><strong>Αβ.</strong></span> <span class='ocrx_word' id='word_1_117' title='bbox 2725 1537 2907 1589; x_wconf 88' lang='lat' dir='ltr'><strong>eisdem</strong></span> <span class='ocrx_word' id='word_1_118' title='bbox 2949 1539 3006 1589; x_wconf 76' lang='lat' dir='ltr'><strong>F.</strong></span> 
     </span>
    </p>

    <p class='ocr_par' dir='ltr' id='par_1_4' title="bbox 1914 1667 3046 2009">
     <span class='ocr_line' id='line_1_13' title="bbox 1983 1667 3044 1738; baseline -0.001 -14"><span class='ocrx_word' id='word_1_119' title='bbox 1983 1689 2025 1724; x_wconf 91' lang='lat' dir='ltr'><strong>r.</strong></span> <span class='ocrx_word' id='word_1_120' title='bbox 2076 1676 2122 1724; x_wconf 86' lang='lat' dir='ltr'><strong>in</strong></span> <span class='ocrx_word' id='word_1_121' title='bbox 2160 1675 2356 1738; x_wconf 82' lang='lat' dir='ltr'><strong>templis</strong></span> <span class='ocrx_word' id='word_1_122' title='bbox 2405 1672 2635 1725; x_wconf 86' lang='lat' dir='ltr'><strong>adulteria</strong></span> <span class='ocrx_word' id='word_1_123' title='bbox 2674 1667 2907 1738; x_wconf 85' lang='lat' dir='ltr'><strong>conponi]</strong></span> <span class='ocrx_word' id='word_1_124' title='bbox 2971 1673 3044 1723; x_wconf 84' lang='lat' dir='ltr'><strong>De</strong></span> 
     </span>
     <span class='ocr_line' id='line_1_14' title="bbox 1917 1740 3044 1805; baseline -0.001 -14"><span class='ocrx_word' id='word_1_125' title='bbox 1917 1742 2079 1792; x_wconf 82' lang='lat' dir='ltr'><strong>Pudic.</strong></span> <span class='ocrx_word' id='word_1_126' title='bbox 2119 1756 2225 1805; x_wconf 86' lang='lat' dir='ltr'><strong>cap.</strong></span> <span class='ocrx_word' id='word_1_127' title='bbox 2263 1742 2294 1791; x_wconf 89' lang='lat'><strong>5</strong></span> <span class='ocrx_word' id='word_1_128' title='bbox 2347 1740 2482 1803; x_wconf 75' lang='lat' dir='ltr'><strong>„Ego</strong></span> <span class='ocrx_word' id='word_1_129' title='bbox 2533 1741 2726 1805; x_wconf 88' lang='lat' dir='ltr'><strong>quidem</strong></span> <span class='ocrx_word' id='word_1_130' title='bbox 2765 1741 3044 1790; x_wconf 85' lang='lat' dir='ltr'><strong>ldololatria</strong></span> 
     </span>
     <span class='ocr_line' id='line_1_15' title="bbox 1914 1808 3044 1873; baseline -0.001 -15"><span class='ocrx_word' id='word_1_131' title='bbox 1914 1809 2203 1873; x_wconf 73' lang='lat' dir='ltr'><strong>saepissime</strong></span> <span class='ocrx_word' id='word_1_132' title='bbox 2238 1809 2486 1859; x_wconf 87' lang='lat' dir='ltr'><strong>moechiae</strong></span> <span class='ocrx_word' id='word_1_133' title='bbox 2522 1811 2825 1858; x_wconf 76' lang='lat' dir='ltr'><strong>occasionem</strong></span> <span class='ocrx_word' id='word_1_134' title='bbox 2855 1808 3044 1858; x_wconf 85' lang='lat' dir='ltr'><strong>submi-</strong></span> 
     </span>
     <span class='ocr_line' id='line_1_16' title="bbox 1918 1876 3046 1927; baseline -0.002 -1"><span class='ocrx_word' id='word_1_135' title='bbox 1918 1878 2089 1926; x_wconf 87' lang='lat' dir='ltr'><strong>nistro.</strong></span> <span class='ocrx_word' id='word_1_136' title='bbox 2160 1877 2328 1927; x_wconf 87' lang='lat' dir='ltr'><strong>Sciunt</strong></span> <span class='ocrx_word' id='word_1_137' title='bbox 2378 1877 2472 1926; x_wconf 90' lang='lat' dir='ltr'><strong>luci</strong></span> <span class='ocrx_word' id='word_1_138' title='bbox 2513 1877 2603 1925; x_wconf 87' lang='lat' dir='ltr'><strong>mei</strong></span> <span class='ocrx_word' id='word_1_139' title='bbox 2641 1884 2688 1925; x_wconf 89' lang='lat' dir='ltr'><strong>et</strong></span> <span class='ocrx_word' id='word_1_140' title='bbox 2723 1876 2814 1924; x_wconf 88' lang='lat' dir='ltr'><strong>mei</strong></span> <span class='ocrx_word' id='word_1_141' title='bbox 2852 1884 3046 1925; x_wconf 77' lang='lat' dir='ltr'><strong>montes</strong></span> 
     </span>
     <span class='ocr_line' id='line_1_17' title="bbox 1918 1943 3044 2009; baseline -0.003 -15"><span class='ocrx_word' id='word_1_142' title='bbox 1918 1951 1966 1994; x_wconf 88' lang='lat' dir='ltr'><strong>et</strong></span> <span class='ocrx_word' id='word_1_143' title='bbox 2000 1945 2128 1995; x_wconf 82' lang='lat' dir='ltr'><strong>vivae</strong></span> <span class='ocrx_word' id='word_1_144' title='bbox 2164 1959 2317 2009; x_wconf 84' lang='lat' dir='ltr'><strong>aquae</strong></span> <span class='ocrx_word' id='word_1_145' title='bbox 2354 1945 2554 2008; x_wconf 86' lang='lat' dir='ltr'><strong>ipsaque</strong></span> <span class='ocrx_word' id='word_1_146' title='bbox 2598 1945 2645 1992; x_wconf 90' lang='lat' dir='ltr'><strong>in</strong></span> <span class='ocrx_word' id='word_1_147' title='bbox 2683 1943 2880 1992; x_wconf 79' lang='lat' dir='ltr'><strong>urbibus</strong></span> <span class='ocrx_word' id='word_1_148' title='bbox 2917 1951 3044 1992; x_wconf 88' lang='lat' dir='ltr'><strong>tem-</strong></span> 
     </span>
    </p>
   </div>
   <div class='ocr_carea' id='block_1_4' title="bbox 685 1673 1817 1997">
    <p class='ocr_par' dir='ltr' id='par_1_5' title="bbox 685 1673 1817 1997">
     <span class='ocr_line' id='line_1_18' title="bbox 685 1673 1815 1739; baseline 0.002 -16"><span class='ocrx_word' id='word_1_149' title='bbox 685 1675 853 1737; x_wconf 71' lang='lat' dir='ltr'><strong>pissris.</strong></span> <span class='ocrx_word' id='word_1_150' title='bbox 926 1673 1016 1732; x_wconf 87' lang='lat' dir='ltr'><strong>Qui</strong></span> <span class='ocrx_word' id='word_1_151' title='bbox 1053 1688 1164 1724; x_wconf 82' lang='lat' dir='ltr'><strong>vero</strong></span> <span class='ocrx_word' id='word_1_152' title='bbox 1203 1675 1473 1735; x_wconf 81' lang='lat' dir='ltr'><strong>Plutonem,</strong></span> <span class='ocrx_word' id='word_1_153' title='bbox 1522 1690 1631 1727; x_wconf 89' lang='lat' dir='ltr'><strong>cnm</strong></span> <span class='ocrx_word' id='word_1_154' title='bbox 1663 1677 1815 1739; x_wconf 55' lang='lat' dir='ltr'><strong>mirga</strong></span> 
     </span>
     <span class='ocr_line' id='line_1_19' title="bbox 688 1741 1814 1817; baseline 0.004 -27"><span class='ocrx_word' id='word_1_155' title='bbox 688 1743 881 1805; x_wconf 87' lang='lat' dir='ltr'><strong>quidem</strong></span> <span class='ocrx_word' id='word_1_156' title='bbox 933 1741 1201 1817; x_wconf 64' lang='lat' dir='ltr'><strong>incedebat,</strong></span> <span class='ocrx_word' id='word_1_157' title='bbox 1252 1744 1340 1793; x_wconf 87' lang='lat' dir='ltr'><strong>sed</strong></span> <span class='ocrx_word' id='word_1_158' title='bbox 1387 1751 1567 1794; x_wconf 85' lang='lat' dir='ltr'><strong>armata</strong></span> <span class='ocrx_word' id='word_1_159' title='bbox 1617 1743 1814 1804; x_wconf 86' lang='lat' dir='ltr'><strong>malleo,</strong></span> 
     </span>
     <span class='ocr_line' id='line_1_20' title="bbox 686 1807 1815 1875; baseline 0.004 -19"><span class='ocrx_word' id='word_1_160' title='bbox 686 1823 783 1872; x_wconf 81' lang='lat' dir='ltr'><strong>quo</strong></span> <span class='ocrx_word' id='word_1_161' title='bbox 821 1807 1011 1858; x_wconf 73' lang='lat' dir='ltr'><strong>facilius</strong></span> <span class='ocrx_word' id='word_1_162' title='bbox 1046 1810 1380 1871; x_wconf 82' lang='lat' dir='ltr'><strong>contunderet,</strong></span> <span class='ocrx_word' id='word_1_163' title='bbox 1415 1811 1457 1861; x_wconf 90' lang='lat' dir='ltr'><strong>si</strong></span> <span class='ocrx_word' id='word_1_164' title='bbox 1490 1812 1603 1875; x_wconf 88' lang='lat' dir='ltr'><strong>quid</strong></span> <span class='ocrx_word' id='word_1_165' title='bbox 1626 1807 1815 1861; x_wconf 87' lang='lat' dir='ltr'><strong>animae</strong></span> 
     </span>
     <span class='ocr_line' id='line_1_21' title="bbox 686 1874 1815 1942; baseline 0.004 -18"><span class='ocrx_word' id='word_1_166' title='bbox 686 1876 879 1924; x_wconf 87' lang='lat' dir='ltr'><strong>latentis</strong></span> <span class='ocrx_word' id='word_1_167' title='bbox 913 1876 961 1924; x_wconf 88' lang='lat' dir='ltr'><strong>in</strong></span> <span class='ocrx_word' id='word_1_168' title='bbox 997 1874 1095 1925; x_wconf 87' lang='lat' dir='ltr'><strong>illis</strong></span> <span class='ocrx_word' id='word_1_169' title='bbox 1130 1877 1449 1939; x_wconf 73' lang='lat' dir='ltr'><strong>gladiatorum</strong></span> <span class='ocrx_word' id='word_1_170' title='bbox 1486 1893 1512 1927; x_wconf 84' lang='lat' dir='ltr'><strong>a</strong></span> <span class='ocrx_word' id='word_1_171' title='bbox 1550 1893 1707 1942; x_wconf 82' lang='lat' dir='ltr'><strong>pugna</strong></span> <span class='ocrx_word' id='word_1_172' title='bbox 1736 1894 1815 1929; x_wconf 86' lang='lat' dir='ltr'><strong>re-</strong></span> 
     </span>
     <span class='ocr_line' id='line_1_22' title="bbox 688 1943 1817 1997; baseline 0.004 -5"><span class='ocrx_word' id='word_1_173' title='bbox 688 1943 896 1992; x_wconf 87' lang='lat' dir='ltr'><strong>centium</strong></span> <span class='ocrx_word' id='word_1_174' title='bbox 950 1943 1259 1994; x_wconf 82' lang='lat' dir='ltr'><strong>cadaveribus</strong></span> <span class='ocrx_word' id='word_1_175' title='bbox 1307 1947 1643 1996; x_wconf 79' lang='lat' dir='ltr'><strong>intereundum</strong></span> <span class='ocrx_word' id='word_1_176' title='bbox 1691 1947 1817 1997; x_wconf 75' lang='lat' dir='ltr'><strong>forte</strong></span> 
     </span>
    </p>
   </div>
   <div class='ocr_carea' id='block_1_5' title="bbox 682 2008 1824 4701">
    <p class='ocr_par' dir='ltr' id='par_1_6' title="bbox 686 2008 1815 2146">
     <span class='ocr_line' id='line_1_23' title="bbox 686 2008 1815 2065; baseline 0.006 -7"><span class='ocrx_word' id='word_1_177' title='bbox 686 2008 965 2060; x_wconf 87' lang='lat' dir='ltr'><strong>rebellaret.</strong></span> <span class='ocrx_word' id='word_1_178' title='bbox 1046 2011 1269 2062; x_wconf 70' lang='lat' dir='ltr'><strong>Halleum</strong></span> <span class='ocrx_word' id='word_1_179' title='bbox 1319 2019 1367 2063; x_wconf 87' lang='lat' dir='ltr'><strong>et</strong></span> <span class='ocrx_word' id='word_1_180' title='bbox 1414 2013 1593 2063; x_wconf 80' lang='lat' dir='ltr'><strong>clavam</strong></span> <span class='ocrx_word' id='word_1_181' title='bbox 1645 2014 1815 2065; x_wconf 81' lang='lat' dir='ltr'><strong>Graeci</strong></span> 
     </span>
     <span class='ocr_line' id='line_1_24' title="bbox 690 2069 1746 2146; baseline 0.009 -24"><span class='ocrx_word' id='word_1_182' title='bbox 690 2069 907 2142; x_wconf 69' lang='grc' dir='ltr'><strong><em>ράβθον</em></strong></span> <span class='ocrx_word' id='word_1_183' title='bbox 940 2087 1109 2129; x_wconf 79' lang='lat' dir='ltr'><strong>vocant</strong></span> <span class='ocrx_word' id='word_1_184' title='bbox 1144 2088 1192 2130; x_wconf 89' lang='lat' dir='ltr'><strong>et</strong></span> <span class='ocrx_word' id='word_1_185' title='bbox 1224 2072 1491 2146; x_wconf 69' lang='grc' dir='ltr'><strong>νάρθηὶα.</strong></span> <span class='ocrx_word' id='word_1_186' title='bbox 1533 2081 1746 2143; x_wconf 77' lang='lat' dir='ltr'><strong>(Rigalt.)</strong></span> 
     </span>
    </p>

    <p class='ocr_par' dir='ltr' id='par_1_7' title="bbox 682 2144 1819 3018">
     <span class='ocr_line' id='line_1_25' title="bbox 755 2144 1815 2215; baseline 0.006 -22"><span class='ocrx_word' id='word_1_187' title='bbox 755 2160 800 2194; x_wconf 91' lang='lat' dir='ltr'><strong>o.</strong></span> <span class='ocrx_word' id='word_1_188' title='bbox 851 2144 902 2194; x_wconf 92' lang='lat' dir='ltr'><strong>Si</strong></span> <span class='ocrx_word' id='word_1_189' title='bbox 937 2145 1172 2197; x_wconf 86' lang='lat' dir='ltr'><strong>honorem</strong></span> <span class='ocrx_word' id='word_1_190' title='bbox 1221 2148 1488 2212; x_wconf 87' lang='lat' dir='ltr'><strong>inquietant</strong></span> <span class='ocrx_word' id='word_1_191' title='bbox 1533 2144 1815 2215; x_wconf 82' lang='lat' dir='ltr'><strong>divinitatis]</strong></span> 
     </span>
     <span class='ocr_line' id='line_1_26' title="bbox 686 2212 1814 2275; baseline 0.005 -15"><span class='ocrx_word' id='word_1_192' title='bbox 686 2212 961 2275; x_wconf 74' lang='lat' dir='ltr'><strong>inquietare</strong></span> <span class='ocrx_word' id='word_1_193' title='bbox 997 2214 1231 2263; x_wconf 89' lang='lat' dir='ltr'><strong>honorem</strong></span> <span class='ocrx_word' id='word_1_194' title='bbox 1271 2215 1527 2265; x_wconf 83' lang='lat' dir='ltr'><strong>divinitatis</strong></span> <span class='ocrx_word' id='word_1_195' title='bbox 1555 2216 1671 2264; x_wconf 89' lang='lat' dir='ltr'><strong>dicit</strong></span> <span class='ocrx_word' id='word_1_196' title='bbox 1693 2216 1814 2266; x_wconf 84' lang='lat' dir='ltr'><strong>Ter·</strong></span> 
     </span>
     <span class='ocr_line' id='line_1_27' title="bbox 688 2279 1816 2343; baseline 0.005 -16"><span class='ocrx_word' id='word_1_197' title='bbox 688 2279 918 2328; x_wconf 87' lang='lat' dir='ltr'><strong>tullianus</strong></span> <span class='ocrx_word' id='word_1_198' title='bbox 954 2282 1092 2343; x_wconf 86' lang='lat' dir='ltr'><strong>quasi</strong></span> <span class='ocrx_word' id='word_1_199' title='bbox 1129 2281 1330 2331; x_wconf 89' lang='lat' dir='ltr'><strong>honoris</strong></span> <span class='ocrx_word' id='word_1_200' title='bbox 1353 2283 1482 2332; x_wconf 89' lang='lat' dir='ltr'><strong>illius</strong></span> <span class='ocrx_word' id='word_1_201' title='bbox 1508 2290 1684 2333; x_wconf 86' lang='lat' dir='ltr'><strong>statum</strong></span> <span class='ocrx_word' id='word_1_202' title='bbox 1710 2290 1816 2333; x_wconf 88' lang='lat' dir='ltr'><strong>tur-</strong></span> 
     </span>
     <span class='ocr_line' id='line_1_28' title="bbox 687 2346 1815 2401; baseline 0.005 -7"><span class='ocrx_word' id='word_1_203' title='bbox 687 2346 821 2396; x_wconf 86' lang='lat' dir='ltr'><strong>bare.</strong></span> <span class='ocrx_word' id='word_1_204' title='bbox 903 2346 984 2397; x_wconf 87' lang='lat' dir='ltr'><strong>Sic</strong></span> <span class='ocrx_word' id='word_1_205' title='bbox 1031 2347 1155 2397; x_wconf 88' lang='lat' dir='ltr'><strong>libro</strong></span> <span class='ocrx_word' id='word_1_206' title='bbox 1192 2348 1261 2398; x_wconf 85' lang='lat' dir='ltr'><strong>De</strong></span> <span class='ocrx_word' id='word_1_207' title='bbox 1296 2350 1453 2401; x_wconf 86' lang='lat' dir='ltr'><strong>Carne</strong></span> <span class='ocrx_word' id='word_1_208' title='bbox 1488 2350 1668 2399; x_wconf 83' lang='lat' dir='ltr'><strong>Christi</strong></span> <span class='ocrx_word' id='word_1_209' title='bbox 1714 2357 1815 2400; x_wconf 84' lang='lat' dir='ltr'><strong>sta·</strong></span> 
     </span>
     <span class='ocr_line' id='line_1_29' title="bbox 687 2414 1817 2475; baseline 0.006 -14"><span class='ocrx_word' id='word_1_210' title='bbox 687 2414 775 2461; x_wconf 89' lang='lat' dir='ltr'><strong>tim</strong></span> <span class='ocrx_word' id='word_1_211' title='bbox 836 2414 1000 2464; x_wconf 87' lang='lat' dir='ltr'><strong>initio:</strong></span> <span class='ocrx_word' id='word_1_212' title='bbox 1060 2416 1187 2475; x_wconf 85' lang='lat' dir='ltr'><strong>„Qui</strong></span> <span class='ocrx_word' id='word_1_213' title='bbox 1248 2417 1392 2467; x_wconf 78' lang='lat' dir='ltr'><strong>tidem</strong></span> <span class='ocrx_word' id='word_1_214' title='bbox 1443 2418 1817 2468; x_wconf 83' lang='lat' dir='ltr'><strong>resurrectionis</strong></span> 
     </span>
     <span class='ocr_line' id='line_1_30' title="bbox 690 2482 1816 2548; baseline 0.005 -20"><span class='ocrx_word' id='word_1_215' title='bbox 690 2487 800 2529; x_wconf 84' lang='lat' dir='ltr'><strong>ante</strong></span> <span class='ocrx_word' id='word_1_216' title='bbox 836 2482 957 2530; x_wconf 87' lang='lat' dir='ltr'><strong>istos</strong></span> <span class='ocrx_word' id='word_1_217' title='bbox 979 2482 1370 2533; x_wconf 76' lang='lat' dir='ltr'><strong>Sadducaeorum</strong></span> <span class='ocrx_word' id='word_1_218' title='bbox 1390 2485 1694 2548; x_wconf 86' lang='lat' dir='ltr'><strong>propinquos</strong></span> <span class='ocrx_word' id='word_1_219' title='bbox 1710 2486 1816 2534; x_wconf 87' lang='lat' dir='ltr'><strong>sine</strong></span> 
     </span>
     <span class='ocr_line' id='line_1_31' title="bbox 690 2550 1815 2616; baseline 0.005 -20"><span class='ocrx_word' id='word_1_220' title='bbox 690 2550 1014 2598; x_wconf 79' lang='lat' dir='ltr'><strong>controversia</strong></span> <span class='ocrx_word' id='word_1_221' title='bbox 1034 2558 1267 2600; x_wconf 86' lang='lat' dir='ltr'><strong>moratam</strong></span> <span class='ocrx_word' id='word_1_222' title='bbox 1285 2553 1481 2601; x_wconf 83' lang='lat' dir='ltr'><strong>student</strong></span> <span class='ocrx_word' id='word_1_223' title='bbox 1503 2553 1815 2616; x_wconf 80' lang='lat' dir='ltr'><strong>inquietare.“</strong></span> 
     </span>
     <span class='ocr_line' id='line_1_32' title="bbox 688 2614 1814 2683; baseline 0.006 -20"><span class='ocrx_word' id='word_1_224' title='bbox 688 2614 926 2677; x_wconf 78' lang='lat' dir='ltr'><strong>(Herald.)</strong></span> <span class='ocrx_word' id='word_1_225' title='bbox 973 2616 1107 2667; x_wconf 76' lang='lat' dir='ltr'><strong>Addo</strong></span> <span class='ocrx_word' id='word_1_226' title='bbox 1142 2618 1210 2667; x_wconf 79' lang='lat' dir='ltr'><strong>Ad</strong></span> <span class='ocrx_word' id='word_1_227' title='bbox 1234 2618 1357 2670; x_wconf 84' lang='lat' dir='ltr'><strong>Natt.</strong></span> <span class='ocrx_word' id='word_1_228' title='bbox 1382 2619 1518 2681; x_wconf 87' lang='lat' dir='ltr'><strong>1,1o.</strong></span> <span class='ocrx_word' id='word_1_229' title='bbox 1555 2619 1814 2683; x_wconf 77' lang='lat' dir='ltr'><strong>gemellum</strong></span> 
     </span>
     <span class='ocr_line' id='line_1_33' title="bbox 686 2682 1814 2751; baseline 0.007 -21"><span class='ocrx_word' id='word_1_230' title='bbox 686 2682 864 2743; x_wconf 89' lang='lat' dir='ltr'><strong>locum,</strong></span> <span class='ocrx_word' id='word_1_231' title='bbox 901 2691 949 2733; x_wconf 89' lang='lat' dir='ltr'><strong>et</strong></span> <span class='ocrx_word' id='word_1_232' title='bbox 986 2684 1053 2735; x_wconf 87' lang='lat' dir='ltr'><strong>De</strong></span> <span class='ocrx_word' id='word_1_233' title='bbox 1072 2685 1291 2748; x_wconf 78' lang='lat' dir='ltr'><strong>spectac.</strong></span> <span class='ocrx_word' id='word_1_234' title='bbox 1330 2702 1434 2751; x_wconf 85' lang='lat' dir='ltr'><strong>cap.</strong></span> <span class='ocrx_word' id='word_1_235' title='bbox 1456 2688 1517 2737; x_wconf 85' lang='lat'><strong>15</strong></span> <span class='ocrx_word' id='word_1_236' title='bbox 1556 2688 1814 2751; x_wconf 85' lang='lat' dir='ltr'><strong>„spiritum</strong></span> 
     </span>
     <span class='ocr_line' id='line_1_34' title="bbox 685 2750 1819 2820; baseline 0.009 -23"><span class='ocrx_word' id='word_1_237' title='bbox 685 2758 903 2800; x_wconf 85' lang='lat' dir='ltr'><strong>sanctum</strong></span> <span class='ocrx_word' id='word_1_238' title='bbox 942 2775 1010 2786; x_wconf 89' lang='lat'>—</span> <span class='ocrx_word' id='word_1_239' title='bbox 1044 2776 1110 2787; x_wconf 88' lang='lat'>—</span> <span class='ocrx_word' id='word_1_240' title='bbox 1156 2750 1254 2805; x_wconf 77' lang='lat' dir='ltr'><strong>&#39;tion</strong></span> <span class='ocrx_word' id='word_1_241' title='bbox 1292 2754 1464 2805; x_wconf 89' lang='lat' dir='ltr'><strong>dolore</strong></span> <span class='ocrx_word' id='word_1_242' title='bbox 1498 2754 1819 2820; x_wconf 73' lang='lat' dir='ltr'><strong>iuquietare.“</strong></span> 
     </span>
     <span class='ocr_line' id='line_1_35' title="bbox 685 2818 1817 2874; baseline 0.005 -10"><span class='ocrx_word' id='word_1_243' title='bbox 685 2818 822 2866; x_wconf 77' lang='lat' dir='ltr'><strong>Amat</strong></span> <span class='ocrx_word' id='word_1_244' title='bbox 868 2819 1194 2870; x_wconf 84' lang='lat' dir='ltr'><strong>Tertullianus</strong></span> <span class='ocrx_word' id='word_1_245' title='bbox 1243 2823 1336 2872; x_wconf 89' lang='lat' dir='ltr'><strong>hoc</strong></span> <span class='ocrx_word' id='word_1_246' title='bbox 1379 2823 1525 2872; x_wconf 80' lang='lat' dir='ltr'><strong>verbo</strong></span> <span class='ocrx_word' id='word_1_247' title='bbox 1574 2824 1661 2872; x_wconf 88' lang='lat' dir='ltr'><strong>uti.</strong></span> <span class='ocrx_word' id='word_1_248' title='bbox 1743 2822 1817 2874; x_wconf 78' lang='lat' dir='ltr'><strong>Cf.</strong></span> 
     </span>
     <span class='ocr_line' id='line_1_36' title="bbox 682 2885 1819 2954; baseline 0.006 -22"><span class='ocrx_word' id='word_1_249' title='bbox 682 2885 822 2947; x_wconf 78' lang='lat' dir='ltr'><strong>Apol.</strong></span> <span class='ocrx_word' id='word_1_250' title='bbox 860 2901 965 2950; x_wconf 83' lang='lat' dir='ltr'><strong>cap.</strong></span> <span class='ocrx_word' id='word_1_251' title='bbox 1001 2886 1083 2938; x_wconf 84' lang='lat'><strong>38.</strong></span> <span class='ocrx_word' id='word_1_252' title='bbox 1146 2888 1218 2939; x_wconf 88' lang='lat' dir='ltr'><strong>De</strong></span> <span class='ocrx_word' id='word_1_253' title='bbox 1252 2889 1442 2940; x_wconf 84' lang='lat' dir='ltr'><strong>Corona</strong></span> <span class='ocrx_word' id='word_1_254' title='bbox 1480 2891 1686 2954; x_wconf 83' lang='lat' dir='ltr'><strong>cap.ll.</strong></span> <span class='ocrx_word' id='word_1_255' title='bbox 1748 2890 1819 2939; x_wconf 85' lang='lat' dir='ltr'><strong>De</strong></span> 
     </span>
     <span class='ocr_line' id='line_1_37' title="bbox 685 2952 1166 3018; baseline 0.008 -18"><span class='ocrx_word' id='word_1_256' title='bbox 685 2952 902 3015; x_wconf 75' lang='lat' dir='ltr'><strong>Spectas.</strong></span> <span class='ocrx_word' id='word_1_257' title='bbox 943 2969 1047 3018; x_wconf 85' lang='lat' dir='ltr'><strong>cap.</strong></span> <span class='ocrx_word' id='word_1_258' title='bbox 1084 2954 1166 3006; x_wconf 86' lang='lat'><strong>23.</strong></span> 
     </span>
    </p>

    <p class='ocr_par' dir='ltr' id='par_1_8' title="bbox 686 3019 1823 3825">
     <span class='ocr_line' id='line_1_38' title="bbox 752 3019 1817 3097; baseline 0.004 -28"><span class='ocrx_word' id='word_1_259' title='bbox 752 3034 800 3097; x_wconf 83' lang='lat' dir='ltr'><strong>p.</strong></span> <span class='ocrx_word' id='word_1_260' title='bbox 867 3022 909 3071; x_wconf 89' lang='lat' dir='ltr'><strong>si</strong></span> <span class='ocrx_word' id='word_1_261' title='bbox 959 3023 1222 3073; x_wconf 85' lang='lat' dir='ltr'><strong>maiestatis</strong></span> <span class='ocrx_word' id='word_1_262' title='bbox 1266 3025 1463 3087; x_wconf 75' lang='lat' dir='ltr'><strong>vestigia</strong></span> <span class='ocrx_word' id='word_1_263' title='bbox 1516 3019 1817 3089; x_wconf 87' lang='lat' dir='ltr'><strong>obsoletant]</strong></span> 
     </span>
     <span class='ocr_line' id='line_1_39' title="bbox 686 3085 1816 3154; baseline 0.008 -20"><span class='ocrx_word' id='word_1_264' title='bbox 686 3085 945 3138; x_wconf 72' lang='lat' dir='ltr'><strong>Maiestatis</strong></span> <span class='ocrx_word' id='word_1_265' title='bbox 1008 3092 1203 3154; x_wconf 76' lang='lat' dir='ltr'><strong>vestigia</strong></span> <span class='ocrx_word' id='word_1_266' title='bbox 1264 3093 1539 3143; x_wconf 87' lang='lat' dir='ltr'><strong>obsoletare</strong></span> <span class='ocrx_word' id='word_1_267' title='bbox 1597 3100 1673 3142; x_wconf 86' lang='lat' dir='ltr'><strong>est</strong></span> <span class='ocrx_word' id='word_1_268' title='bbox 1740 3093 1816 3142; x_wconf 89' lang='lat' dir='ltr'><strong>in·</strong></span> 
     </span>
     <span class='ocr_line' id='line_1_40' title="bbox 686 3155 1818 3217; baseline 0.005 -15"><span class='ocrx_word' id='word_1_269' title='bbox 686 3155 887 3217; x_wconf 88' lang='lat' dir='ltr'><strong>quinare</strong></span> <span class='ocrx_word' id='word_1_270' title='bbox 960 3171 1013 3205; x_wconf 85' lang='lat' dir='ltr'><strong>ea</strong></span> <span class='ocrx_word' id='word_1_271' title='bbox 1076 3166 1124 3208; x_wconf 89' lang='lat' dir='ltr'><strong>et</strong></span> <span class='ocrx_word' id='word_1_272' title='bbox 1196 3159 1530 3210; x_wconf 73' lang='lat' dir='ltr'><strong>obsolefacere</strong></span> <span class='ocrx_word' id='word_1_273' title='bbox 1603 3168 1656 3210; x_wconf 90' lang='lat' dir='ltr'><strong>ut</strong></span> <span class='ocrx_word' id='word_1_274' title='bbox 1713 3160 1818 3209; x_wconf 77' lang='lat' dir='ltr'><strong>sere</strong></span> 
     </span>
     <span class='ocr_line' id='line_1_41' title="bbox 688 3220 1818 3294; baseline 0.006 -26"><span class='ocrx_word' id='word_1_275' title='bbox 688 3220 819 3270; x_wconf 86' lang='lat' dir='ltr'><strong>nulla</strong></span> <span class='ocrx_word' id='word_1_276' title='bbox 857 3232 1182 3287; x_wconf 80' lang='lat' dir='ltr'><strong>compareant.</strong></span> <span class='ocrx_word' id='word_1_277' title='bbox 1255 3226 1328 3275; x_wconf 81' lang='lat' dir='ltr'><strong>ct.</strong></span> <span class='ocrx_word' id='word_1_278' title='bbox 1366 3226 1612 3294; x_wconf 75' lang='lat' dir='ltr'><strong>Scorpiac-</strong></span> <span class='ocrx_word' id='word_1_279' title='bbox 1654 3242 1760 3290; x_wconf 85' lang='lat' dir='ltr'><strong>cap.</strong></span> <span class='ocrx_word' id='word_1_280' title='bbox 1785 3224 1818 3275; x_wconf 83' lang='lat'><strong>6</strong></span> 
     </span>
     <span class='ocr_line' id='line_1_42' title="bbox 689 3289 1816 3357; baseline 0.008 -22"><span class='ocrx_word' id='word_1_281' title='bbox 689 3289 806 3350; x_wconf 87' lang='lat' dir='ltr'><strong>„qui</strong></span> <span class='ocrx_word' id='word_1_282' title='bbox 840 3291 1061 3338; x_wconf 80' lang='lat' dir='ltr'><strong>vestitum</strong></span> <span class='ocrx_word' id='word_1_283' title='bbox 1111 3293 1446 3342; x_wconf 73' lang='lat' dir='ltr'><strong>obsoletassent</strong></span> <span class='ocrx_word' id='word_1_284' title='bbox 1495 3292 1816 3357; x_wconf 88' lang='lat' dir='ltr'><strong>nuptialem.“</strong></span> 
     </span>
     <span class='ocr_line' id='line_1_43' title="bbox 689 3354 1817 3422; baseline 0.006 -18"><span class='ocrx_word' id='word_1_285' title='bbox 689 3354 848 3404; x_wconf 83' lang='lat' dir='ltr'><strong>Gloss.</strong></span> <span class='ocrx_word' id='word_1_286' title='bbox 887 3357 1271 3406; x_wconf 76' lang='lat' dir='ltr'><strong>Arabico-Latin.</strong></span> <span class='ocrx_word' id='word_1_287' title='bbox 1309 3375 1386 3422; x_wconf 88' lang='lat' dir='ltr'><strong>ap.</strong></span> <span class='ocrx_word' id='word_1_288' title='bbox 1399 3360 1593 3410; x_wconf 78' lang='lat' dir='ltr'><strong>Vulcan.</strong></span> <span class='ocrx_word' id='word_1_289' title='bbox 1608 3361 1703 3410; x_wconf 87' lang='lat' dir='ltr'><strong>col.</strong></span> <span class='ocrx_word' id='word_1_290' title='bbox 1719 3360 1817 3411; x_wconf 80' lang='lat'><strong>708</strong></span> 
     </span>
     <span class='ocr_line' id='line_1_44' title="bbox 690 3418 1820 3491; baseline 0.011 -25"><span class='ocrx_word' id='word_1_291' title='bbox 690 3418 967 3481; x_wconf 83' lang='lat' dir='ltr'><strong>„Obsolito,</strong></span> <span class='ocrx_word' id='word_1_292' title='bbox 1003 3424 1192 3484; x_wconf 87' lang='lat' dir='ltr'><strong>ohtero,</strong></span> <span class='ocrx_word' id='word_1_293' title='bbox 1228 3424 1299 3474; x_wconf 76' lang='lat' dir='ltr'><strong>vel</strong></span> <span class='ocrx_word' id='word_1_294' title='bbox 1339 3427 1590 3491; x_wconf 87' lang='lat' dir='ltr'><strong>inquino.“</strong></span> <span class='ocrx_word' id='word_1_295' title='bbox 1659 3429 1820 3479; x_wconf 89' lang='lat' dir='ltr'><strong>Gloss.</strong></span> 
     </span>
     <span class='ocr_line' id='line_1_45' title="bbox 690 3485 1820 3557; baseline 0.01 -23"><span class='ocrx_word' id='word_1_296' title='bbox 690 3485 804 3535; x_wconf 81' lang='lat' dir='ltr'><strong>laid.</strong></span> <span class='ocrx_word' id='word_1_297' title='bbox 841 3503 918 3551; x_wconf 85' lang='lat' dir='ltr'><strong>ap.</strong></span> <span class='ocrx_word' id='word_1_298' title='bbox 945 3489 1138 3540; x_wconf 88' lang='lat' dir='ltr'><strong>Vulcan.</strong></span> <span class='ocrx_word' id='word_1_299' title='bbox 1176 3492 1413 3544; x_wconf 67' lang='lat' dir='ltr'><strong>eutoso:</strong></span> <span class='ocrx_word' id='word_1_300' title='bbox 1453 3494 1820 3557; x_wconf 87' lang='lat' dir='ltr'><strong>‚‚0hsoletatus,</strong></span> 
     </span>
     <span class='ocr_line' id='line_1_46' title="bbox 688 3552 1819 3630; baseline 0.009 -29"><span class='ocrx_word' id='word_1_301' title='bbox 688 3552 924 3630; x_wconf 74' lang='lat' dir='ltr'><strong>pollutus,</strong></span> <span class='ocrx_word' id='word_1_302' title='bbox 964 3557 1290 3622; x_wconf 86' lang='lat' dir='ltr'><strong>inquinatus.“</strong></span> <span class='ocrx_word' id='word_1_303' title='bbox 1341 3562 1494 3619; x_wconf 82' lang='lat' dir='ltr'><strong>Quam</strong></span> <span class='ocrx_word' id='word_1_304' title='bbox 1530 3563 1819 3625; x_wconf 84' lang='lat' dir='ltr'><strong>scripturam</strong></span> 
     </span>
     <span class='ocr_line' id='line_1_47' title="bbox 691 3621 1822 3691; baseline 0.01 -22"><span class='ocrx_word' id='word_1_305' title='bbox 691 3621 816 3671; x_wconf 74' lang='lat' dir='ltr'><strong>liber</strong></span> <span class='ocrx_word' id='word_1_306' title='bbox 852 3623 1105 3677; x_wconf 71' lang='lat' dir='ltr'><strong>Fuldeueis</strong></span> <span class='ocrx_word' id='word_1_307' title='bbox 1160 3627 1350 3677; x_wconf 79' lang='lat' dir='ltr'><strong>exhibet</strong></span> <span class='ocrx_word' id='word_1_308' title='bbox 1393 3630 1633 3691; x_wconf 69' lang='lat' dir='ltr'><strong>[astiyium</strong></span> <span class='ocrx_word' id='word_1_309' title='bbox 1680 3632 1822 3680; x_wconf 83' lang='lat' dir='ltr'><strong>adso-</strong></span> 
     </span>
     <span class='ocr_line' id='line_1_48' title="bbox 689 3689 1823 3758; baseline 0.007 -19"><span class='ocrx_word' id='word_1_310' title='bbox 689 3689 802 3751; x_wconf 74' lang='lat' dir='ltr'><strong>lant,</strong></span> <span class='ocrx_word' id='word_1_311' title='bbox 854 3705 958 3740; x_wconf 87' lang='lat' dir='ltr'><strong>eam</strong></span> <span class='ocrx_word' id='word_1_312' title='bbox 1008 3693 1209 3755; x_wconf 88' lang='lat' dir='ltr'><strong>praebet</strong></span> <span class='ocrx_word' id='word_1_313' title='bbox 1240 3696 1386 3744; x_wconf 86' lang='lat' dir='ltr'><strong>etiam</strong></span> <span class='ocrx_word' id='word_1_314' title='bbox 1426 3695 1550 3744; x_wconf 88' lang='lat' dir='ltr'><strong>liber</strong></span> <span class='ocrx_word' id='word_1_315' title='bbox 1583 3697 1823 3758; x_wconf 76' lang='lat' dir='ltr'><strong>Agebardi</strong></span> 
     </span>
     <span class='ocr_line' id='line_1_49' title="bbox 687 3758 1608 3825; baseline 0.005 -18"><span class='ocrx_word' id='word_1_316' title='bbox 687 3758 756 3807; x_wconf 74' lang='lat' dir='ltr'><strong>Ad</strong></span> <span class='ocrx_word' id='word_1_317' title='bbox 793 3758 916 3808; x_wconf 86' lang='lat' dir='ltr'><strong>Natt.</strong></span> <span class='ocrx_word' id='word_1_318' title='bbox 954 3759 994 3819; x_wconf 88' lang='lat'><strong>1,</strong></span> <span class='ocrx_word' id='word_1_319' title='bbox 1034 3761 1112 3809; x_wconf 85' lang='lat'><strong>10.</strong></span> <span class='ocrx_word' id='word_1_320' title='bbox 1149 3762 1195 3811; x_wconf 90' lang='lat' dir='ltr'><strong>in</strong></span> <span class='ocrx_word' id='word_1_321' title='bbox 1234 3762 1344 3812; x_wconf 88' lang='lat' dir='ltr'><strong>loeo</strong></span> <span class='ocrx_word' id='word_1_322' title='bbox 1382 3763 1608 3825; x_wconf 71' lang='lat' dir='ltr'><strong>gemello.</strong></span> 
     </span>
    </p>

    <p class='ocr_par' dir='ltr' id='par_1_9' title="bbox 685 3827 1824 4701">
     <span class='ocr_line' id='line_1_50' title="bbox 758 3827 1824 3895; baseline 0.007 -21"><span class='ocrx_word' id='word_1_323' title='bbox 758 3840 804 3888; x_wconf 92' lang='lat' dir='ltr'><strong>q.</strong></span> <span class='ocrx_word' id='word_1_324' title='bbox 843 3827 903 3876; x_wconf 88' lang='lat' dir='ltr'><strong>de</strong></span> <span class='ocrx_word' id='word_1_325' title='bbox 922 3835 1199 3893; x_wconf 70' lang='lat' dir='ltr'><strong>contemptu</strong></span> <span class='ocrx_word' id='word_1_326' title='bbox 1220 3831 1385 3894; x_wconf 87' lang='lat' dir='ltr'><strong>utique</strong></span> <span class='ocrx_word' id='word_1_327' title='bbox 1403 3828 1685 3895; x_wconf 83' lang='lat' dir='ltr'><strong>censentur]</strong></span> <span class='ocrx_word' id='word_1_328' title='bbox 1720 3830 1824 3882; x_wconf 84' lang='lat' dir='ltr'><strong>Hoc</strong></span> 
     </span>
     <span class='ocr_line' id='line_1_51' title="bbox 691 3897 1820 3973; baseline 0.008 -33"><span class='ocrx_word' id='word_1_329' title='bbox 691 3898 794 3951; x_wconf 85' lang='lat' dir='ltr'><strong>est,</strong></span> <span class='ocrx_word' id='word_1_330' title='bbox 852 3897 1236 3946; x_wconf 68' lang='lat' dir='ltr'><strong>aestimationem</strong></span> <span class='ocrx_word' id='word_1_331' title='bbox 1292 3905 1342 3973; x_wconf 51' lang='lat' dir='ltr'><strong>ej</strong></span> <span class='ocrx_word' id='word_1_332' title='bbox 1399 3898 1635 3960; x_wconf 75' lang='lat' dir='ltr'><strong>originem</strong></span> <span class='ocrx_word' id='word_1_333' title='bbox 1683 3913 1820 3949; x_wconf 88' lang='lat' dir='ltr'><strong>suam</strong></span> 
     </span>
     <span class='ocr_line' id='line_1_52' title="bbox 689 3959 1822 4030; baseline 0.008 -23"><span class='ocrx_word' id='word_1_334' title='bbox 689 3959 928 4010; x_wconf 87' lang='lat' dir='ltr'><strong>eiusmodi</strong></span> <span class='ocrx_word' id='word_1_335' title='bbox 977 3962 1160 4012; x_wconf 86' lang='lat' dir='ltr'><strong>ludicra</strong></span> <span class='ocrx_word' id='word_1_336' title='bbox 1222 3965 1399 4015; x_wconf 88' lang='lat' dir='ltr'><strong>habent</strong></span> <span class='ocrx_word' id='word_1_337' title='bbox 1443 3965 1493 4015; x_wconf 89' lang='lat' dir='ltr'><strong>in</strong></span> <span class='ocrx_word' id='word_1_338' title='bbox 1542 3974 1822 4030; x_wconf 89' lang='lat' dir='ltr'><strong>contemptu</strong></span> 
     </span>
     <span class='ocr_line' id='line_1_53' title="bbox 691 4026 1821 4097; baseline 0.009 -24"><span class='ocrx_word' id='word_1_339' title='bbox 691 4039 786 4088; x_wconf 91' lang='lat' dir='ltr'><strong>quo</strong></span> <span class='ocrx_word' id='word_1_340' title='bbox 825 4026 1061 4078; x_wconf 87' lang='lat' dir='ltr'><strong>habentur</strong></span> <span class='ocrx_word' id='word_1_341' title='bbox 1097 4030 1173 4079; x_wconf 88' lang='lat' dir='ltr'><strong>dei</strong></span> <span class='ocrx_word' id='word_1_342' title='bbox 1210 4038 1304 4081; x_wconf 89' lang='lat' dir='ltr'><strong>tam</strong></span> <span class='ocrx_word' id='word_1_343' title='bbox 1342 4033 1470 4096; x_wconf 86' lang='lat' dir='ltr'><strong>apud</strong></span> <span class='ocrx_word' id='word_1_344' title='bbox 1507 4048 1593 4083; x_wconf 87' lang='lat' dir='ltr'><strong>eos</strong></span> <span class='ocrx_word' id='word_1_345' title='bbox 1621 4034 1701 4097; x_wconf 90' lang='lat' dir='ltr'><strong>qui</strong></span> <span class='ocrx_word' id='word_1_346' title='bbox 1729 4036 1821 4085; x_wconf 86' lang='lat' dir='ltr'><strong>ista</strong></span> 
     </span>
     <span class='ocr_line' id='line_1_54' title="bbox 688 4100 1823 4166; baseline 0.011 -26"><span class='ocrx_word' id='word_1_347' title='bbox 688 4104 1072 4157; x_wconf 83' lang='lat' dir='ltr'><strong>repraesentant,</strong></span> <span class='ocrx_word' id='word_1_348' title='bbox 1120 4111 1264 4160; x_wconf 88' lang='lat' dir='ltr'><strong>quam</strong></span> <span class='ocrx_word' id='word_1_349' title='bbox 1301 4100 1430 4164; x_wconf 89' lang='lat' dir='ltr'><strong>apud</strong></span> <span class='ocrx_word' id='word_1_350' title='bbox 1465 4116 1549 4150; x_wconf 86' lang='lat' dir='ltr'><strong>eos</strong></span> <span class='ocrx_word' id='word_1_351' title='bbox 1587 4102 1666 4165; x_wconf 88' lang='lat' dir='ltr'><strong>qui</strong></span> <span class='ocrx_word' id='word_1_352' title='bbox 1704 4116 1823 4166; x_wconf 87' lang='lat' dir='ltr'><strong>spe-</strong></span> 
     </span>
     <span class='ocr_line' id='line_1_55' title="bbox 690 4161 1820 4231; baseline 0.008 -22"><span class='ocrx_word' id='word_1_353' title='bbox 690 4166 835 4209; x_wconf 81' lang='lat' dir='ltr'><strong>ctant.</strong></span> <span class='ocrx_word' id='word_1_354' title='bbox 924 4161 1006 4211; x_wconf 91' lang='lat' dir='ltr'><strong>Sic</strong></span> <span class='ocrx_word' id='word_1_355' title='bbox 1040 4178 1188 4227; x_wconf 85' lang='lat' dir='ltr'><strong>supra</strong></span> <span class='ocrx_word' id='word_1_356' title='bbox 1226 4181 1331 4231; x_wconf 85' lang='lat' dir='ltr'><strong>cap.</strong></span> <span class='ocrx_word' id='word_1_357' title='bbox 1372 4166 1452 4217; x_wconf 85' lang='grc'><strong>12.</strong></span> <span class='ocrx_word' id='word_1_358' title='bbox 1500 4169 1684 4219; x_wconf 81' lang='lat' dir='ltr'><strong>dixerat</strong></span> <span class='ocrx_word' id='word_1_359' title='bbox 1735 4170 1820 4231; x_wconf 84' lang='lat' dir='ltr'><strong>„in</strong></span> 
     </span>
     <span class='ocr_line' id='line_1_56' title="bbox 690 4227 1820 4287; baseline 0.011 -13"><span class='ocrx_word' id='word_1_360' title='bbox 690 4227 885 4276; x_wconf 87' lang='lat' dir='ltr'><strong>metalla</strong></span> <span class='ocrx_word' id='word_1_361' title='bbox 934 4228 1245 4282; x_wconf 76' lang='lat' dir='ltr'><strong>damnamur:</strong></span> <span class='ocrx_word' id='word_1_362' title='bbox 1304 4235 1415 4286; x_wconf 76' lang='lat' dir='ltr'><strong>inde</strong></span> <span class='ocrx_word' id='word_1_363' title='bbox 1462 4243 1705 4287; x_wconf 74' lang='lat' dir='ltr'><strong>censemur</strong></span> <span class='ocrx_word' id='word_1_364' title='bbox 1753 4237 1820 4286; x_wconf 88' lang='lat' dir='ltr'><strong>dil</strong></span> 
     </span>
     <span class='ocr_line' id='line_1_57' title="bbox 690 4294 1820 4363; baseline 0.011 -20"><span class='ocrx_word' id='word_1_365' title='bbox 690 4294 850 4344; x_wconf 67' lang='lat' dir='ltr'><strong>vestri.</strong></span> <span class='ocrx_word' id='word_1_366' title='bbox 921 4295 972 4346; x_wconf 87' lang='lat' dir='ltr'><strong>V.</strong></span> <span class='ocrx_word' id='word_1_367' title='bbox 1010 4312 1134 4361; x_wconf 89' lang='lat' dir='ltr'><strong>quae</strong></span> <span class='ocrx_word' id='word_1_368' title='bbox 1181 4299 1240 4349; x_wconf 89' lang='lat' dir='ltr'><strong>de</strong></span> <span class='ocrx_word' id='word_1_369' title='bbox 1273 4303 1618 4363; x_wconf 74' lang='lat' dir='ltr'><strong>vocabulorum</strong></span> <span class='ocrx_word' id='word_1_370' title='bbox 1657 4319 1820 4354; x_wconf 70' lang='lat' dir='ltr'><strong>census</strong></span> 
     </span>
     <span class='ocr_line' id='line_1_58' title="bbox 688 4366 1821 4433; baseline 0.01 -23"><span class='ocrx_word' id='word_1_371' title='bbox 688 4368 736 4410; x_wconf 89' lang='lat' dir='ltr'><strong>et</strong></span> <span class='ocrx_word' id='word_1_372' title='bbox 771 4377 955 4413; x_wconf 74' lang='lat' dir='ltr'><strong>censere</strong></span> <span class='ocrx_word' id='word_1_373' title='bbox 989 4366 1116 4429; x_wconf 89' lang='lat' dir='ltr'><strong>apud</strong></span> <span class='ocrx_word' id='word_1_374' title='bbox 1154 4367 1502 4420; x_wconf 83' lang='lat' dir='ltr'><strong>Tertullianum</strong></span> <span class='ocrx_word' id='word_1_375' title='bbox 1551 4372 1821 4433; x_wconf 77' lang='lat' dir='ltr'><strong>significatu</strong></span> 
     </span>
     <span class='ocr_line' id='line_1_59' title="bbox 688 4428 1820 4501; baseline 0.011 -25"><span class='ocrx_word' id='word_1_376' title='bbox 688 4428 979 4481; x_wconf 82' lang='lat' dir='ltr'><strong>adnotavero</strong></span> <span class='ocrx_word' id='word_1_377' title='bbox 1015 4434 1074 4482; x_wconf 88' lang='lat' dir='ltr'><strong>ad</strong></span> <span class='ocrx_word' id='word_1_378' title='bbox 1110 4434 1181 4484; x_wconf 87' lang='lat' dir='ltr'><strong>De</strong></span> <span class='ocrx_word' id='word_1_379' title='bbox 1216 4436 1407 4488; x_wconf 84' lang='lat' dir='ltr'><strong>Corona</strong></span> <span class='ocrx_word' id='word_1_380' title='bbox 1445 4453 1550 4501; x_wconf 88' lang='lat' dir='ltr'><strong>cap.</strong></span> <span class='ocrx_word' id='word_1_381' title='bbox 1580 4437 1656 4487; x_wconf 80' lang='lat'><strong>13.</strong></span> <span class='ocrx_word' id='word_1_382' title='bbox 1721 4438 1820 4488; x_wconf 79' lang='lat' dir='ltr'><strong>Ha—</strong></span> 
     </span>
     <span class='ocr_line' id='line_1_60' title="bbox 689 4501 1820 4566; baseline 0.01 -21"><span class='ocrx_word' id='word_1_383' title='bbox 689 4509 972 4562; x_wconf 82' lang='lat' dir='ltr'><strong>vereampus</strong></span> <span class='ocrx_word' id='word_1_384' title='bbox 1023 4501 1180 4551; x_wconf 87' lang='lat' dir='ltr'><strong>locum</strong></span> <span class='ocrx_word' id='word_1_385' title='bbox 1231 4518 1327 4554; x_wconf 87' lang='lat' dir='ltr'><strong>non</strong></span> <span class='ocrx_word' id='word_1_386' title='bbox 1360 4505 1616 4566; x_wconf 82' lang='lat' dir='ltr'><strong>intellexit,</strong></span> <span class='ocrx_word' id='word_1_387' title='bbox 1665 4507 1820 4557; x_wconf 88' lang='lat' dir='ltr'><strong>inter-</strong></span> 
     </span>
     <span class='ocr_line' id='line_1_61' title="bbox 685 4572 1817 4636; baseline 0.01 -24"><span class='ocrx_word' id='word_1_388' title='bbox 685 4572 933 4626; x_wconf 85' lang='lat' dir='ltr'><strong>pretatus:</strong></span> <span class='ocrx_word' id='word_1_389' title='bbox 971 4576 1335 4634; x_wconf 83' lang='lat' dir='ltr'><strong>„contemptum</strong></span> <span class='ocrx_word' id='word_1_390' title='bbox 1355 4572 1587 4622; x_wconf 87' lang='lat' dir='ltr'><strong>inducunt</strong></span> <span class='ocrx_word' id='word_1_391' title='bbox 1607 4580 1656 4622; x_wconf 90' lang='lat' dir='ltr'><strong>et</strong></span> <span class='ocrx_word' id='word_1_392' title='bbox 1679 4574 1817 4636; x_wconf 67' lang='lat' dir='ltr'><strong>im·</strong></span> 
     </span>
     <span class='ocr_line' id='line_1_62' title="bbox 689 4632 1699 4701; baseline 0.013 -22"><span class='ocrx_word' id='word_1_393' title='bbox 689 4632 887 4684; x_wconf 84' lang='lat' dir='ltr'><strong>miniam</strong></span> <span class='ocrx_word' id='word_1_394' title='bbox 922 4643 1019 4686; x_wconf 86' lang='lat' dir='ltr'><strong>tam</strong></span> <span class='ocrx_word' id='word_1_395' title='bbox 1056 4636 1148 4687; x_wconf 81' lang='lat' dir='ltr'><strong>diis</strong></span> <span class='ocrx_word' id='word_1_396' title='bbox 1182 4648 1331 4701; x_wconf 69' lang='lat' dir='ltr'><strong>qnam</strong></span> <span class='ocrx_word' id='word_1_397' title='bbox 1362 4639 1699 4691; x_wconf 77' lang='lat' dir='ltr'><strong>homiuibus.“</strong></span> 
     </span>
    </p>
   </div>
   <div class='ocr_carea' id='block_1_6' title="bbox 1915 2011 3078 4708">
    <p class='ocr_par' dir='ltr' id='par_1_10' title="bbox 1915 2011 3078 4708">
     <span class='ocr_line' id='line_1_63' title="bbox 1917 2011 3046 2076; baseline 0 -16"><span class='ocrx_word' id='word_1_398' title='bbox 1917 2011 2018 2074; x_wconf 90' lang='lat' dir='ltr'><strong>pla,</strong></span> <span class='ocrx_word' id='word_1_399' title='bbox 2055 2019 2284 2076; x_wconf 90' lang='lat' dir='ltr'><strong>quantum</strong></span> <span class='ocrx_word' id='word_1_400' title='bbox 2321 2012 2604 2060; x_wconf 76' lang='lat' dir='ltr'><strong>evertendae</strong></span> <span class='ocrx_word' id='word_1_401' title='bbox 2639 2011 2894 2075; x_wconf 88' lang='lat' dir='ltr'><strong>pudicitiae</strong></span> <span class='ocrx_word' id='word_1_402' title='bbox 2925 2024 3046 2074; x_wconf 83' lang='lat' dir='ltr'><strong>pro-</strong></span> 
     </span>
     <span class='ocr_line' id='line_1_64' title="bbox 1918 2077 3049 2142; baseline -0.001 -13"><span class='ocrx_word' id='word_1_403' title='bbox 1918 2079 2200 2129; x_wconf 84' lang='lat' dir='ltr'><strong>curemus.“</strong></span> <span class='ocrx_word' id='word_1_404' title='bbox 2257 2079 2307 2129; x_wconf 87' lang='lat' dir='ltr'><strong>V.</strong></span> <span class='ocrx_word' id='word_1_405' title='bbox 2348 2079 2482 2129; x_wconf 86' lang='lat' dir='ltr'><strong>Ovid.</strong></span> <span class='ocrx_word' id='word_1_406' title='bbox 2516 2080 2569 2130; x_wconf 91' lang='grc' dir='ltr'><strong>Α.</strong></span> <span class='ocrx_word' id='word_1_407' title='bbox 2604 2080 2655 2127; x_wconf 82' lang='grc' dir='ltr'><strong>Δ.</strong></span> <span class='ocrx_word' id='word_1_408' title='bbox 2695 2077 2814 2138; x_wconf 77' lang='grc' dir='ltr'><strong>Ι,77</strong></span> <span class='ocrx_word' id='word_1_409' title='bbox 2851 2092 2959 2142; x_wconf 85' lang='lat' dir='ltr'><strong>sqq.</strong></span> <span class='ocrx_word' id='word_1_410' title='bbox 3001 2085 3049 2128; x_wconf 79' lang='lat' dir='ltr'><strong>et</strong></span> 
     </span>
     <span class='ocr_line' id='line_1_65' title="bbox 1919 2145 3047 2210; baseline 0.001 -16"><span class='ocrx_word' id='word_1_411' title='bbox 1919 2146 2003 2207; x_wconf 80' lang='grc' dir='ltr'>ΙΙΙ,</span> <span class='ocrx_word' id='word_1_412' title='bbox 2040 2145 2140 2197; x_wconf 79' lang='lat'><strong>365</strong></span> <span class='ocrx_word' id='word_1_413' title='bbox 2177 2161 2284 2210; x_wconf 85' lang='lat' dir='ltr'><strong>sqq.</strong></span> <span class='ocrx_word' id='word_1_414' title='bbox 2355 2147 2554 2195; x_wconf 82' lang='lat' dir='ltr'><strong>Sueten.</strong></span> <span class='ocrx_word' id='word_1_415' title='bbox 2604 2146 2763 2194; x_wconf 79' lang='lat' dir='ltr'><strong>Tiber.</strong></span> <span class='ocrx_word' id='word_1_416' title='bbox 2818 2160 2924 2208; x_wconf 85' lang='lat' dir='ltr'><strong>cap.</strong></span> <span class='ocrx_word' id='word_1_417' title='bbox 2960 2145 3047 2195; x_wconf 78' lang='lat'><strong>44.</strong></span> 
     </span>
     <span class='ocr_line' id='line_1_66' title="bbox 1918 2212 3047 2277; baseline 0.001 -14"><span class='ocrx_word' id='word_1_418' title='bbox 1918 2214 2122 2264; x_wconf 78' lang='lat' dir='ltr'><strong>Martial.</strong></span> <span class='ocrx_word' id='word_1_419' title='bbox 2156 2214 2319 2277; x_wconf 77' lang='lat' dir='ltr'><strong>Epigr.</strong></span> <span class='ocrx_word' id='word_1_420' title='bbox 2357 2214 2394 2273; x_wconf 89' lang='lat' dir='ltr'><strong>l,</strong></span> <span class='ocrx_word' id='word_1_421' title='bbox 2409 2213 2491 2263; x_wconf 85' lang='lat'><strong>68.</strong></span> <span class='ocrx_word' id='word_1_422' title='bbox 2538 2212 2695 2262; x_wconf 80' lang='lat' dir='ltr'><strong>iuven.</strong></span> <span class='ocrx_word' id='word_1_423' title='bbox 2723 2212 3047 2272; x_wconf 54' lang='lat' dir='ltr'><strong>Saevum.</strong></span> 
     </span>
     <span class='ocr_line' id='line_1_67' title="bbox 1920 2278 3046 2346; baseline -0.001 -16"><span class='ocrx_word' id='word_1_424' title='bbox 1920 2280 2207 2346; x_wconf 53' lang='lat' dir='ltr'><strong>ixaasqq.</strong></span> <span class='ocrx_word' id='word_1_425' title='bbox 2254 2281 2449 2331; x_wconf 80' lang='lat' dir='ltr'><strong>Petron.</strong></span> <span class='ocrx_word' id='word_1_426' title='bbox 2485 2279 2635 2344; x_wconf 74' lang='lat' dir='ltr'><strong>Satyr.</strong></span> <span class='ocrx_word' id='word_1_427' title='bbox 2676 2278 2876 2344; x_wconf 82' lang='lat' dir='ltr'><strong>cap.2l.</strong></span> <span class='ocrx_word' id='word_1_428' title='bbox 2933 2280 3046 2329; x_wconf 69' lang='lat' dir='ltr'><strong>Min.</strong></span> 
     </span>
     <span class='ocr_line' id='line_1_68' title="bbox 1919 2347 3015 2413; baseline -0.002 -16"><span class='ocrx_word' id='word_1_429' title='bbox 1919 2349 2022 2398; x_wconf 85' lang='lat' dir='ltr'><strong>Fel.</strong></span> <span class='ocrx_word' id='word_1_430' title='bbox 2060 2349 2219 2398; x_wconf 82' lang='lat' dir='ltr'><strong>Oetav.</strong></span> <span class='ocrx_word' id='word_1_431' title='bbox 2257 2363 2362 2413; x_wconf 91' lang='lat' dir='ltr'><strong>cap.</strong></span> <span class='ocrx_word' id='word_1_432' title='bbox 2389 2347 2471 2397; x_wconf 84' lang='lat'><strong>25.</strong></span> <span class='ocrx_word' id='word_1_433' title='bbox 2508 2362 2615 2397; x_wconf 89' lang='lat' dir='ltr'><strong>cum</strong></span> <span class='ocrx_word' id='word_1_434' title='bbox 2655 2348 3015 2410; x_wconf 80' lang='lat' dir='ltr'><strong>interpretibus.</strong></span> 
     </span>
     <span class='ocr_line' id='line_1_69' title="bbox 1987 2415 3047 2478; baseline -0.002 -13"><span class='ocrx_word' id='word_1_435' title='bbox 1987 2431 2031 2465; x_wconf 87' lang='lat' dir='ltr'><strong>s.</strong></span> <span class='ocrx_word' id='word_1_436' title='bbox 2067 2417 2158 2466; x_wconf 90' lang='lat' dir='ltr'><strong>suh</strong></span> <span class='ocrx_word' id='word_1_437' title='bbox 2195 2416 2347 2466; x_wconf 84' lang='lat' dir='ltr'><strong>isdem</strong></span> <span class='ocrx_word' id='word_1_438' title='bbox 2383 2417 2509 2465; x_wconf 84' lang='lat' dir='ltr'><strong>vittis</strong></span> <span class='ocrx_word' id='word_1_439' title='bbox 2545 2422 2593 2464; x_wconf 87' lang='lat' dir='ltr'><strong>et</strong></span> <span class='ocrx_word' id='word_1_440' title='bbox 2615 2415 2831 2478; x_wconf 78' lang='lat' dir='ltr'><strong>apicibus</strong></span> <span class='ocrx_word' id='word_1_441' title='bbox 2859 2422 2907 2464; x_wconf 90' lang='lat' dir='ltr'><strong>et</strong></span> <span class='ocrx_word' id='word_1_442' title='bbox 2931 2429 3047 2478; x_wconf 78' lang='lat' dir='ltr'><strong>par-</strong></span> 
     </span>
     <span class='ocr_line' id='line_1_70' title="bbox 1915 2479 3049 2549; baseline -0.001 -17"><span class='ocrx_word' id='word_1_443' title='bbox 1915 2479 2080 2549; x_wconf 88' lang='lat' dir='ltr'><strong>puris]</strong></span> <span class='ocrx_word' id='word_1_444' title='bbox 2127 2483 2226 2533; x_wconf 89' lang='lat' dir='ltr'><strong>Sub</strong></span> <span class='ocrx_word' id='word_1_445' title='bbox 2261 2483 2578 2542; x_wconf 75' lang='lat' dir='ltr'><strong>isdem‚vittis</strong></span> <span class='ocrx_word' id='word_1_446' title='bbox 2614 2497 2737 2546; x_wconf 86' lang='lat' dir='ltr'><strong>quae</strong></span> <span class='ocrx_word' id='word_1_447' title='bbox 2771 2482 2892 2532; x_wconf 87' lang='lat' dir='ltr'><strong>alias</strong></span> <span class='ocrx_word' id='word_1_448' title='bbox 2928 2482 3049 2531; x_wconf 88' lang='lat' dir='ltr'><strong>deo-</strong></span> 
     </span>
     <span class='ocr_line' id='line_1_71' title="bbox 1918 2549 3050 2600; baseline -0.003 0"><span class='ocrx_word' id='word_1_449' title='bbox 1918 2565 2027 2600; x_wconf 89' lang='lat' dir='ltr'><strong>rum</strong></span> <span class='ocrx_word' id='word_1_450' title='bbox 2064 2551 2237 2600; x_wconf 89' lang='lat' dir='ltr'><strong>honori</strong></span> <span class='ocrx_word' id='word_1_451' title='bbox 2276 2559 2323 2599; x_wconf 92' lang='lat' dir='ltr'><strong>et</strong></span> <span class='ocrx_word' id='word_1_452' title='bbox 2356 2550 2622 2600; x_wconf 87' lang='lat' dir='ltr'><strong>adorationi</strong></span> <span class='ocrx_word' id='word_1_453' title='bbox 2653 2551 2930 2599; x_wconf 86' lang='lat' dir='ltr'><strong>inserviunt.</strong></span> <span class='ocrx_word' id='word_1_454' title='bbox 2980 2549 3050 2598; x_wconf 88' lang='lat' dir='ltr'><strong>De</strong></span> 
     </span>
     <span class='ocr_line' id='line_1_72' title="bbox 1917 2617 3050 2681; baseline -0.002 -13"><span class='ocrx_word' id='word_1_455' title='bbox 1917 2618 2045 2668; x_wconf 81' lang='lat' dir='ltr'><strong>vittis</strong></span> <span class='ocrx_word' id='word_1_456' title='bbox 2081 2619 2385 2669; x_wconf 82' lang='lat' dir='ltr'><strong>sacerdotum</strong></span> <span class='ocrx_word' id='word_1_457' title='bbox 2424 2619 2484 2668; x_wconf 80' lang='lat' dir='ltr'><strong>ct.</strong></span> <span class='ocrx_word' id='word_1_458' title='bbox 2522 2618 2810 2681; x_wconf 79' lang='lat' dir='ltr'><strong>interpretes</strong></span> <span class='ocrx_word' id='word_1_459' title='bbox 2845 2617 2904 2666; x_wconf 89' lang='lat' dir='ltr'><strong>ad</strong></span> <span class='ocrx_word' id='word_1_460' title='bbox 2929 2617 3050 2668; x_wconf 82' lang='lat' dir='ltr'><strong>Pro-</strong></span> 
     </span>
     <span class='ocr_line' id='line_1_73' title="bbox 1919 2684 3053 2751; baseline -0.002 -17"><span class='ocrx_word' id='word_1_461' title='bbox 1919 2694 2043 2751; x_wconf 87' lang='lat' dir='ltr'><strong>pert.</strong></span> <span class='ocrx_word' id='word_1_462' title='bbox 2083 2686 2154 2747; x_wconf 81' lang='lat' dir='ltr'><strong>lv,</strong></span> <span class='ocrx_word' id='word_1_463' title='bbox 2183 2686 2232 2747; x_wconf 85' lang='lat'><strong>6,</strong></span> <span class='ocrx_word' id='word_1_464' title='bbox 2259 2685 2306 2736; x_wconf 87' lang='grc'><strong>6.</strong></span> <span class='ocrx_word' id='word_1_465' title='bbox 2344 2694 2390 2735; x_wconf 89' lang='lat' dir='ltr'><strong>et</strong></span> <span class='ocrx_word' id='word_1_466' title='bbox 2427 2686 2484 2735; x_wconf 85' lang='lat' dir='ltr'><strong>ad</strong></span> <span class='ocrx_word' id='word_1_467' title='bbox 2524 2686 2692 2746; x_wconf 77' lang='lat' dir='ltr'><strong>Vergil.</strong></span> <span class='ocrx_word' id='word_1_468' title='bbox 2729 2684 2891 2747; x_wconf 76' lang='lat' dir='ltr'><strong>Eclog.</strong></span> <span class='ocrx_word' id='word_1_469' title='bbox 2932 2684 3053 2744; x_wconf 82' lang='lat' dir='ltr'><strong>vm,</strong></span> 
     </span>
     <span class='ocr_line' id='line_1_74' title="bbox 1917 2752 3051 2816; baseline -0.003 -12"><span class='ocrx_word' id='word_1_470' title='bbox 1917 2753 2000 2804; x_wconf 79' lang='lat'><strong>64.</strong></span> <span class='ocrx_word' id='word_1_471' title='bbox 2053 2753 2126 2805; x_wconf 79' lang='lat' dir='ltr'><strong>Cl.</strong></span> <span class='ocrx_word' id='word_1_472' title='bbox 2162 2754 2232 2803; x_wconf 89' lang='lat' dir='ltr'><strong>De</strong></span> <span class='ocrx_word' id='word_1_473' title='bbox 2269 2753 2420 2803; x_wconf 84' lang='lat' dir='ltr'><strong>Pallio</strong></span> <span class='ocrx_word' id='word_1_474' title='bbox 2459 2753 2632 2816; x_wconf 79' lang='lat' dir='ltr'><strong>cap.4.</strong></span> <span class='ocrx_word' id='word_1_475' title='bbox 2708 2752 2774 2801; x_wconf 88' lang='lat' dir='ltr'><strong>De</strong></span> <span class='ocrx_word' id='word_1_476' title='bbox 2813 2753 2950 2816; x_wconf 85' lang='lat' dir='ltr'><strong>apice</strong></span> <span class='ocrx_word' id='word_1_477' title='bbox 2987 2753 3051 2801; x_wconf 74' lang='lat' dir='ltr'><strong>cl.</strong></span> 
     </span>
     <span class='ocr_line' id='line_1_75' title="bbox 1921 2819 3053 2885; baseline -0.001 -15"><span class='ocrx_word' id='word_1_478' title='bbox 1921 2822 2048 2870; x_wconf 81' lang='lat' dir='ltr'><strong>Fest.</strong></span> <span class='ocrx_word' id='word_1_479' title='bbox 2085 2837 2127 2869; x_wconf 90' lang='lat' dir='ltr'><strong>s.</strong></span> <span class='ocrx_word' id='word_1_480' title='bbox 2151 2836 2191 2869; x_wconf 76' lang='lat' dir='ltr'><strong>v.</strong></span> <span class='ocrx_word' id='word_1_481' title='bbox 2228 2822 2376 2870; x_wconf 82' lang='lat' dir='ltr'><strong>Varro</strong></span> <span class='ocrx_word' id='word_1_482' title='bbox 2413 2836 2490 2885; x_wconf 89' lang='lat' dir='ltr'><strong>ap.</strong></span> <span class='ocrx_word' id='word_1_483' title='bbox 2529 2819 2651 2871; x_wconf 85' lang='lat' dir='ltr'><strong>Gell.</strong></span> <span class='ocrx_word' id='word_1_484' title='bbox 2688 2820 2745 2869; x_wconf 75' lang='lat' dir='ltr'><strong>N.</strong></span> <span class='ocrx_word' id='word_1_485' title='bbox 2779 2826 2828 2869; x_wconf 82' lang='grc' dir='ltr'><strong>Α.</strong></span> <span class='ocrx_word' id='word_1_486' title='bbox 2869 2820 2948 2877; x_wconf 70' lang='lat' dir='ltr'><strong>lx,</strong></span> <span class='ocrx_word' id='word_1_487' title='bbox 2973 2819 3053 2870; x_wconf 83' lang='lat'><strong>15.</strong></span> 
     </span>
     <span class='ocr_line' id='line_1_76' title="bbox 1921 2886 3051 2950; baseline -0.002 -13"><span class='ocrx_word' id='word_1_488' title='bbox 1921 2888 2055 2938; x_wconf 79' lang='lat' dir='ltr'><strong>Serv.</strong></span> <span class='ocrx_word' id='word_1_489' title='bbox 2092 2888 2153 2937; x_wconf 91' lang='lat' dir='ltr'><strong>ad</strong></span> <span class='ocrx_word' id='word_1_490' title='bbox 2190 2888 2362 2950; x_wconf 77' lang='lat' dir='ltr'><strong>Vergil.</strong></span> <span class='ocrx_word' id='word_1_491' title='bbox 2398 2891 2512 2937; x_wconf 78' lang='lat' dir='ltr'><strong>Aen.</strong></span> <span class='ocrx_word' id='word_1_492' title='bbox 2550 2886 2624 2948; x_wconf 89' lang='lat'><strong>11,</strong></span> <span class='ocrx_word' id='word_1_493' title='bbox 2661 2886 2777 2937; x_wconf 85' lang='grc'><strong>683.</strong></span> <span class='ocrx_word' id='word_1_494' title='bbox 2831 2886 2897 2945; x_wconf 81' lang='lat' dir='ltr'><strong>X,</strong></span> <span class='ocrx_word' id='word_1_495' title='bbox 2935 2886 3051 2936; x_wconf 77' lang='lat'><strong>27⁰.</strong></span> 
     </span>
     <span class='ocr_line' id='line_1_77' title="bbox 1921 2956 3057 3019; baseline -0.002 -14"><span class='ocrx_word' id='word_1_496' title='bbox 1921 2956 2237 3005; x_wconf 87' lang='lat' dir='ltr'><strong>Sacerdotum</strong></span> <span class='ocrx_word' id='word_1_497' title='bbox 2273 2957 2615 3019; x_wconf 86' lang='lat' dir='ltr'><strong>primariorum</strong></span> <span class='ocrx_word' id='word_1_498' title='bbox 2666 2968 2936 3019; x_wconf 83' lang='lat' dir='ltr'><strong>purpureas</strong></span> <span class='ocrx_word' id='word_1_499' title='bbox 2973 2960 3057 3003; x_wconf 86' lang='lat' dir='ltr'><strong>aut</strong></span> 
     </span>
     <span class='ocr_line' id='line_1_78' title="bbox 1920 3022 3053 3088; baseline -0.002 -16"><span class='ocrx_word' id='word_1_500' title='bbox 1920 3038 2138 3088; x_wconf 85' lang='lat' dir='ltr'><strong>purpura</strong></span> <span class='ocrx_word' id='word_1_501' title='bbox 2175 3024 2377 3073; x_wconf 82' lang='lat' dir='ltr'><strong>intextas</strong></span> <span class='ocrx_word' id='word_1_502' title='bbox 2401 3023 2551 3072; x_wconf 74' lang='lat' dir='ltr'><strong>luisse</strong></span> <span class='ocrx_word' id='word_1_503' title='bbox 2569 3030 2727 3072; x_wconf 79' lang='lat' dir='ltr'><strong>vestes</strong></span> <span class='ocrx_word' id='word_1_504' title='bbox 2745 3022 2888 3071; x_wconf 87' lang='lat' dir='ltr'><strong>docet</strong></span> <span class='ocrx_word' id='word_1_505' title='bbox 2904 3022 3053 3071; x_wconf 75' lang='lat' dir='ltr'><strong>Firm.</strong></span> 
     </span>
     <span class='ocr_line' id='line_1_79' title="bbox 1921 3089 3054 3150; baseline -0.001 -11"><span class='ocrx_word' id='word_1_506' title='bbox 1921 3090 2119 3141; x_wconf 68' lang='lat' dir='ltr'><strong>blatern.</strong></span> <span class='ocrx_word' id='word_1_507' title='bbox 2157 3089 2354 3140; x_wconf 79' lang='lat' dir='ltr'><strong>Mathes.</strong></span> <span class='ocrx_word' id='word_1_508' title='bbox 2405 3091 2487 3150; x_wconf 83' lang='grc' dir='ltr'>ΙΙΙ,</span> <span class='ocrx_word' id='word_1_509' title='bbox 2527 3090 2590 3139; x_wconf 81' lang='grc'><strong>19</strong></span> <span class='ocrx_word' id='word_1_510' title='bbox 2646 3090 2841 3150; x_wconf 81' lang='lat' dir='ltr'><strong>„Faciet</strong></span> <span class='ocrx_word' id='word_1_511' title='bbox 2885 3103 3054 3139; x_wconf 87' lang='lat' dir='ltr'><strong>sacer-</strong></span> 
     </span>
     <span class='ocr_line' id='line_1_80' title="bbox 1922 3154 3067 3222; baseline -0.003 -14"><span class='ocrx_word' id='word_1_512' title='bbox 1922 3154 2090 3208; x_wconf 85' lang='lat' dir='ltr'><strong>dotum&#39;</strong></span> <span class='ocrx_word' id='word_1_513' title='bbox 2125 3159 2369 3222; x_wconf 86' lang='lat' dir='ltr'><strong>principes</strong></span> <span class='ocrx_word' id='word_1_514' title='bbox 2422 3166 2468 3207; x_wconf 86' lang='lat' dir='ltr'><strong>et</strong></span> <span class='ocrx_word' id='word_1_515' title='bbox 2515 3157 2594 3222; x_wconf 88' lang='lat' dir='ltr'><strong>qui</strong></span> <span class='ocrx_word' id='word_1_516' title='bbox 2647 3158 2696 3206; x_wconf 90' lang='lat' dir='ltr'><strong>in</strong></span> <span class='ocrx_word' id='word_1_517' title='bbox 2730 3157 2848 3221; x_wconf 87' lang='lat' dir='ltr'><strong>ipsis</strong></span> <span class='ocrx_word' id='word_1_518' title='bbox 2883 3171 3067 3221; x_wconf 44' lang='lat' dir='ltr'><strong>sacer-</strong></span> 
     </span>
     <span class='ocr_line' id='line_1_81' title="bbox 1921 3224 3057 3289; baseline -0.001 -14"><span class='ocrx_word' id='word_1_519' title='bbox 1921 3225 2067 3275; x_wconf 88' lang='lat' dir='ltr'><strong>dotiis</strong></span> <span class='ocrx_word' id='word_1_520' title='bbox 2102 3227 2361 3289; x_wconf 76' lang='lat' dir='ltr'><strong>purpureis</strong></span> <span class='ocrx_word' id='word_1_521' title='bbox 2398 3232 2478 3274; x_wconf 89' lang='lat' dir='ltr'><strong>aut</strong></span> <span class='ocrx_word' id='word_1_522' title='bbox 2514 3225 2693 3274; x_wconf 85' lang='lat' dir='ltr'><strong>auratis</strong></span> <span class='ocrx_word' id='word_1_523' title='bbox 2729 3224 2941 3273; x_wconf 74' lang='lat' dir='ltr'><strong>restibus</strong></span> <span class='ocrx_word' id='word_1_524' title='bbox 2979 3226 3057 3274; x_wconf 77' lang='lat' dir='ltr'><strong>in·</strong></span> 
     </span>
     <span class='ocr_line' id='line_1_82' title="bbox 1921 3292 3054 3355; baseline -0.003 -12"><span class='ocrx_word' id='word_1_525' title='bbox 1921 3292 2182 3343; x_wconf 65' lang='lat' dir='ltr'><strong>‹tuantur-:⁶</strong></span> <span class='ocrx_word' id='word_1_526' title='bbox 2220 3293 2447 3351; x_wconf 86' lang='lat' dir='ltr'><strong>Quinctil.</strong></span> <span class='ocrx_word' id='word_1_527' title='bbox 2467 3292 2675 3342; x_wconf 84' lang='lat' dir='ltr'><strong>Declam.</strong></span> <span class='ocrx_word' id='word_1_528' title='bbox 2694 3292 2887 3342; x_wconf 76' lang='lat' dir='ltr'><strong>cccxl.</strong></span> <span class='ocrx_word' id='word_1_529' title='bbox 2916 3292 3054 3355; x_wconf 76' lang='lat' dir='ltr'><strong>„Ego</strong></span> 
     </span>
     <span class='ocr_line' id='line_1_83' title="bbox 1919 3359 3055 3424; baseline -0.002 -14"><span class='ocrx_word' id='word_1_530' title='bbox 1919 3361 2054 3410; x_wconf 80' lang='lat' dir='ltr'><strong>vobis</strong></span> <span class='ocrx_word' id='word_1_531' title='bbox 2091 3359 2248 3421; x_wconf 79' lang='lat' dir='ltr'><strong>allego</strong></span> <span class='ocrx_word' id='word_1_532' title='bbox 2286 3362 2428 3410; x_wconf 89' lang='lat' dir='ltr'><strong>etiam</strong></span> <span class='ocrx_word' id='word_1_533' title='bbox 2486 3360 2643 3424; x_wconf 88' lang='lat' dir='ltr'><strong>ipsum</strong></span> <span class='ocrx_word' id='word_1_534' title='bbox 2693 3359 2812 3408; x_wconf 90' lang='lat' dir='ltr'><strong>illud</strong></span> <span class='ocrx_word' id='word_1_535' title='bbox 2860 3373 3055 3409; x_wconf 83' lang='lat' dir='ltr'><strong>sacrum</strong></span> 
     </span>
     <span class='ocr_line' id='line_1_84' title="bbox 1921 3426 3055 3493; baseline -0.002 -16"><span class='ocrx_word' id='word_1_536' title='bbox 1921 3433 2287 3493; x_wconf 82' lang='lat' dir='ltr'><strong>praetextatum,</strong></span> <span class='ocrx_word' id='word_1_537' title='bbox 2348 3442 2444 3491; x_wconf 91' lang='lat' dir='ltr'><strong>quo</strong></span> <span class='ocrx_word' id='word_1_538' title='bbox 2492 3428 2771 3477; x_wconf 87' lang='lat' dir='ltr'><strong>sacerdotes</strong></span> <span class='ocrx_word' id='word_1_539' title='bbox 2817 3426 3055 3486; x_wconf 79' lang='lat' dir='ltr'><strong>velantur,</strong></span> 
     </span>
     <span class='ocr_line' id='line_1_85' title="bbox 1923 3494 3056 3560; baseline -0.001 -15"><span class='ocrx_word' id='word_1_540' title='bbox 1923 3511 2019 3560; x_wconf 89' lang='lat' dir='ltr'><strong>quo</strong></span> <span class='ocrx_word' id='word_1_541' title='bbox 2057 3496 2381 3557; x_wconf 80' lang='lat' dir='ltr'><strong>magistratus,</strong></span> <span class='ocrx_word' id='word_1_542' title='bbox 2398 3510 2494 3559; x_wconf 85' lang='lat' dir='ltr'><strong>quo</strong></span> <span class='ocrx_word' id='word_1_543' title='bbox 2531 3494 2853 3544; x_wconf 75' lang='lat' dir='ltr'><strong>infirmitatem</strong></span> <span class='ocrx_word' id='word_1_544' title='bbox 2886 3495 3056 3558; x_wconf 86' lang='lat' dir='ltr'><strong>pueri·</strong></span> 
     </span>
     <span class='ocr_line' id='line_1_86' title="bbox 1920 3560 3055 3613; baseline -0.002 -2"><span class='ocrx_word' id='word_1_545' title='bbox 1920 3563 2018 3612; x_wconf 84' lang='lat' dir='ltr'><strong>tiae</strong></span> <span class='ocrx_word' id='word_1_546' title='bbox 2067 3577 2255 3612; x_wconf 82' lang='lat' dir='ltr'><strong>sacram</strong></span> <span class='ocrx_word' id='word_1_547' title='bbox 2313 3563 2514 3613; x_wconf 76' lang='lat' dir='ltr'><strong>iacimus</strong></span> <span class='ocrx_word' id='word_1_548' title='bbox 2570 3578 2627 3613; x_wconf 89' lang='lat' dir='ltr'><strong>ac</strong></span> <span class='ocrx_word' id='word_1_549' title='bbox 2677 3560 3055 3612; x_wconf 74' lang='lat' dir='ltr'><strong>venerabilem.‘⁸</strong></span> 
     </span>
     <span class='ocr_line' id='line_1_87' title="bbox 1922 3620 3057 3691; baseline -0.004 -11"><span class='ocrx_word' id='word_1_550' title='bbox 1922 3628 2211 3680; x_wconf 76' lang='lat' dir='ltr'><strong>Artemidor.</strong></span> <span class='ocrx_word' id='word_1_551' title='bbox 2251 3630 2310 3691; x_wconf 87' lang='lat' dir='ltr'><strong>ll,</strong></span> <span class='ocrx_word' id='word_1_552' title='bbox 2338 3630 2367 3679; x_wconf 83' lang='lat'><strong>3</strong></span> <span class='ocrx_word' id='word_1_553' title='bbox 2422 3624 2715 3687; x_wconf 58' lang='grc' dir='ltr'><strong>,ποικίλην</strong></span> <span class='ocrx_word' id='word_1_554' title='bbox 2749 3622 2812 3676; x_wconf 76' lang='grc' dir='ltr'><strong>δὲ</strong></span> <span class='ocrx_word' id='word_1_555' title='bbox 2842 3620 3057 3687; x_wconf 72' lang='grc' dir='ltr'><strong><em>ἐσθῆτα</em></strong></span> 
     </span>
     <span class='ocr_line' id='line_1_88' title="bbox 1922 3687 3057 3762; baseline -0.004 -17"><span class='ocrx_word' id='word_1_556' title='bbox 1922 3688 2069 3762; x_wconf 76' lang='grc' dir='ltr'>ἔχειν</span> <span class='ocrx_word' id='word_1_557' title='bbox 2124 3688 2156 3756; x_wconf 79' lang='grc' dir='ltr'>ἢ</span> <span class='ocrx_word' id='word_1_558' title='bbox 2211 3690 2513 3762; x_wconf 74' lang='grc' dir='ltr'><strong><em>ἁλουργίδα</em></strong></span> <span class='ocrx_word' id='word_1_559' title='bbox 2567 3689 2768 3761; x_wconf 75' lang='grc' dir='ltr'><strong><em>ἱερεῦσι</em></strong></span> <span class='ocrx_word' id='word_1_560' title='bbox 2811 3691 2920 3761; x_wconf 73' lang='grc' dir='ltr'><strong>μὲν</strong></span> <span class='ocrx_word' id='word_1_561' title='bbox 2965 3687 3057 3742; x_wconf 72' lang='grc' dir='ltr'><strong>καὶ</strong></span> 
     </span>
     <span class='ocr_line' id='line_1_89' title="bbox 1921 3757 3058 3829; baseline -0.003 -17"><span class='ocrx_word' id='word_1_562' title='bbox 1921 3760 2246 3829; x_wconf 57' lang='lat' dir='ltr'><strong>&amp;paluels</strong></span> <span class='ocrx_word' id='word_1_563' title='bbox 2262 3759 2353 3812; x_wconf 77' lang='grc' dir='ltr'><strong>καὶ</strong></span> <span class='ocrx_word' id='word_1_564' title='bbox 2385 3764 2655 3824; x_wconf 55' lang='lat' dir='ltr'><strong>munais·</strong></span> <span class='ocrx_word' id='word_1_565' title='bbox 2676 3758 2766 3811; x_wconf 76' lang='grc' dir='ltr'><strong>καὶ</strong></span> <span class='ocrx_word' id='word_1_566' title='bbox 2790 3763 2909 3816; x_wconf 73' lang='grc' dir='ltr'><strong>τοῖς</strong></span> <span class='ocrx_word' id='word_1_567' title='bbox 2931 3757 3058 3827; x_wconf 78' lang='grc' dir='ltr'><strong>περὶ</strong></span> 
     </span>
     <span class='ocr_line' id='line_1_90' title="bbox 1919 3824 3058 3898; baseline -0.001 -19"><span class='ocrx_word' id='word_1_568' title='bbox 1919 3826 2023 3879; x_wconf 79' lang='grc' dir='ltr'><strong>τὸν</strong></span> <span class='ocrx_word' id='word_1_569' title='bbox 2070 3824 2341 3881; x_wconf 74' lang='grc' dir='ltr'><strong>Διόνυσον</strong></span> <span class='ocrx_word' id='word_1_570' title='bbox 2385 3826 2553 3898; x_wconf 78' lang='grc' dir='ltr'><strong><em>μόνοι</em></strong></span> <span class='ocrx_word' id='word_1_571' title='bbox 2604 3827 2874 3898; x_wconf 72' lang='grc' dir='ltr'><em>τεχνίταις</em></span> <span class='ocrx_word' id='word_1_572' title='bbox 2922 3842 3058 3895; x_wconf 81' lang='grc' dir='ltr'><strong><em>συμ-</em></strong></span> 
     </span>
     <span class='ocr_line' id='line_1_91' title="bbox 1921 3895 3078 3966; baseline 0.003 -19"><span class='ocrx_word' id='word_1_573' title='bbox 1921 3895 2154 3966; x_wconf 77' lang='grc' dir='ltr'><strong>φέρει.“</strong></span> <span class='ocrx_word' id='word_1_574' title='bbox 2207 3901 2296 3951; x_wconf 85' lang='lat' dir='ltr'><strong>Hic</strong></span> <span class='ocrx_word' id='word_1_575' title='bbox 2331 3902 2472 3950; x_wconf 86' lang='lat' dir='ltr'><strong>etiam</strong></span> <span class='ocrx_word' id='word_1_576' title='bbox 2513 3902 2600 3950; x_wconf 80' lang='lat' dir='ltr'><strong>luit</strong></span> <span class='ocrx_word' id='word_1_577' title='bbox 2618 3900 2864 3951; x_wconf 80' lang='lat' dir='ltr'><strong>Gallorum</strong></span> <span class='ocrx_word' id='word_1_578' title='bbox 2892 3898 3078 3951; x_wconf 71' lang='lat' dir='ltr'><strong>Matris.</strong></span> 
     </span>
     <span class='ocr_line' id='line_1_92' title="bbox 1922 3965 3054 4033; baseline -0.003 -17"><span class='ocrx_word' id='word_1_579' title='bbox 1922 3966 2074 4016; x_wconf 83' lang='lat' dir='ltr'><strong>Deum</strong></span> <span class='ocrx_word' id='word_1_580' title='bbox 2123 3969 2334 4018; x_wconf 79' lang='lat' dir='ltr'><strong>vestitus.</strong></span> <span class='ocrx_word' id='word_1_581' title='bbox 2418 3969 2557 4033; x_wconf 77' lang='lat' dir='ltr'><strong>Apul.</strong></span> <span class='ocrx_word' id='word_1_582' title='bbox 2595 3967 2778 4017; x_wconf 71' lang='lat' dir='ltr'><strong>Metam.</strong></span> <span class='ocrx_word' id='word_1_583' title='bbox 2816 3966 2955 4027; x_wconf 79' lang='lat' dir='ltr'><strong>vlu,</strong></span> <span class='ocrx_word' id='word_1_584' title='bbox 2992 3965 3054 4014; x_wconf 79' lang='lat'><strong>27</strong></span> 
     </span>
     <span class='ocr_line' id='line_1_93' title="bbox 1923 4033 3057 4097; baseline -0.001 -13"><span class='ocrx_word' id='word_1_585' title='bbox 1923 4034 2164 4097; x_wconf 86' lang='lat' dir='ltr'><strong>„Quidam</strong></span> <span class='ocrx_word' id='word_1_586' title='bbox 2202 4037 2389 4086; x_wconf 86' lang='lat' dir='ltr'><strong>tunicas</strong></span> <span class='ocrx_word' id='word_1_587' title='bbox 2425 4037 2577 4096; x_wconf 80' lang='lat' dir='ltr'><strong>albas,</strong></span> <span class='ocrx_word' id='word_1_588' title='bbox 2628 4036 2673 4084; x_wconf 90' lang='lat' dir='ltr'><strong>in</strong></span> <span class='ocrx_word' id='word_1_589' title='bbox 2711 4034 2912 4084; x_wconf 86' lang='lat' dir='ltr'><strong>modum</strong></span> <span class='ocrx_word' id='word_1_590' title='bbox 2951 4033 3057 4083; x_wconf 91' lang='lat' dir='ltr'><strong>lan-</strong></span> 
     </span>
     <span class='ocr_line' id='line_1_94' title="bbox 1919 4102 3059 4168; baseline -0.002 -16"><span class='ocrx_word' id='word_1_591' title='bbox 1919 4103 2156 4152; x_wconf 82' lang='lat' dir='ltr'><strong>ciolarum</strong></span> <span class='ocrx_word' id='word_1_592' title='bbox 2195 4118 2582 4168; x_wconf 76' lang='lat' dir='ltr'><strong>quoquoversum</strong></span> <span class='ocrx_word' id='word_1_593' title='bbox 2620 4102 2796 4152; x_wconf 83' lang='lat' dir='ltr'><strong>fluente</strong></span> <span class='ocrx_word' id='word_1_594' title='bbox 2839 4115 3059 4165; x_wconf 86' lang='lat' dir='ltr'><strong>purpura</strong></span> 
     </span>
     <span class='ocr_line' id='line_1_95' title="bbox 1923 4169 3058 4233; baseline -0.004 -14"><span class='ocrx_word' id='word_1_595' title='bbox 1923 4169 2142 4233; x_wconf 86' lang='lat' dir='ltr'><strong>depictas</strong></span> <span class='ocrx_word' id='word_1_596' title='bbox 2190 4171 2383 4233; x_wconf 72' lang='lat' dir='ltr'><strong>cingulo</strong></span> <span class='ocrx_word' id='word_1_597' title='bbox 2431 4169 2710 4232; x_wconf 75' lang='lat' dir='ltr'><strong>subligati.“</strong></span> <span class='ocrx_word' id='word_1_598' title='bbox 2780 4169 2853 4220; x_wconf 80' lang='lat' dir='ltr'><strong>Cl.</strong></span> <span class='ocrx_word' id='word_1_599' title='bbox 2903 4169 3058 4219; x_wconf 77' lang='lat' dir='ltr'><strong>Clam.</strong></span> 
     </span>
     <span class='ocr_line' id='line_1_96' title="bbox 1921 4236 3058 4301; baseline -0.003 -14"><span class='ocrx_word' id='word_1_600' title='bbox 1921 4238 2175 4287; x_wconf 77' lang='lat' dir='ltr'><strong>Alexandr.</strong></span> <span class='ocrx_word' id='word_1_601' title='bbox 2214 4239 2481 4301; x_wconf 69' lang='lat' dir='ltr'><strong>paedagog.</strong></span> <span class='ocrx_word' id='word_1_602' title='bbox 2519 4237 2678 4297; x_wconf 85' lang='lat' dir='ltr'><strong>tt‚10.</strong></span> <span class='ocrx_word' id='word_1_603' title='bbox 2727 4236 3058 4298; x_wconf 69' lang='lat' dir='ltr'><strong>Mattb.Aegy-</strong></span> 
     </span>
     <span class='ocr_line' id='line_1_97' title="bbox 1921 4302 3061 4370; baseline -0.004 -15"><span class='ocrx_word' id='word_1_604' title='bbox 1921 4306 2054 4370; x_wconf 86' lang='lat' dir='ltr'><strong>ptius</strong></span> <span class='ocrx_word' id='word_1_605' title='bbox 2101 4305 2170 4354; x_wconf 85' lang='lat' dir='ltr'><strong>De</strong></span> <span class='ocrx_word' id='word_1_606' title='bbox 2218 4306 2510 4356; x_wconf 82' lang='lat' dir='ltr'><strong>SCansulto·</strong></span> <span class='ocrx_word' id='word_1_607' title='bbox 2537 4305 2608 4354; x_wconf 84' lang='lat' dir='ltr'><strong>De</strong></span> <span class='ocrx_word' id='word_1_608' title='bbox 2660 4302 2950 4354; x_wconf 82' lang='lat' dir='ltr'><strong>Bacchanal.</strong></span> <span class='ocrx_word' id='word_1_609' title='bbox 3012 4302 3061 4351; x_wconf 77' lang='lat' dir='ltr'><strong>ia</strong></span> 
     </span>
     <span class='ocr_line' id='line_1_98' title="bbox 1921 4368 3061 4438; baseline -0.003 -16"><span class='ocrx_word' id='word_1_610' title='bbox 1921 4372 2090 4422; x_wconf 83' lang='lat' dir='ltr'><strong>Poleni</strong></span> <span class='ocrx_word' id='word_1_611' title='bbox 2139 4373 2284 4423; x_wconf 81' lang='lat' dir='ltr'><strong>Thes.</strong></span> <span class='ocrx_word' id='word_1_612' title='bbox 2334 4374 2525 4438; x_wconf 78' lang='lat' dir='ltr'><strong>Antiqu.</strong></span> <span class='ocrx_word' id='word_1_613' title='bbox 2561 4371 2816 4437; x_wconf 89' lang='lat' dir='ltr'><strong>Supplem.</strong></span> <span class='ocrx_word' id='word_1_614' title='bbox 2861 4378 2984 4420; x_wconf 85' lang='lat' dir='ltr'><strong>tom.</strong></span> <span class='ocrx_word' id='word_1_615' title='bbox 3021 4368 3061 4429; x_wconf 87' lang='lat'><strong>1,</strong></span> 
     </span>
     <span class='ocr_line' id='line_1_99' title="bbox 1961 4440 2282 4491; baseline 0.003 -2"><span class='ocrx_word' id='word_1_616' title='bbox 1961 4476 1972 4489; x_wconf 91' lang='lat'><strong>.</strong></span> <span class='ocrx_word' id='word_1_617' title='bbox 1995 4440 2113 4491; x_wconf 72' lang='lat'><strong>822⁴.</strong></span> <span class='ocrx_word' id='word_1_618' title='bbox 2152 4454 2197 4490; x_wconf 90' lang='lat' dir='ltr'><strong>n.</strong></span> <span class='ocrx_word' id='word_1_619' title='bbox 2271 4480 2282 4490; x_wconf 93' lang='lat'><strong>.</strong></span> 
     </span>
     <span class='ocr_line' id='line_1_100' title="bbox 1921 4455 3058 4574; baseline -0.004 -17"><span class='ocrx_word' id='word_1_620' title='bbox 1921 4455 1955 4505; x_wconf 67' lang='lat' dir='ltr'>p</span> <span class='ocrx_word' id='word_1_621' title='bbox 1989 4516 2024 4557; x_wconf 87' lang='lat' dir='ltr'><strong>t.</strong></span> <span class='ocrx_word' id='word_1_622' title='bbox 2063 4508 2205 4558; x_wconf 84' lang='lat' dir='ltr'><strong>thure</strong></span> <span class='ocrx_word' id='word_1_623' title='bbox 2226 4455 2482 4574; x_wconf 60' lang='lat' dir='ltr'><strong>llgagrsnte]</strong></span> <span class='ocrx_word' id='word_1_624' title='bbox 2502 4509 2552 4559; x_wconf 91' lang='lat' dir='ltr'><strong>Si</strong></span> <span class='ocrx_word' id='word_1_625' title='bbox 2574 4507 2868 4571; x_wconf 84' lang='lat' dir='ltr'><strong>scriptorum</strong></span> <span class='ocrx_word' id='word_1_626' title='bbox 2903 4503 3058 4555; x_wconf 88' lang='lat' dir='ltr'><strong>libro·</strong></span> 
     </span>
     <span class='ocr_line' id='line_1_101' title="bbox 1921 4574 3061 4637; baseline -0.002 -13"><span class='ocrx_word' id='word_1_627' title='bbox 1921 4588 2030 4624; x_wconf 87' lang='lat' dir='ltr'><strong>rum</strong></span> <span class='ocrx_word' id='word_1_628' title='bbox 2066 4574 2138 4624; x_wconf 83' lang='lat' dir='ltr'><strong>vel</strong></span> <span class='ocrx_word' id='word_1_629' title='bbox 2176 4591 2302 4626; x_wconf 89' lang='lat' dir='ltr'><strong>unus</strong></span> <span class='ocrx_word' id='word_1_630' title='bbox 2341 4577 2594 4629; x_wconf 88' lang='lat' dir='ltr'><strong>meliorum</strong></span> <span class='ocrx_word' id='word_1_631' title='bbox 2622 4582 2876 4635; x_wconf 77' lang='lat' dir='ltr'><strong>annueret.</strong></span> <span class='ocrx_word' id='word_1_632' title='bbox 2911 4584 3061 4637; x_wconf 84' lang='lat' dir='ltr'><strong>repo-</strong></span> 
     </span>
     <span class='ocr_line' id='line_1_102' title="bbox 1920 4642 3064 4708; baseline -0.003 -17"><span class='ocrx_word' id='word_1_633' title='bbox 1920 4643 2132 4693; x_wconf 82' lang='lat' dir='ltr'><strong>suissem</strong></span> <span class='ocrx_word' id='word_1_634' title='bbox 2185 4647 2436 4708; x_wconf 73' lang='lat' dir='ltr'><strong>rrayronte.</strong></span> <span class='ocrx_word' id='word_1_635' title='bbox 2528 4642 2744 4705; x_wconf 73' lang='lat' dir='ltr'><strong>vulgaris</strong></span> <span class='ocrx_word' id='word_1_636' title='bbox 2799 4654 2942 4693; x_wconf 84' lang='lat' dir='ltr'><strong>error</strong></span> <span class='ocrx_word' id='word_1_637' title='bbox 2988 4642 3064 4689; x_wconf 87' lang='lat' dir='ltr'><strong>est</strong></span> 
     </span>
    </p>
   </div>
  </div>
 </body>
</html>
