3263 5311
605 3074 614 3084 ·
683 3062 930 3126 yeticum.“

702 395 822 465 112

1226 410 1427 461 QUINTI
1470 410 1731 454 suerum
1771 410 2097 454 nonanus
2141 410 2527 453 TERTULLIANI

694 561 886 642 palam
927 560 1295 639 'dispicerel’
1339 570 1398 623 et
1436 560 1670 622 'coram
1714 560 2046 623 examinare
2085 560 2228 639 quid
2286 560 2367 621 sit
2417 558 2679 639 liquido⁸
2720 559 2783 621 in
2837 578 3002 622 causa

696 661 1182 729 Christianorum.
1250 660 1303 722 si
1362 662 1436 723 ad
1489 662 1641 724 hanc
1692 662 1878 724 solam
1918 658 2259 742 ⁴speciem‘1
2310 661 2626 722 auctoritas
2690 670 2884 723 vestra
2935 662 3005 723 de

693 882 745 934 2.
781 882 1030 946 despicere
1074 881 1129 931 F.
1181 881 1424 932 Vaticanus
1471 897 1621 943 unus,
1682 881 2059 933 Vindobonensir.
2140 878 2406 932 discribere
2454 881 2533 931 Gb.
2588 880 2827 931 Vaticanus
2853 880 3003 940 'mium

697 950 955 1002 Gorsicnst's
970 986 984 1010 ,
1030 949 1338 999 florentinus.

1474 948 1522 998 3.
1560 963 1788 998 coronam
1836 950 2034 1000 Floreat.

2168 949 2219 998 4.
2255 950 2465 1012 speciem
2517 964 2603 998 om.
2641 949 2692 998 F.
2745 954 2788 997 et
2823 948 3007 998 Vindob.

693 1020 738 1069 εἰ
774 1020 832 1068 ad
866 1019 990 1067 banc
1024 1017 1179 1066 solam
1216 1024 1398 1066 tautum
1430 1017 1641 1081 speciem
1676 1012 1724 1067 λ.
1791 1017 1877 1067 sed
1913 1017 1974 1067 ad
2007 1017 2132 1066 banc
2163 1016 2318 1066 selam
2352 1016 2565 1081 speciem
2600 1032 2643 1066 a.

693 1170 1036 1231 ut·Satyricum
1071 1174 1119 1215 et
1151 1166 1343 1215 similia.
1394 1167 1474 1231 Sic
1509 1167 1631 1216 inter
1656 1181 1806 1230 opera

692 1237 965 1298 Hieronymi
1004 1235 1176 1296 legitur
1207 1236 1546 1298 Apoloqeticum
1579 1236 1642 1284 ad
1665 1237 1805 1285 Dom-

665 1307 889 1364 ,nionem,
931 1303 1020 1352 uisi
1058 1311 1212 1351 tamen
1250 1303 1510 1365 scripserat
1545 1303 1649 1366 ipse
1682 1305 1804 1366 Apo-

692 1373 932 1434 loqeticua.
1010 1371 1255 1433 Siquidem
1317 1370 1383 1418 Ad
1446 1370 1802 1419 Pammaebinm

690 1434 833 1504 [tom.
869 1439 941 1498 IV,
980 1454 1027 1502 p.
1065 1436 1179 1488 243.
1215 1437 1289 1486 ed.
1328 1432 1529 1501 Bened]
1586 1437 1802 1500 „Apolo-

692 1508 916 1570 geticum,
953 1506 1120 1570 inquit,
1158 1506 1241 1553 tibi
1278 1506 1404 1565 misi,
1441 1520 1580 1569 quem
1607 1516 1802 1567 προσε-

692 1566 973 1656 φώνησεν*
1010 1582 1116 1622 cett.
1170 1573 1256 1622 Est
1290 1574 1431 1635 igitur
1466 1572 1800 1636 Apologeticus

691 1633 1081 1705 απολογητικὸς
1127 1632 1302 1704 λόγος.
1377 1640 1434 1689 Et
1468 1654 1583 1689 sane
1620 1641 1665 1689 in
1705 1639 1800 1690 MS.

690 1710 921 1769 Bongarsi
961 1710 1081 1757 liber
1115 1708 1192 1757 hic
1227 1708 1501 1757 inscribitur
1536 1708 1669 1758 Liber
1695 1709 1800 1757 Ter-

691 1778 879 1828 tulliani
895 1777 1225 1839 Apotoqeticus.
1277 1776 1537 1839 Utrumque
1572 1777 1619 1825 in
1658 1776 1800 1826 Glos-

692 1845 821 1894 sario
859 1844 1032 1907 Papiae
1065 1844 1403 1907 Apoloqeticum
1447 1852 1495 1892 et
1539 1844 1800 1907 Apoloyeti-

691 1928 772 1964 cns
820 1911 969 1970 liber,
1026 1911 1111 1960 sed
1171 1911 1350 1960 adiecta
1408 1911 1800 1974 interpretatione

588 2020 595 2027 .
690 1980 836 2043 plane
866 1978 1080 2027 ridicula.
1117 1977 1294 2040 (Desid.
1316 1978 1589 2039 Heraldus.)
1625 1978 1798 2027 Isidor-

693 2046 852 2108 Origg.
892 2045 963 2105 vt,
999 2045 1048 2104 8,
1085 2045 1133 2096 6.
1179 2047 1557 2111 „Apoloyeticum
1609 2054 1683 2095 est
1718 2061 1800 2095 ex—

584 2162 591 2176 ,
692 2115 894 2173 cusano,
931 2112 977 2162 iu
1014 2128 1108 2178 quo
1144 2113 1303 2162 solent
1338 2114 1532 2176 qnidam
1568 2128 1800 2163 accusau-

691 2182 819 2231 tibus
867 2183 1177 2244 respondere.
1246 2180 1301 2230 ln
1346 2181 1625 2230 defensione
1674 2182 1800 2230 enim

689 2258 772 2300 aut
807 2249 1056 2310 negatione
1104 2247 1209 2297 sola
1244 2249 1454 2313 positum
1492 2256 1592 2309 est,
1635 2251 1695 2297 'et
1729 2255 1802 2298 est

689 2331 865 2367 nomen
902 2315 1187 2367 Graecum.“
1258 2317 1389 2375 Quae
1426 2331 1530 2365 cum
1569 2317 1803 2366 scriberet

689 2384 924 2442 Isidorus,
960 2398 1068 2433 eum
1104 2384 1199 2433 veri
1236 2398 1330 2433 non
1368 2383 1586 2433 absimile
1620 2392 1695 2433 est
1726 2384 1798 2433 vel

689 2451 841 2516 ipsius
876 2451 1184 2501 Tertulliauei
1237 2452 1458 2513 opusculi
1493 2450 1683 2500 titulum
1718 2466 1798 2502 re-

688 2520 933 2583 spexisse,
982 2534 1008 2568 a
1056 2534 1150 2583 quo
1199 2519 1390 2582 quidem
1427 2520 1664 2583 scriptore
1699 2534 1798 2568 non

686 2601 841 2652 pauca
878 2586 1057 2635 eisdem
1094 2587 1247 2635 verbis
1284 2586 1331 2635 in
1368 2601 1508 2635 suum
1546 2587 1792 2648 Originum

690 2670 813 2719 opus
848 2654 1105 2704 transtulit.
1154 2653 1233 2704 Sic
1267 2653 1408 2703 etiam
1447 2655 1661 2716 Gregorii
1697 2654 1794 2704 Na·

687 2723 896 2773 zianzeni
968 2712 1358 2785 ἀπολογηταοῦ
1424 2714 1588 2785 λόγου
1660 2731 1793 2773 vetus

687 2791 930 2855 exemplar
965 2791 1224 2854 scriptum,
1277 2789 1407 2854 quod
1441 2797 1710 2840 asservatur
1745 2792 1791 2840 in

684 2858 974 2910 bibliotheca
1025 2858 1149 2922 apud
1198 2858 1443 2906 Atrebates
1498 2858 1563 2918 (V.
1615 2858 1792 2908 Haenel

689 2926 839 2977 Catal.
873 2927 1122 2976 Librorum
1156 2925 1481 2989 mss.p.33.),
1518 2925 1792 2989 inscriptio-

688 3009 796 3043 nem
835 2996 975 3044 babet
1026 2994 1278 3055 „Gregorii
1314 2993 1593 3043 Nazianzeni
1627 2995 1795 3058 Apolo-

1002 3063 1138 3121 Quod
1178 3062 1381 3125 deniqne
1417 3062 1474 3110 ad
1505 3063 1794 3124 scripturam

683 3131 1041 3195 Apoloyiticum,
1094 3144 1215 3194 quae
1252 3129 1297 3177 in
1334 3129 1515 3192 aliquot
1550 3129 1794 3178 codicibus

685 3198 879 3261 scriptis
916 3201 987 3253 (ut
1022 3198 1161 3244 etiam
1198 3196 1245 3243 in
1282 3195 1438 3244 Closs.
1477 3197 1571 3245 Vet.
1600 3196 1796 3257 Errare,

686 3265 816 3328 quod
865 3263 989 3312 edidi
1040 3263 1085 3310 in
1119 3263 1239 3310 Jabn
1288 3269 1334 3310 et
1380 3262 1514 3332 Klotz
1548 3264 1715 3313 Archiv
1749 3279 1792 3314 a.

691 3330 837 3380 1847.
875 3345 922 3392 p.
960 3328 1093 3389 262.)
1144 3328 1398 3391 reperitur,
1449 3344 1551 3378 eam
1588 3345 1685 3380 uon
1723 3340 1794 3380 te-

686 3411 819 3446 mere
854 3397 1068 3445 vitiosam
1105 3396 1348 3459 appellare
1386 3396 1589 3446 debebat
1624 3398 1794 3447 Hei-al·-

686 3464 793 3514 dns.
864 3463 1043 3514 Monuit
1078 3464 1171 3511 iam
1207 3463 1471 3512 Salmasius
1507 3465 1565 3514 ad
1593 3466 1794 3515 Tertull.

685 3530 755 3581 De
794 3531 942 3580 Pallio
979 3545 1026 3594 p.
1050 3530 1164 3579 225.
1201 3538 1247 3579 ct
1282 3531 1465 3594 [2³:307.
1501 3532 1646 3582 scribi
1674 3535 1815 3598 Apo--

687 3599 922 3663 logiticum
969 3613 1057 3661 pro
1102 3599 1463 3662 Apotoqencum,
1518 3608 1567 3650 ut
1613 3602 1795 3664 passim

685 3668 816 3717 Bilus
854 3681 940 3732 pro
967 3667 1120 3726 Belua,
1160 3669 1287 3716 birus
1307 3681 1393 3730 pro
1415 3668 1565 3728 barus,
1606 3671 1798 3719 diatrita

684 3749 774 3800 pro
824 3736 1049 3797 diatreta,
1102 3735 1271 3797 colipia
1314 3742 1358 3783 et
1409 3736 1625 3798 dicteria,
1676 3751 1798 3801 quae

689 3803 883 3854 Graecis
919 3809 1031 3852 sunt
1062 3794 1308 3860 κολιὲπια,
1349 3794 1614 3872 δατήρια.

756 3953 871 4015 Cap.
909 3953 947 4003 1.
1018 3954 1269 4018 Inscriptio
1308 3955 1476 4018 capitis
1510 3954 1589 4005 DE
1621 3956 1796 4008 IGNO-

684 4021 898 4071 ntum
936 4021 1005 4071 vel
1042 4023 1116 4070 DE
1142 4021 1508 4072 IGNORANTIA
1538 4024 1594 4073 lN
1627 4024 1796 4074 011Βί-

685 4089 801 4138 STO
838 4089 966 4138 lesv
1016 4091 1063 4139 in
1115 4090 1250 4139 libris
1302 4092 1496 4154 scriptis
1532 4106 1795 4156 propemo-

686 4156 801 4205 dum
860 4157 1082 4206 omnibns
1143 4172 1250 4206 cum
1317 4157 1425 4207 libri
1483 4160 1796 4223 inscriptione

684 4223 1143 4275 APOLOGETlCVM
1214 4226 1463 4276 coniuncta
1534 4235 1794 4292 comparet.

685 4291 823 4351 Quod
852 4292 892 4341 si
929 4292 1340 4343 animadvertisset
1375 4294 1446 4344 Cl.
1483 4297 1597 4357 Aug.
1626 4295 1793 4357 Maius,

685 4373 791 4408 cum
830 4360 878 4408 iu
912 4368 1069 4410 vetere
1093 4362 1309 4424 catalogo
1333 4362 1652 4411 bibliothecae
1673 4362 1793 4413 Cor—

684 4427 893 4476 beiensis
931 4437 1259 4478 enumeratum
1296 4430 1526 4479 inveniret
1550 4431 1675 4480 inter
1701 4431 1793 4480 alia

684 4510 832 4558 opera
868 4494 1147 4546 Tertulliani
1200 4497 1375 4546 librum
1410 4498 1476 4546 De
1509 4499 1789 4560 Ignorantia,

683 4563 811 4613 bunc
843 4564 1061 4627 protecto
1098 4578 1194 4613 nou
1230 4564 1277 4614 iu
1308 4564 1665 4628 deperditarum
1689 4566 1792 4615 eius

681 4631 933 4698 scriptoris
990 4646 1191 4682 numero
1250 4633 1514 4683 censuisset
1563 4633 1788 4699 spicileg.

1905 1166 2043 1217 Rom.
2077 1165 2180 1218 Vol.
2216 1168 2265 1227 V,
2301 1183 2351 1232 p.
2389 1166 2503 1217 207.
2541 1165 2673 1215 Paris
2711 1165 2889 1215 erroris
2924 1180 3009 1215 an·

1905 1250 2010 1284 sam
2059 1235 2172 1284 dare
2218 1237 2374 1300 possit
2428 1234 2641 1283 eiusdem
2693 1233 3010 1283 bibliothecae

1906 1302 2031 1351 idem
2069 1302 2331 1364 catalogus,
2375 1317 2422 1365 p.
2461 1300 2595 1362 203„
2633 1302 2710 1350 ubi
2747 1308 2859 1365 post
2893 1301 3011 1350 Ter-

1903 1371 2089 1419 tulliani
2126 1370 2301 1420 librnm
2336 1371 2402 1419 De
2437 1370 2718 1434 Spectaculis
2758 1381 3011 1419 enumera·

1902 1444 1982 1486 tur
2027 1438 2150 1487 liber
2196 1438 2261 1488 De
2304 1439 2516 1498 Manere,
2573 1452 2715 1500 quem
2768 1450 3009 1499 nunquam

1904 1505 2112 1568 scripsit.
2181 1507 2247 1555 De
2280 1506 2463 1555 Munere
2499 1505 2623 1553 euim
2660 1512 2734 1553 est
2762 1504 3010 1567 inscriptio

1904 1573 2072 1635 capitis
2109 1573 2379 1622 duodecimi
2418 1573 2524 1621 libri
2559 1574 2622 1622 De
2647 1572 2927 1636 Spectaculis
2963 1571 3009 1621 in

1903 1639 2026 1689 libro
2064 1641 2243 1704 scripto
2265 1642 2317 1692 S.
2336 1639 2574 1703 Agobardi
2608 1647 2657 1690 et
2690 1640 2739 1689 in
2772 1638 3010 1689 veteribus

1901 1708 2207 1758 editionibus.

1968 1858 2010 1892 a.
2045 1843 2245 1893 Romani
2272 1842 2460 1906 imperii
2486 1835 2743 1906 antistites]
2779 1840 3012 1905 Septimio

1901 1910 2075 1960 Severo
2114 1920 2161 1960 et
2194 1911 2422 1959 Bassiano
2457 1910 2693 1959 Antonino
2737 1909 3013 1958 Caracallae

1901 1978 2078 2027 librum
2114 1980 2394 2042 inscriptum
2434 1978 2652 2026 iudicavit
2687 1976 2910 2027 Noesselt
2943 1976 3016 2026 De

1899 2046 2062 2095 Aetate
2138 2047 2330 2109 Scriptt.
2388 2045 2668 2094 Tertulliani
2722 2044 2762 2105 1,
2827 2059 2877 2108 p.
2926 2043 3011 2094 34.

1900 2113 2115 2163 Muenter
2162 2113 2431 2163 Primordia
2477 2112 2606 2162 Eccl.
2655 2112 2754 2160 ΜΓ.
2803 2125 2851 2175 p.
2887 2111 3009 2162 2¹3.

1900 2183 1957 2230 At
2009 2182 2243 2231 Eusebius
2298 2182 2415 2230 illst.
2454 2180 2637 2232 EccleS.
2670 2180 2722 2240 V,
2769 2178 2817 2228 5.
2891 2180 3016 2228 Ter-

1899 2247 2150 2298 tullianum
2210 2249 2355 2298 tradit
2422 2248 2691 2311 apologiam
2746 2260 2884 2296 suem
2947 2260 3015 2313 τῃ

1893 2310 2159 2383 Ῥωμαϊκῇ
2232 2308 2508 2380 συγκλήτῳ
2570 2312 3014 2381 προς-φωνῆσαι,

1901 2385 1977 2435 cui
2013 2385 2285 2435 testimonio
2322 2399 2379 2433 eo
2419 2383 2568 2445 magis
2604 2383 2856 2447 acquiesco
2895 2398 3021 2446 prae

1899 2452 1982 2502 illa
2020 2453 2274 2516 opinione,
2323 2466 2428 2501 cum
2467 2465 2703 2515 nusquam
2738 2458 2889 2500 totum
2924 2465 3023 2514 per

1902 2534 2025 2585 opus
2062 2521 2130 2569 illi
2168 2520 2398 2570 Caesares
2434 2519 2715 2568 nominatim
2759 2517 3022 2581 appellen-

1895 2595 1990 2647 tur,
2036 2586 2084 2637 id
2119 2587 2245 2652 quod
2284 2587 2487 2635 debebat
2533 2585 2815 2649 exspectari,
2863 2585 2904 2634 si
2941 2585 3020 2635 eis

1893 2670 2055 2706 revera
2092 2654 2372 2718 inscriptum
2409 2662 2528 2715 erat,
2578 2669 2684 2705 cum
2731 2653 2852 2704 ratio
2887 2653 3023 2705 iusta

1893 2724 2156 2774 inveniatur
2193 2723 2323 2772 nulla
2372 2738 2493 2786 quae
2541 2732 2784 2772 auctorem
2834 2729 2886 2771 ut
2919 2722 3022 2770 ali-

1891 2799 1966 2841 ter
2013 2793 2191 2841 feceret
2242 2805 2432 2839 movere
2479 2792 2704 2853 potuerit.
2775 2790 3021 2839 Gravissi-

1892 2874 2022 2909 mum
2059 2859 2263 2923 denique
2310 2866 2474 2908 contra
2509 2856 2829 2907 Noesseltium
2867 2871 3025 2918 argn-

1893 2935 2105 2977 mentum
2152 2926 2362 2976 continet
2406 2925 2571 2976 vocula
2617 2930 2714 2989 [ere
2766 2924 2810 2974 iu
2854 2926 3024 2974 verbis

1893 2994 1978 3054 „in
2014 2995 2120 3058 ipso
2160 2996 2261 3044 tere
2294 2993 2467 3043 vertice
2504 2993 2700 3043 civitatis
2726 2993 3022 3056 praesiden-

1891 3063 2076 3123 tibus“,
2107 3077 2234 3134 'quae
2269 3061 2481 3124 intellegi
2519 3062 2683 3125 nequit
2718 3060 2808 3110 uisi
2845 3060 2903 3109 de
2939 3060 3024 3110 eis

1892 3131 1974 3195 qui
2007 3137 2244 3194 potestate
2277 3143 2464 3179 summa
2500 3129 2752 3179 interiores
2785 3134 2914 3178 suut.

1964 3245 2010 3295 b.
2049 3241 2311 3311 dispicere]
2349 3246 2552 3297 Verbum
2591 3246 2714 3296 lCtis
2750 3243 3024 3294 usitatissi-

1895 3328 2025 3364 mum
2063 3329 2151 3377 pro
2191 3316 2468 3375 examinare,
2508 3322 2733 3365 excutere.
2783 3311 3024 3377 Exempla

1897 3397 1952 3432 ex
1988 3382 2284 3431 Tertulliano
2323 3383 2555 3445 adscripsi
2590 3382 2655 3431 De
2677 3382 2864 3431 Corona
2904 3395 3022 3443 cap.

1897 3450 1944 3499 7.
1960 3450 2008 3499 V.
2044 3450 2187 3499 etiam
2221 3449 2422 3499 Dirksen
2450 3450 2664 3499 Manuale
2700 3465 2741 3498 s.
2765 3464 2802 3498 v.
2822 3464 2872 3513 p.
2892 3446 3020 3497 293.

1968 3582 2010 3620 c.
2055 3567 2170 3632 qnid
2216 3568 2279 3616 sit
2312 3562 2519 3633 liquido]
2571 3566 2802 3628 Intellege
2832 3567 3019 3632 proba-

1897 3642 2007 3699 tum,
2046 3636 2118 3685 vel
2153 3634 2314 3684 simile
2349 3635 2481 3700 quid.

1929 3754 2011 3806 .d.
2060 3748 2296 3818 speciem]
2345 3752 2549 3802 Verbum
2586 3751 2825 3811 ICtorum,
2879 3748 3020 3815 quod

1898 3830 1946 3872 et
1980 3820 2092 3871 alibi
2130 3829 2329 3886 usurpat
2364 3820 2701 3870 Tertullianus.
2767 3819 3017 3868 Exhortat.

1900 3890 2064 3939 Castit.
2105 3905 2208 3953 cap.
2240 3888 2282 3938 1.
2322 3888 2537 3950 „Tamen
2574 3888 2798 3953 quoniam
2835 3887 2883 3936 in
2919 3886 3020 3934 ista

1897 3959 2047 4022 specie
2095 3958 2251 4006 carnis
2300 3955 2561 4006 necessitas
2609 3956 2863 4017 cogitatum
2901 3967 3020 4002 mo·

1897 4025 2023 4074 νου*
2063 4025 2281 4088 Cyprian.
2305 4025 2453 4088 Epist.
2474 4023 2630 4074 xvtn.
2667 4023 2779 4084 „Ut‚
2815 4021 3018 4086 quando

1898 4092 1946 4142 in
1982 4107 2128 4142 unum
2156 4093 2532 4152 convenerimus,
2569 4092 2628 4140 de
2654 4090 2878 4139 omnibns
2903 4104 3020 4153 spe·

1898 4161 2052 4211 ciebas
2087 4161 2348 4210 secuudum
2388 4160 2760 4209 ecclesiasticam
2791 4156 3020 4219 discipli·

1897 4242 2006 4276 nam
2029 4236 2231 4277 tractare
2250 4228 2545 4292 possimus.“
2582 4226 2762 4284 (Desid.
2792 4222 3019 4301 Hereld.)

1896 4298 2078 4360 Species
2115 4305 2188 4346 est
2206 4310 2357 4359 genus
2387 4310 2577 4354 causae,
2613 4308 2771 4352 casus,
2807 4284 3021 4339 ὑποθε-

1896 4374 1994 4416 σις.
2056 4364 2126 4415 Cf.
2173 4365 2256 4413 Ad.
2304 4364 2428 4414 Natt.
2463 4364 2502 4423 1,
2541 4362 2618 4412 18.
2669 4360 3019 4424 „Respondete

1894 4431 2036 4494 igitur
2072 4432 2130 4480 ad
2166 4431 2379 4494 singulas
2407 4429 2632 4496 species.“
2685 4429 2753 4478 De
2791 4427 3017 4478 idolola-

1895 4500 1982 4548 tria
2032 4513 2137 4563 cap.
2185 4500 2263 4549 15.
2319 4499 2422 4562 „De
2481 4500 2569 4548 ista
2618 4511 2809 4562 qnoque
2858 4496 3022 4560 specie

1894 4567 2005 4630 quid
2055 4568 2289 4618 videtur-‚⁸⁴
2360 4567 2559 4617 Dirksen
2607 4564 2825 4615 Manuale
2873 4578 2920 4614 a.
2970 4578 3020 4613 v.

1892 4648 1945 4699 p.
1980 4635 2096 4684 901.
