3263 5311
510 2588 614 2643 Cap.
653 2587 702 2630 ll.

731 389 811 452 68
1243 404 1445 455 QUINTI
1488 404 1748 447 SEP'rmn
1791 406 2116 448 nonanus
2164 405 2550 448 Taurunum!
2623 394 2630 401 ’

727 555 851 635 piat
912 562 1012 616 aut
1052 554 1148 615 alii
1204 554 1462 617 debitum
1516 555 1797 633 deneget,
1864 563 1924 615 et
1985 556 2184 635 utique
2227 556 2417 633 ¹·''erga
2459 556 2757 617 hominem
2802 556 3054 618 admissa

730 657 889 719 fraus
920 642 1168 731 „maximi
1212 656 1473 717 criminis
1518 674 1735 717 nomen
1791 664 1899 717 est.
1999 656 2125 717 ¹⁶At
2184 656 2340 717 enim
2405 656 2728 717 idololatria
2792 657 3054 719 fraudem

732 757 842 819 deo
888 757 1054 829 facit,
1120 756 1382 817 honores
1438 756 1520 818 illi
1567 775 1710 819 suos
1755 757 2050 835 denegans
2093 764 2153 817 et
2195 757 2505 819 conserens
2548 757 2711 831 aliis,
2765 765 2833 817 ut
2869 759 3052 820 fraudi

734 858 907 918 etiam
965 858 1374 918 contumeliam
1429 857 1764 935 coniungat.
1855 856 2085 930 Quodsi
2150 863 2267 917 tam
2332 857 2491 917 fraus
2553 875 2726 936 quam
2787 866 3057 937 stuprum

735 966 907 1037 atque
949 954 1298 1021 adulterium
1342 966 1595 1018 mortem
1639 959 1974 1030 flamarum,
2041 957 2209 1018 ¹⁸iam
2265 958 2324 1018 in
2367 958 2459 1018 his
2503 976 2687 1037 aeque
2729 959 3056 1020 idololatria

735 1059 809 1120 de
852 1058 1183 1120 ¹⁰homicidi
1226 1067 1389 1120 reatu
1433 1078 1553 1119 non
1594 1058 1893 1119 liberatur.
1960 1059 2107 1122 Post
2148 1058 2283 1119 talia
2327 1058 2586 1133 crimina,
2632 1068 2750 1140 tam
2791 1059 3059 1133 exitiosa,

734 1167 851 1221 tam
897 1159 1262 1221 devoratoria
1308 1160 1534 1233 salutm,
1580 1166 1773 1221 cetera
1816 1178 2050 1241 quoque
2094 1158 2343 1238 aliquem
2370 1159 2496 1221 ²⁰ad
2527 1161 2766 1222 modum
2795 1169 2854 1221 et
2881 1180 3057 1221 seor-

736 1279 869 1323 sum
911 1261 1163 1340 proinde
1206 1261 1493 1340 disposita
1537 1261 1597 1322 in
1642 1261 1967 1323 idololalria
2009 1260 2416 1321 condicionem
2460 1279 2627 1321 suam
2654 1262 3055 1340 ”repraesen-

738 1370 879 1427 tant.
965 1362 1031 1421 ln
1078 1362 1173 1423 illa
1230 1369 1289 1422 et
1347 1361 1856 1441 concupiscentiae
1919 1360 2155 1422 saeculi.
2244 1360 2408 1447 Quae
2472 1363 2630 1422 enim
2692 1362 3058 1424 idololatriae

734 1462 1152 1525 nsanomnitas
1196 1461 1325 1523 sine
1369 1460 1689 1523 ambitione
1732 1460 1922 1525 cultus
1968 1469 2027 1523 et
2070 1456 2360 1534 ornatus?
2446 1463 2511 1523 ln
2555 1463 2652 1531 illa
2691 1463 2963 1524 lasciviae
3004 1474 3062 1523 et

726 1563 1073 1649 'ebrietate5,
1139 1581 1271 1625 cum
1313 1561 1626 1641 plurimum
1671 1561 1857 1623 victus
1902 1570 1962 1623 et
2003 1563 2220 1623 ventris
2265 1570 2323 1623 et
2363 1563 2622 1624 lihidinis
2666 1583 2839 1625 causa
2880 1564 3057 1625 ”sre-

740 1672 1114 1743 quententur.
1177 1663 1247 1724 In
1288 1663 1381 1724 illa
1425 1661 1728 1727 iniustitia.
1797 1663 1951 1735 Quid
1995 1664 2152 1724 enim
2195 1664 2472 1725 iniustius
2517 1683 2582 1724 ea
2623 1683 2773 1743 quae
2801 1663 3060 1726 iustitiae
3096 1672 3109 1679 '

739 1773 967 1844 patrem
1012 1763 1244 1826 nescit?
1311 1765 1377 1824 ln
1418 1763 1513 1825 ina
1556 1763 1731 1824 etiam
1775 1764 2020 1837 vanitas,
2065 1783 2197 1825 cum
2242 1771 2363 1825 tota
2409 1764 2536 1825 eius
2581 1766 2729 1825 ratio
2775 1782 2919 1827 vana
2965 1767 3057 1828 sit.

738 1866 807 1927 In
850 1865 946 1926 illa
985 1864 1438 1936 2ἰιιθιιᾱειείιιιιη
1499 1883 1631 1931 cum
1675 1871 1797 1924 tota
1838 1863 2160 1925 substantia
2204 1863 2332 1926 eius
2376 1865 2622 1925 mendax
2666 1865 2761 1927 sit.
2845 1867 2935 1929 Ita
2981 1868 3057 1940 tlt,

738 1972 806 2031 ut
849 1966 1044 2027 omnia
1087 1965 1149 2027 in
1193 1963 1522 2026 idololatria
1566 1971 1623 2025 et
1685 1965 1748 2026 in
1811 1964 2085 2025 omnibus
2143 1964 2474 2047 idololatria
2515 1956 3058 2044 ”deprehendatun

741 2067 858 2128 Sed
907 2074 965 2129 et
1006 2065 1179 2145 aliaS‚
1246 2085 1377 2127 cum
1424 2065 1696 2128 universa
1740 2066 1942 2149 delicta
1986 2066 2266 2129 adversus
2309 2066 2540 2127 ²‘deum
2595 2066 2850 2147 sapiant,
2920 2068 3060 2129 nihil

739 2176 973 2243 autem,
1011 2168 1168 2246 quod
1208 2166 1545 2228 ²⁷adversus
1591 2166 1766 2240 deum
1809 2150 2051 2246 sapiatss,
2096 2184 2216 2227 non
2269 2166 2592 2228 daemoniis
2641 2175 2700 2227 et
2743 2169 3060 2230 immundis

728 2268 1040 2349 spiritibus
1083 2269 1401 2359 deputetur·
1436 2267 1646 2345 quibus
1691 2268 1846 2329 idola
1898 2254 2361 2351 mancipanturh,
2419 2270 2548 2353 sine
2591 2260 2768 2349 dubio
2811 2269 3060 2331 ”idolo-

738 2369 946 2431 latrian
989 2368 1239 2429 admittit
1282 2369 1613 2448 quicunque
1658 2364 1958 2448 delinquit.
2045 2368 2110 2428 Id
2163 2368 2319 2429 enim
2372 2369 2507 2430 facit
2548 2370 2706 2448 quod
2749 2370 2819 2431 ad
2865 2371 3060 2432 idolo-

740 2488 871 2531 rum
907 2468 1239 2550 mancipes¹
1281 2469 1555 2548 pertinet.
2257 2496 2261 2501 ·

908 2570 1024 2632 Sed
1069 2554 1341 2631 universa
1383 2568 1621 2631 nomina
1666 2569 1973 2631 criminum
2032 2571 2332 2633 discedant
2389 2572 2451 2633 in
2507 2590 2751 2650 operum
2817 2590 3060 2635 suorum

740 2672 1165 2753 proprietates,
1232 2672 1561 2732 ¹remaneat
1622 2671 1954 2734 idololatria
2017 2672 2078 2733 in
2142 2693 2212 2733 eo
2272 2673 2430 2752 quod
2475 2674 2600 2755 ipsa
2643 2681 2749 2735 est.
2837 2673 3064 2736 Sufficit

742 2773 855 2834 sibi
898 2781 1017 2834 tam
1061 2771 1362 2834 inimicum
1406 2773 1517 2833 deo
1572 2770 1824 2846 nomen,
1888 2782 2004 2835 tam
2069 2775 2329 2853 locuples
2382 2768 2712 2836 'substantia
2779 2773 3061 2848 criminis„

743 2893 890 2953 quae
932 2882 1025 2936 tot
1063 2892 1260 2935 ramos
1305 2872 1585 2953 porrigit,
1643 2880 1730 2934 tot
1771 2889 1946 2935 venas
1987 2875 2325 2948 ²diss'undit‚
2380 2888 2448 2938 ut
2488 2877 2560 2937 de
2600 2875 2716 2937 hoc
2759 2895 2893 2937 cum
2940 2896 3061 2937 ma-

662 3027 667 3036 .
745 2976 900 3036 xime
942 2976 1183 3037 materia
1224 2985 1495 3058 suscepta
1538 2975 1645 3049 sit,
1705 2984 1845 3055 quot
1899 2976 2094 3038 modis
2154 2976 2326 3037 nobis
2368 2976 2765 3056 praecavenda
2809 2977 2891 3039 sit
2934 2978 3060 3041 ido-

740 3075 999 3137 lolatriae
1040 3073 1284 3138 latitudo
1299 3088 1341 3151 ⁸,
1387 3077 1666 3155 quoniam
1706 3075 2078 3139 multifariam
2124 3096 2329 3139 servos
2374 3077 2466 3139 dei
2500 3097 2611 3140 nec
2640 3086 2861 3140 tantum
2894 3078 3060 3160 igno-

744 3186 897 3250 rata,
966 3178 1073 3237 sed
1114 3177 1286 3237 etiarn
1328 3177 1693 3239 dissimulata
1760 3177 2062 3240 subvertit.
2147 3178 2416 3258 Plerique
2457 3178 2855 3241 ³idololatrian
2918 3182 3061 3241 sim-

742 3275 972 3362 pliciter
1023 3276 1392 3338 ⁴existimant
1430 3277 1524 3339 his
1569 3278 1714 3366 solis
1762 3279 1956 3340 modis
2023 3280 2549 3360 interpretandam,
2613 3281 2707 3343 ¹‘si
2772 3279 2907 3360 quis
2974 3287 3064 3341 aut

750 3428 826 3478 15.
864 3443 977 3490 arga
1012 3432 1061 3481 A.
1201 3428 1277 3480 16.
1314 3432 1369 3480 At
1404 3432 1530 3482 enim
1566 3432 1625 3482 ad
1662 3432 1931 3486 idololatria
1967 3438 2016 3484 A.
2065 3447 2084 3470 ⁸
2157 3434 2233 3484 17.
2274 3435 2477 3484 afferunt
2509 3431 2605 3497 Αβ.
2750 3433 2828 3484 18.
2864 3435 2959 3484 iam
2992 3434 3062 3482 lus

746 3510 897 3560 aeque
929 3497 1009 3547 st.
1043 3497 1215 3549 Iunius.
1353 3499 1430 3548 19.
1470 3500 1693 3549 homicidi
1729 3505 1779 3551 A.
1847 3501 2086 3551 homicidii
2121 3504 2302 3566 reliqui.
2417 3499 2495 3552 20.
2535 3501 2591 3550 ad
2627 3492 2724 3566 aliq
2727 3515 2835 3551 uem
2873 3501 3062 3551 modum

744 3564 862 3614 Rea.
965 3563 1045 3613 21.
1082 3575 1412 3627 repraesentat
1445 3567 1529 3617 ΑΒ.
1634 3566 1714 3617 22.
1750 3569 2081 3634 sollempnitas
2115 3568 2212 3633 Αβ.
2320 3565 2399 3618 23.
2437 3572 2796 3633 frequentantur
2831 3572 2906 3619 ab.
2985 3566 3059 3616 24.

748 3621 1039 3682 mendatium
1071 3630 1170 3695 Αβ.
1278 3633 1358 3683 25.
1395 3635 1808 3698 depraehendatur
1841 3632 1936 3699 Αβ.
2045 3636 2125 3686 26.
2162 3637 2301 3685 deum
2337 3638 2434 3696 (di'n
2461 3637 2530 3696 A)
2561 3641 2639 3687 Ab.
2709 3638 2958 3688 domiuum
2992 3652 3060 3684 re-

745 3701 877 3765 liqui.
981 3698 1063 3749 27.
1099 3713 1292 3752 aversus
1327 3703 1369 3752 b.
1475 3700 1553 3752 28.
1591 3702 1895 3754 idololatrian
1930 3709 1981 3753 A.
2052 3703 2369 3756 idololatriam
2407 3707 2587 3770 reliqui.

854 3767 997 3831 Cap.
1036 3768 1093 3817 ll.
1168 3769 1211 3817 1.
1249 3777 1538 3819 remaneant.
1583 3770 1855 3820 idololatria
1892 3776 1942 3822 A.
1990 3771 2091 3822 2.
2129 3771 2344 3822 diffundit
2382 3775 2424 3823 b.
2459 3774 2585 3822 Fulv.
2619 3772 2823 3821 Ursinus.
2895 3770 3061 3820 desun-

747 3833 815 3883 dit
849 3835 999 3886 Aaou.
1100 3834 1149 3886 3.
1184 3836 1487 3886 idololatrian
1522 3842 1574 3887 A.
1686 3838 1736 3888 4.
1771 3839 2090 3892 existimantes
2125 3835 2312 3890 solisA
2279 3845 2327 3890 A.
2442 3840 2488 3889 5.
2525 3841 2568 3889 si
2600 3839 2713 3904 quid
2747 3846 2829 3888 aut
2862 3842 2915 3887 A.

816 3965 859 4012 g.
910 3950 1134 4002 adversus
1169 3954 1309 4004 deum
1328 3951 1559 4033 sapiant]
1607 3955 1725 4008 Cum
1762 3972 1866 4006 om·
1957 3957 2034 4008 13.
2069 3957 2174 4019 „lta
2210 3957 2370 4010 nullus
2404 3957 2537 4008 vobis
2570 3957 2710 4007 datur
2735 3955 2965 4005 renuendi
2992 3953 3062 4001 lo·

750 4017 829 4067 nia
874 4018 1046 4068 delicta
1092 4035 1189 4074 non
1232 4021 1351 4072 alias
1384 4023 1481 4076 sint
1514 4023 1605 4074 nisi
1643 4024 1689 4073 in
1726 4023 1866 4076 deum
1952 4041 2035 4074 cus
2072 4040 2183 4075 esse
2216 4028 2466 4090 mancipem
2499 4025 2736 4088 quendam
2758 4019 3060 4074 divinitatie‘

750 4085 937 4136 dsslwtfl·
1953 4092 2070 4143 ibid.
2117 4094 2157 4153 1,
2191 4091 2246 4146 9.
2296 4093 2426 4154 „Sed
2473 4093 2588 4156 quid
2634 4107 2722 4154 ego
2769 4090 2918 4140 mirer
2953 4102 3058 4138 vana

818 4152 870 4202 h.
906 4150 1259 4221 mancipantur]
1293 4157 1494 4221 Apolog.
1528 4172 1633 4222 cap.
1672 4158 1753 4209 21.
1789 4159 1868 4220 „ai
1949 4168 2133 4221 vestra,
2179 4175 2286 4212 cum
2335 4176 2391 4210 ex
2435 4161 2588 4211 ton-ma
2625 4158 2828 4209 naturali
2863 4169 3060 4207 coneor-

751 4219 906 4270 aidem
940 4221 1030 4272 deo
1064 4226 1476 4289 manciparemur&
1512 4226 1633 4276 lbid.
1654 4242 1759 4290 cap.
1785 4195 1865 4278 24.
1950 4236 2115 4292 perata
2163 4236 2211 4277 et
2246 4235 2465 4278 concreta
2502 4227 2770 4278 intercessit
2807 4223 2982 4275 malitia
3018 4229 3060 4270 et

753 4302 863 4404 ”⁰2¹
898 4291 1466 4424 ild’dlossdlincipmipes]
1504 4360 1710 4424 Apolog-
1761 4377 1863 4426 eap-
1950 4295 2165 4424 ῗῑιιῗιιὶωπ,
2201 4297 2311 4423 ἔοι),
2315 4295 2788 4442 ,ἕεξῖἰάθῃιιῗιῃῖιοῖᾙιῖξιθ
2810 4288 3058 4410 affiffi

754 4421 1143 4489 11.„1nprimia
1178 4426 1369 4490 quidem
1404 4442 1606 4478 neeesse
1641 4436 1716 4478 est
1747 4445 1867 4480 con·
1948 4431 2375 4495 philosophorum,
2411 4439 2464 4480 ut
2494 4432 2769 4495 ηωασὶρὲιιηι
2799 4426 3056 4492 sapient-'ae

716 4490 930 4558 *cedatis
984 4493 1189 4555 aliquem
1242 4493 1569 4546 sublimiorem
1620 4496 1766 4546 deum
1821 4505 1869 4547 et
1949 4499 2327 4562 patrocinatur.“
2362 4499 2659 4562 Despectac.
2679 4512 2784 4561 cap.
2804 4496 2913 4553 10..
2918 4505 3056 4554 ,m

751 4561 1000 4622 mucipem
1051 4559 1284 4629 quendem
1337 4562 1619 4622 divinitatis,
1675 4564 1754 4626 qui
1812 4579 1866 4616 ex
1951 4569 2073 4631 cipes
2108 4568 2373 4618 ludorum.“
2625 4633 2634 4642 .
2801 4632 2811 4642 .

756 4624 1027 4675 hominibus
1070 4626 1187 4676 dens
1236 4628 1453 4679 feeerit.“
1520 4630 1586 4680 Ad
1633 4631 1757 4681 Nau.
1807 4632 1866 4693 ll,
2019 4635 2132 4698 Cap.
2172 4635 2228 4685 ΙΙ.
2299 4649 2342 4684 a.
2395 4633 2695 4684 idololatriae
2732 4623 2952 4693 latitudo]
2986 4625 3054 4676 Cf-
