<?xml version="1.0" encoding="UTF-8"?>
<!DOCTYPE html PUBLIC "-//W3C//DTD XHTML 1.0 Transitional//EN"
    "http://www.w3.org/TR/xhtml1/DTD/xhtml1-transitional.dtd">
<html xmlns="http://www.w3.org/1999/xhtml" xml:lang="en" lang="en">
 <head>
  <title>
</title>
<meta http-equiv="Content-Type" content="text/html;charset=utf-8" />
  <meta name='ocr-system' content='tesseract 3.04.00' />
  <meta name='ocr-capabilities' content='ocr_page ocr_carea ocr_par ocr_line ocrx_word'/>
</head>
<body>
  <div class='ocr_page' id='page_1' title='image "./quintiseptimiif04tertgoog_0402.png"; bbox 0 0 3263 5311; ppageno 0'>
   <div class='ocr_carea' id='block_1_1' title="bbox 568 1791 1779 1855">
    <p class='ocr_par' dir='ltr' id='par_1_1' title="bbox 568 1791 1779 1855">
     <span class='ocr_line' id='line_1_1' title="bbox 568 1791 1779 1855; baseline -0.004 -10"><span class='ocrx_word' id='word_1_1' title='bbox 568 1833 589 1846; x_wconf 77' lang='lat'>.</span> <span class='ocrx_word' id='word_1_2' title='bbox 656 1795 699 1843; x_wconf 84' lang='lat' dir='ltr'><strong>si</strong></span> <span class='ocrx_word' id='word_1_3' title='bbox 736 1792 996 1842; x_wconf 74' lang='lat' dir='ltr'><strong>defendere</strong></span> <span class='ocrx_word' id='word_1_4' title='bbox 1032 1793 1191 1852; x_wconf 81' lang='lat' dir='ltr'><strong>velim,</strong></span> <span class='ocrx_word' id='word_1_5' title='bbox 1227 1793 1370 1841; x_wconf 86' lang='lat' dir='ltr'><strong>etiam</strong></span> <span class='ocrx_word' id='word_1_6' title='bbox 1409 1793 1612 1855; x_wconf 88' lang='lat' dir='ltr'><strong>possim.</strong></span> <span class='ocrx_word' id='word_1_7' title='bbox 1679 1791 1779 1841; x_wconf 80' lang='lat' dir='ltr'><strong>Hu-</strong></span> 
     </span>
    </p>
   </div>
   <div class='ocr_carea' id='block_1_2' title="bbox 663 395 2496 462">
    <p class='ocr_par' dir='ltr' id='par_1_2' title="bbox 663 395 2496 462">
     <span class='ocr_line' id='line_1_2' title="bbox 663 395 2496 462; baseline -0.003 -4"><span class='ocrx_word' id='word_1_8' title='bbox 663 395 789 462; x_wconf 75' lang='lat'><strong>371)</strong></span> <span class='ocrx_word' id='word_1_9' title='bbox 1153 409 1356 461; x_wconf 68' lang='lat' dir='ltr'><strong>Quina-1</strong></span> <span class='ocrx_word' id='word_1_10' title='bbox 1400 409 1661 452; x_wconf 72' lang='lat' dir='ltr'><strong>snm-mu</strong></span> <span class='ocrx_word' id='word_1_11' title='bbox 1704 409 2035 454; x_wconf 67' lang='lat' dir='ltr'><strong>nonanus</strong></span> <span class='ocrx_word' id='word_1_12' title='bbox 2083 409 2496 456; x_wconf 62' lang='lat' dir='ltr'><strong>mauruntum·</strong></span> 
     </span>
    </p>
   </div>
   <div class='ocr_carea' id='block_1_3' title="bbox 651 529 3014 1041">
    <p class='ocr_par' dir='ltr' id='par_1_3' title="bbox 651 529 3014 1041">
     <span class='ocr_line' id='line_1_3' title="bbox 663 529 3011 641; baseline 0 -19"><span class='ocrx_word' id='word_1_13' title='bbox 663 562 766 641; x_wconf 84' lang='lat' dir='ltr'><strong>qui</strong></span> <span class='ocrx_word' id='word_1_14' title='bbox 830 579 953 622; x_wconf 88' lang='lat' dir='ltr'><strong>non</strong></span> <span class='ocrx_word' id='word_1_15' title='bbox 1009 559 1390 639; x_wconf 77' lang='lat' dir='ltr'><strong>¹²²seliguntu1·</strong></span> <span class='ocrx_word' id='word_1_16' title='bbox 1452 558 1714 640; x_wconf 78' lang='lat' dir='ltr'><strong>improbi</strong></span> <span class='ocrx_word' id='word_1_17' title='bbox 1777 558 2298 639; x_wconf 62' lang='lat' dir='ltr'><strong>pronuntianturh.</strong></span> <span class='ocrx_word' id='word_1_18' title='bbox 2385 558 2512 620; x_wconf 89' lang='lat' dir='ltr'><strong>Nos</strong></span> <span class='ocrx_word' id='word_1_19' title='bbox 2556 529 2696 621; x_wconf 64' lang='lat' dir='ltr'><strong>vero</strong></span> <span class='ocrx_word' id='word_1_20' title='bbox 2709 559 3011 622; x_wconf 73' lang='lat' dir='ltr'><strong>‘bifariam</strong></span> 
     </span>
     <span class='ocr_line' id='line_1_4' title="bbox 651 659 3014 741; baseline 0 -19"><span class='ocrx_word' id='word_1_21' title='bbox 651 661 1067 722; x_wconf 77' lang='lat' dir='ltr'><strong>¹Romanorum</strong></span> <span class='ocrx_word' id='word_1_22' title='bbox 1142 660 1292 724; x_wconf 89' lang='lat' dir='ltr'><strong>deos</strong></span> <span class='ocrx_word' id='word_1_23' title='bbox 1376 659 1917 738; x_wconf 75' lang='lat' dir='ltr'><strong>¹³recognoscimus</strong></span> <span class='ocrx_word' id='word_1_24' title='bbox 1991 678 2338 722; x_wconf 87' lang='lat' dir='ltr'><strong>communes</strong></span> <span class='ocrx_word' id='word_1_25' title='bbox 2415 668 2477 722; x_wconf 88' lang='lat' dir='ltr'><strong>et</strong></span> <span class='ocrx_word' id='word_1_26' title='bbox 2536 661 2817 741; x_wconf 80' lang='lat' dir='ltr'><strong>proprios</strong></span> <span class='ocrx_word' id='word_1_27' title='bbox 2831 659 2867 734; x_wconf 59' lang='grc' dir='ltr'><strong>ἰ,</strong></span> <span class='ocrx_word' id='word_1_28' title='bbox 2951 661 3014 723; x_wconf 93' lang='lat' dir='ltr'><strong>id</strong></span> 
     </span>
     <span class='ocr_line' id='line_1_5' title="bbox 661 743 3014 841; baseline 0 -18"><span class='ocrx_word' id='word_1_29' title='bbox 661 769 758 824; x_wconf 85' lang='lat' dir='ltr'><strong>est</strong></span> <span class='ocrx_word' id='word_1_30' title='bbox 798 779 949 841; x_wconf 87' lang='lat' dir='ltr'><strong>quos</strong></span> <span class='ocrx_word' id='word_1_31' title='bbox 990 779 1127 823; x_wconf 90' lang='lat' dir='ltr'><strong>cum</strong></span> <span class='ocrx_word' id='word_1_32' title='bbox 1171 743 1447 822; x_wconf 79' lang='lat' dir='ltr'><strong>omnibus</strong></span> <span class='ocrx_word' id='word_1_33' title='bbox 1490 760 1712 822; x_wconf 82' lang='lat' dir='ltr'><strong>habent</strong></span> <span class='ocrx_word' id='word_1_34' title='bbox 1752 768 1833 829; x_wconf 63' lang='lat' dir='ltr'><strong>„et</strong></span> <span class='ocrx_word' id='word_1_35' title='bbox 1877 760 2086 839; x_wconf 60' lang='lat' dir='ltr'><strong>¹*quos</strong></span> <span class='ocrx_word' id='word_1_36' title='bbox 2141 766 2267 841; x_wconf 76' lang='lat' dir='ltr'><strong>ipsi</strong></span> <span class='ocrx_word' id='word_1_37' title='bbox 2317 770 2459 823; x_wconf 89' lang='lat' dir='ltr'><strong>suut</strong></span> <span class='ocrx_word' id='word_1_38' title='bbox 2511 762 2850 826; x_wconf 87' lang='lat' dir='ltr'><strong>commenti.</strong></span> <span class='ocrx_word' id='word_1_39' title='bbox 2937 762 3014 824; x_wconf 86' lang='lat' dir='ltr'><strong>Et</strong></span> 
     </span>
     <span class='ocr_line' id='line_1_6' title="bbox 659 860 3012 942; baseline 0 -19"><span class='ocrx_word' id='word_1_40' title='bbox 659 861 945 942; x_wconf 86' lang='lat' dir='ltr'><strong>numquid</strong></span> <span class='ocrx_word' id='word_1_41' title='bbox 988 861 1051 924; x_wconf 88' lang='lat' dir='ltr'><strong>hi</strong></span> <span class='ocrx_word' id='word_1_42' title='bbox 1093 869 1234 923; x_wconf 86' lang='lat' dir='ltr'><strong>sunt</strong></span> <span class='ocrx_word' id='word_1_43' title='bbox 1273 860 1491 939; x_wconf 82' lang='lat' dir='ltr'>publici</span> <span class='ocrx_word' id='word_1_44' title='bbox 1553 870 1615 922; x_wconf 89' lang='lat' dir='ltr'><strong>et</strong></span> <span class='ocrx_word' id='word_1_45' title='bbox 1656 860 1964 923; x_wconf 77' lang='lat' dir='ltr'><strong>adventicii</strong></span> <span class='ocrx_word' id='word_1_46' title='bbox 2011 860 2253 924; x_wconf 75' lang='lat' dir='ltr'><strong>¹⁵dieti?</strong></span> <span class='ocrx_word' id='word_1_47' title='bbox 2339 862 2472 927; x_wconf 85' lang='lat' dir='ltr'><strong>Hoc</strong></span> <span class='ocrx_word' id='word_1_48' title='bbox 2512 867 2668 926; x_wconf 75' lang='lat' dir='ltr'><strong>enim</strong></span> <span class='ocrx_word' id='word_1_49' title='bbox 2713 882 2851 925; x_wconf 85' lang='lat' dir='ltr'><strong>arae</strong></span> <span class='ocrx_word' id='word_1_50' title='bbox 2895 862 3012 924; x_wconf 87' lang='lat' dir='ltr'><strong>do-</strong></span> 
     </span>
     <span class='ocr_line' id='line_1_7' title="bbox 660 960 3013 1041; baseline 0 -16"><span class='ocrx_word' id='word_1_51' title='bbox 660 972 825 1035; x_wconf 87' lang='lat' dir='ltr'><strong>cent,</strong></span> <span class='ocrx_word' id='word_1_52' title='bbox 882 962 1347 1025; x_wconf 72' lang='lat' dir='ltr'><strong>adventiciorum</strong></span> <span class='ocrx_word' id='word_1_53' title='bbox 1404 962 1477 1024; x_wconf 85' lang='lat' dir='ltr'><strong>ad</strong></span> <span class='ocrx_word' id='word_1_54' title='bbox 1534 963 1737 1024; x_wconf 78' lang='lat' dir='ltr'><strong>fanum</strong></span> <span class='ocrx_word' id='word_1_55' title='bbox 1783 960 2006 1023; x_wconf 83' lang='lat' dir='ltr'><strong>Garnae</strong></span> <span class='ocrx_word' id='word_1_56' title='bbox 2022 961 2068 1035; x_wconf 74' lang='lat'><strong>¹¹,</strong></span> <span class='ocrx_word' id='word_1_57' title='bbox 2138 963 2512 1041; x_wconf 86' lang='lat' dir='ltr'><strong>publicorum</strong></span> <span class='ocrx_word' id='word_1_58' title='bbox 2556 965 2618 1026; x_wconf 87' lang='lat' dir='ltr'><strong>in</strong></span> <span class='ocrx_word' id='word_1_59' title='bbox 2663 962 3013 1027; x_wconf 68' lang='lat' dir='ltr'><strong>¹⁶Palam1.</strong></span> 
     </span>
    </p>
   </div>
   <div class='ocr_carea' id='block_1_4' title="bbox 663 1082 3014 1147">
    <p class='ocr_par' dir='ltr' id='par_1_4' title="bbox 663 1082 3014 1147">
     <span class='ocr_line' id='line_1_8' title="bbox 663 1082 3014 1147; baseline -0 -13"><span class='ocrx_word' id='word_1_60' title='bbox 663 1082 742 1134; x_wconf 84' lang='lat'><strong>12.</strong></span> <span class='ocrx_word' id='word_1_61' title='bbox 778 1082 1076 1144; x_wconf 77' lang='lat' dir='ltr'><strong>seliguntur,</strong></span> <span class='ocrx_word' id='word_1_62' title='bbox 1113 1082 1320 1146; x_wconf 78' lang='lat' dir='ltr'><strong>improbi</strong></span> <span class='ocrx_word' id='word_1_63' title='bbox 1372 1083 1706 1144; x_wconf 73' lang='lat' dir='ltr'><strong>Gothosredus,</strong></span> <span class='ocrx_word' id='word_1_64' title='bbox 1764 1082 2126 1144; x_wconf 65' lang='lat' dir='ltr'><strong>exuluyustino.</strong></span> <span class='ocrx_word' id='word_1_65' title='bbox 2197 1082 2468 1144; x_wconf 73' lang='lat' dir='ltr'><strong>seliguntur</strong></span> <span class='ocrx_word' id='word_1_66' title='bbox 2491 1119 2505 1142; x_wconf 82' lang='lat'><strong>,</strong></span> <span class='ocrx_word' id='word_1_67' title='bbox 2544 1083 2738 1147; x_wconf 86' lang='lat' dir='ltr'><strong>reprobi</strong></span> <span class='ocrx_word' id='word_1_68' title='bbox 2778 1085 2823 1134; x_wconf 73' lang='lat' dir='ltr'><strong>b.</strong></span> <span class='ocrx_word' id='word_1_69' title='bbox 2894 1083 3014 1134; x_wconf 78' lang='lat' dir='ltr'><strong>seli·</strong></span> 
     </span>
    </p>
   </div>
   <div class='ocr_carea' id='block_1_5' title="bbox 655 1149 3034 1350">
    <p class='ocr_par' dir='ltr' id='par_1_5' title="bbox 655 1149 3034 1350">
     <span class='ocr_line' id='line_1_9' title="bbox 658 1149 3034 1216; baseline 0 -16"><span class='ocrx_word' id='word_1_70' title='bbox 658 1159 834 1215; x_wconf 75' lang='lat' dir='ltr'><strong>guntur</strong></span> <span class='ocrx_word' id='word_1_71' title='bbox 850 1186 915 1199; x_wconf 89' lang='grc'><strong>.....</strong></span> <span class='ocrx_word' id='word_1_72' title='bbox 936 1150 983 1199; x_wconf 88' lang='lat' dir='ltr'><strong>bi</strong></span> <span class='ocrx_word' id='word_1_73' title='bbox 1020 1153 1102 1200; x_wconf 76' lang='lat' dir='ltr'><strong>Aa.</strong></span> <span class='ocrx_word' id='word_1_74' title='bbox 1210 1149 1288 1199; x_wconf 84' lang='grc'><em>13.</em></span> <span class='ocrx_word' id='word_1_75' title='bbox 1326 1150 1719 1211; x_wconf 81' lang='lat' dir='ltr'><strong>recognoscimus</strong></span> <span class='ocrx_word' id='word_1_76' title='bbox 1758 1152 1838 1212; x_wconf 73' lang='lat' dir='ltr'><strong>by.</strong></span> <span class='ocrx_word' id='word_1_77' title='bbox 1910 1150 2193 1211; x_wconf 60' lang='lat' dir='ltr'><strong>recognosci</strong></span> <span class='ocrx_word' id='word_1_78' title='bbox 2303 1152 2384 1200; x_wconf 82' lang='lat' dir='ltr'><strong>Aa.</strong></span> <span class='ocrx_word' id='word_1_79' title='bbox 2494 1150 2572 1199; x_wconf 88' lang='grc'><strong>14.</strong></span> <span class='ocrx_word' id='word_1_80' title='bbox 2609 1165 2734 1214; x_wconf 87' lang='lat' dir='ltr'><strong>quos</strong></span> <span class='ocrx_word' id='word_1_81' title='bbox 2770 1152 2865 1216; x_wconf 89' lang='lat' dir='ltr'><strong>ipsi</strong></span> <span class='ocrx_word' id='word_1_82' title='bbox 2901 1159 3034 1208; x_wconf 43' lang='lat' dir='ltr'><strong>sunt?</strong></span> 
     </span>
     <span class='ocr_line' id='line_1_10' title="bbox 656 1212 3015 1282; baseline 0.001 -16"><span class='ocrx_word' id='word_1_83' title='bbox 656 1217 839 1282; x_wconf 71' lang='grc' dir='ltr'><em>Αφὸν.</em></span> <span class='ocrx_word' id='word_1_84' title='bbox 907 1226 1230 1282; x_wconf 47' lang='lat' dir='ltr'><strong>quosmssunt</strong></span> <span class='ocrx_word' id='word_1_85' title='bbox 1262 1215 1390 1278; x_wconf 80' lang='grc' dir='ltr'><em>Αβα.</em></span> <span class='ocrx_word' id='word_1_86' title='bbox 1489 1217 1566 1266; x_wconf 87' lang='grc'><em>15.</em></span> <span class='ocrx_word' id='word_1_87' title='bbox 1605 1212 1760 1266; x_wconf 77' lang='lat' dir='ltr'><strong>dicti?</strong></span> <span class='ocrx_word' id='word_1_88' title='bbox 1808 1216 1910 1265; x_wconf 83' lang='lat' dir='ltr'><strong>Hoc</strong></span> <span class='ocrx_word' id='word_1_89' title='bbox 1946 1217 2072 1266; x_wconf 90' lang='lat' dir='ltr'><strong>enim</strong></span> <span class='ocrx_word' id='word_1_90' title='bbox 2112 1219 2192 1279; x_wconf 81' lang='lat' dir='ltr'><strong>by.</strong></span> <span class='ocrx_word' id='word_1_91' title='bbox 2266 1213 2422 1267; x_wconf 78' lang='lat' dir='ltr'><strong>dicti?</strong></span> <span class='ocrx_word' id='word_1_92' title='bbox 2457 1218 2498 1266; x_wconf 85' lang='lat' dir='ltr'><strong>si</strong></span> <span class='ocrx_word' id='word_1_93' title='bbox 2536 1217 2729 1281; x_wconf 89' lang='lat' dir='ltr'><strong>quidem</strong></span> <span class='ocrx_word' id='word_1_94' title='bbox 2764 1218 3015 1269; x_wconf 76' lang='lat' dir='ltr'><strong>Ambrosclr</strong></span> 
     </span>
     <span class='ocr_line' id='line_1_11' title="bbox 655 1281 3012 1350; baseline -0.002 -11"><span class='ocrx_word' id='word_1_95' title='bbox 655 1287 981 1349; x_wconf 68' lang='lat' dir='ltr'><strong>Forschunqen</strong></span> <span class='ocrx_word' id='word_1_96' title='bbox 1012 1285 1190 1350; x_wconf 76' lang='lat' dir='ltr'><strong>p.165.</strong></span> <span class='ocrx_word' id='word_1_97' title='bbox 1273 1285 1384 1335; x_wconf 86' lang='lat' dir='ltr'><strong>dicti</strong></span> <span class='ocrx_word' id='word_1_98' title='bbox 1404 1311 1484 1334; x_wconf 79' lang='grc'><em>......</em></span> <span class='ocrx_word' id='word_1_99' title='bbox 1501 1299 1546 1334; x_wconf 91' lang='lat' dir='ltr'><strong>m</strong></span> <span class='ocrx_word' id='word_1_100' title='bbox 1581 1281 1711 1345; x_wconf 76' lang='grc' dir='ltr'><em>Αβα.</em></span> <span class='ocrx_word' id='word_1_101' title='bbox 1793 1283 2069 1334; x_wconf 56' lang='grc' dir='ltr'><strong>ἀίοιίΜᾸω</strong></span> <span class='ocrx_word' id='word_1_102' title='bbox 2105 1282 2217 1350; x_wconf 82' lang='grc' dir='ltr'><strong>Αφ.</strong></span> <span class='ocrx_word' id='word_1_103' title='bbox 2335 1284 2413 1334; x_wconf 86' lang='grc'><em>16.</em></span> <span class='ocrx_word' id='word_1_104' title='bbox 2453 1284 2666 1346; x_wconf 83' lang='lat' dir='ltr'><strong>Palatio;</strong></span> <span class='ocrx_word' id='word_1_105' title='bbox 2714 1299 2868 1350; x_wconf 71' lang='lat' dir='ltr'><strong>quam</strong></span> <span class='ocrx_word' id='word_1_106' title='bbox 2903 1297 3012 1336; x_wconf 76' lang='lat' dir='ltr'><strong>cnm</strong></span> 
     </span>
    </p>
   </div>
   <div class='ocr_carea' id='block_1_6' title="bbox 658 1353 1873 1417">
    <p class='ocr_par' dir='ltr' id='par_1_6' title="bbox 658 1353 1873 1417">
     <span class='ocr_line' id='line_1_12' title="bbox 658 1353 1873 1417; baseline -0.004 -12"><span class='ocrx_word' id='word_1_107' title='bbox 658 1355 940 1405; x_wconf 82' lang='lat' dir='ltr'><strong>communes</strong></span> <span class='ocrx_word' id='word_1_108' title='bbox 976 1356 1057 1417; x_wconf 83' lang='lat' dir='ltr'><strong>by.</strong></span> <span class='ocrx_word' id='word_1_109' title='bbox 1129 1368 1190 1417; x_wconf 87' lang='lat' dir='ltr'><strong>pa</strong></span> <span class='ocrx_word' id='word_1_110' title='bbox 1206 1390 1271 1402; x_wconf 93' lang='grc'><em>.....</em></span> <span class='ocrx_word' id='word_1_111' title='bbox 1289 1367 1439 1417; x_wconf 85' lang='lat' dir='ltr'><strong>quare</strong></span> <span class='ocrx_word' id='word_1_112' title='bbox 1475 1366 1757 1402; x_wconf 88' lang='lat' dir='ltr'><strong>communes</strong></span> <span class='ocrx_word' id='word_1_113' title='bbox 1790 1353 1873 1401; x_wconf 75' lang='lat' dir='ltr'><strong>Aa.</strong></span> 
     </span>
    </p>
   </div>
   <div class='ocr_carea' id='block_1_7' title="bbox 656 1452 3016 2059">
    <p class='ocr_par' dir='ltr' id='par_1_7' title="bbox 656 1452 3016 2059">
     <span class='ocr_line' id='line_1_13' title="bbox 659 1452 3014 1518; baseline -0 -13"><span class='ocrx_word' id='word_1_114' title='bbox 659 1456 872 1506; x_wconf 86' lang='lat' dir='ltr'><strong>cultores</strong></span> <span class='ocrx_word' id='word_1_115' title='bbox 906 1453 978 1503; x_wconf 84' lang='lat' dir='ltr'><strong>vel</strong></span> <span class='ocrx_word' id='word_1_116' title='bbox 998 1454 1062 1503; x_wconf 87' lang='lat' dir='ltr'><strong>dii</strong></span> <span class='ocrx_word' id='word_1_117' title='bbox 1084 1454 1177 1518; x_wconf 86' lang='lat' dir='ltr'><strong>ipsi</strong></span> <span class='ocrx_word' id='word_1_118' title='bbox 1201 1453 1500 1517; x_wconf 83' lang='lat' dir='ltr'><strong>vituperandi</strong></span> <span class='ocrx_word' id='word_1_119' title='bbox 1524 1460 1655 1513; x_wconf 87' lang='lat' dir='ltr'><strong>sunt,</strong></span> <span class='ocrx_word' id='word_1_120' title='bbox 1692 1452 1777 1502; x_wconf 90' lang='lat' dir='ltr'><strong>sed</strong></span> <span class='ocrx_word' id='word_1_121' title='bbox 1881 1453 2089 1502; x_wconf 84' lang='lat' dir='ltr'><strong>vinitatis</strong></span> <span class='ocrx_word' id='word_1_122' title='bbox 2126 1453 2323 1517; x_wconf 84' lang='lat' dir='ltr'><strong>querela</strong></span> <span class='ocrx_word' id='word_1_123' title='bbox 2361 1467 2532 1515; x_wconf 76' lang='lat' dir='ltr'><strong>agere,</strong></span> <span class='ocrx_word' id='word_1_124' title='bbox 2582 1452 2813 1503; x_wconf 77' lang='lat' dir='ltr'><strong>adversus</strong></span> <span class='ocrx_word' id='word_1_125' title='bbox 2851 1454 3014 1505; x_wconf 86' lang='lat' dir='ltr'><strong>bomi-</strong></span> 
     </span>
     <span class='ocr_line' id='line_1_14' title="bbox 658 1520 3012 1586; baseline -0 -14"><span class='ocrx_word' id='word_1_126' title='bbox 658 1522 1127 1573; x_wconf 83' lang='lat' dir='ltr'><strong>animadvertendum</strong></span> <span class='ocrx_word' id='word_1_127' title='bbox 1157 1523 1317 1586; x_wconf 86' lang='lat' dir='ltr'><strong>potius</strong></span> <span class='ocrx_word' id='word_1_128' title='bbox 1337 1523 1529 1585; x_wconf 82' lang='lat' dir='ltr'><strong>quinam</strong></span> <span class='ocrx_word' id='word_1_129' title='bbox 1569 1521 1646 1570; x_wconf 90' lang='lat' dir='ltr'><strong>isti</strong></span> <span class='ocrx_word' id='word_1_130' title='bbox 1683 1522 1781 1569; x_wconf 91' lang='lat' dir='ltr'><strong>sint</strong></span> <span class='ocrx_word' id='word_1_131' title='bbox 1884 1535 1992 1569; x_wconf 89' lang='lat' dir='ltr'><strong>nem</strong></span> <span class='ocrx_word' id='word_1_132' title='bbox 2030 1520 2089 1570; x_wconf 89' lang='lat' dir='ltr'><strong>de</strong></span> <span class='ocrx_word' id='word_1_133' title='bbox 2126 1521 2217 1570; x_wconf 86' lang='lat' dir='ltr'><strong>diis</strong></span> <span class='ocrx_word' id='word_1_134' title='bbox 2254 1520 2465 1569; x_wconf 86' lang='lat' dir='ltr'><strong>iudicare</strong></span> <span class='ocrx_word' id='word_1_135' title='bbox 2488 1535 2675 1579; x_wconf 87' lang='lat' dir='ltr'><strong>ausum,</strong></span> <span class='ocrx_word' id='word_1_136' title='bbox 2713 1521 2852 1585; x_wconf 87' lang='lat' dir='ltr'><strong>quasi</strong></span> <span class='ocrx_word' id='word_1_137' title='bbox 2891 1522 3012 1571; x_wconf 83' lang='lat' dir='ltr'><strong>deus</strong></span> 
     </span>
     <span class='ocr_line' id='line_1_15' title="bbox 657 1588 3013 1653; baseline -0.001 -12"><span class='ocrx_word' id='word_1_138' title='bbox 657 1599 702 1641; x_wconf 88' lang='lat' dir='ltr'><strong>et</strong></span> <span class='ocrx_word' id='word_1_139' title='bbox 738 1591 797 1640; x_wconf 90' lang='lat' dir='ltr'><strong>ad</strong></span> <span class='ocrx_word' id='word_1_140' title='bbox 835 1604 979 1653; x_wconf 86' lang='lat' dir='ltr'><strong>quam</strong></span> <span class='ocrx_word' id='word_1_141' title='bbox 1016 1603 1119 1638; x_wconf 88' lang='lat' dir='ltr'><strong>rem</strong></span> <span class='ocrx_word' id='word_1_142' title='bbox 1154 1589 1321 1638; x_wconf 84' lang='lat' dir='ltr'><strong>selecti</strong></span> <span class='ocrx_word' id='word_1_143' title='bbox 1358 1589 1660 1639; x_wconf 78' lang='lat' dir='ltr'><strong>videantur.“</strong></span> <span class='ocrx_word' id='word_1_144' title='bbox 1703 1589 1780 1637; x_wconf 88' lang='lat' dir='ltr'><strong>Vi·</strong></span> <span class='ocrx_word' id='word_1_145' title='bbox 1883 1601 1980 1637; x_wconf 90' lang='lat' dir='ltr'><strong>non</strong></span> <span class='ocrx_word' id='word_1_146' title='bbox 2016 1591 2082 1637; x_wconf 85' lang='lat' dir='ltr'><strong>sit</strong></span> <span class='ocrx_word' id='word_1_147' title='bbox 2116 1590 2207 1648; x_wconf 84' lang='lat' dir='ltr'><strong>nisi</strong></span> <span class='ocrx_word' id='word_1_148' title='bbox 2245 1589 2320 1640; x_wconf 89' lang='lat' dir='ltr'><strong>cui</strong></span> <span class='ocrx_word' id='word_1_149' title='bbox 2369 1588 2515 1637; x_wconf 85' lang='lat' dir='ltr'><strong>bomo</strong></span> <span class='ocrx_word' id='word_1_150' title='bbox 2566 1589 2808 1652; x_wconf 83' lang='lat' dir='ltr'><strong>propitius</strong></span> <span class='ocrx_word' id='word_1_151' title='bbox 2847 1588 3013 1650; x_wconf 81' lang='lat' dir='ltr'><strong>suerit,</strong></span> 
     </span>
     <span class='ocr_line' id='line_1_16' title="bbox 658 1655 3014 1721; baseline 0 -14"><span class='ocrx_word' id='word_1_152' title='bbox 658 1658 743 1715; x_wconf 84' lang='lat' dir='ltr'><strong>des</strong></span> <span class='ocrx_word' id='word_1_153' title='bbox 790 1658 1103 1720; x_wconf 78' lang='lat' dir='ltr'><strong>Augustinum</strong></span> <span class='ocrx_word' id='word_1_154' title='bbox 1150 1657 1273 1706; x_wconf 89' lang='lat' dir='ltr'><strong>bene</strong></span> <span class='ocrx_word' id='word_1_155' title='bbox 1328 1657 1513 1719; x_wconf 83' lang='lat' dir='ltr'><strong>prolixe</strong></span> <span class='ocrx_word' id='word_1_156' title='bbox 1561 1655 1778 1719; x_wconf 81' lang='lat' dir='ltr'><strong>exempla</strong></span> <span class='ocrx_word' id='word_1_157' title='bbox 1885 1655 2012 1719; x_wconf 87' lang='lat' dir='ltr'><strong>quod</strong></span> <span class='ocrx_word' id='word_1_158' title='bbox 2075 1670 2192 1705; x_wconf 88' lang='lat' dir='ltr'><strong>sane</strong></span> <span class='ocrx_word' id='word_1_159' title='bbox 2248 1664 2322 1705; x_wconf 85' lang='lat' dir='ltr'><strong>est</strong></span> <span class='ocrx_word' id='word_1_160' title='bbox 2368 1656 2487 1706; x_wconf 90' lang='lat' dir='ltr'><strong>deos</strong></span> <span class='ocrx_word' id='word_1_161' title='bbox 2548 1657 2724 1705; x_wconf 86' lang='lat' dir='ltr'><strong>babere</strong></span> <span class='ocrx_word' id='word_1_162' title='bbox 2779 1663 3014 1721; x_wconf 84' lang='lat' dir='ltr'><strong>tanquam</strong></span> 
     </span>
     <span class='ocr_line' id='line_1_17' title="bbox 658 1723 3016 1787; baseline -0 -11"><span class='ocrx_word' id='word_1_163' title='bbox 658 1726 964 1787; x_wconf 84' lang='lat' dir='ltr'><strong>colligentem</strong></span> <span class='ocrx_word' id='word_1_164' title='bbox 981 1724 1393 1774; x_wconf 82' lang='lat' dir='ltr'><strong>utTertullianum</strong></span> <span class='ocrx_word' id='word_1_165' title='bbox 1410 1725 1613 1785; x_wconf 75' lang='lat' dir='ltr'><strong>refutet3</strong></span> <span class='ocrx_word' id='word_1_166' title='bbox 1636 1737 1780 1786; x_wconf 91' lang='lat' dir='ltr'><strong>quem</strong></span> <span class='ocrx_word' id='word_1_167' title='bbox 1886 1724 2089 1784; x_wconf 72' lang='lat' dir='ltr'><strong>fungos:</strong></span> <span class='ocrx_word' id='word_1_168' title='bbox 2125 1748 2191 1759; x_wconf 93' lang='lat'>—</span> <span class='ocrx_word' id='word_1_169' title='bbox 2227 1723 2572 1787; x_wconf 77' lang='lat' dir='ltr'><strong>„pratensibus</strong></span> <span class='ocrx_word' id='word_1_170' title='bbox 2608 1725 2791 1787; x_wconf 85' lang='lat' dir='ltr'><strong>optima</strong></span> <span class='ocrx_word' id='word_1_171' title='bbox 2849 1725 3016 1786; x_wconf 74' lang='lat' dir='ltr'><strong>fungis</strong></span> 
     </span>
     <span class='ocr_line' id='line_1_18' title="bbox 1884 1791 3014 1849; baseline 0.004 -10"><span class='ocrx_word' id='word_1_172' title='bbox 1884 1791 2063 1840; x_wconf 84' lang='lat' dir='ltr'><strong>Natura</strong></span> <span class='ocrx_word' id='word_1_173' title='bbox 2102 1791 2339 1849; x_wconf 57' lang='lat' dir='ltr'><strong>est,⁴aliis</strong></span> <span class='ocrx_word' id='word_1_174' title='bbox 2377 1791 2501 1840; x_wconf 78' lang='lat' dir='ltr'><strong>male</strong></span> <span class='ocrx_word' id='word_1_175' title='bbox 2538 1792 2786 1841; x_wconf 67' lang='lat' dir='ltr'><strong>creduut-‘⁸</strong></span> <span class='ocrx_word' id='word_1_176' title='bbox 2825 1793 2894 1842; x_wconf 83' lang='lat' dir='ltr'><strong>ait</strong></span> <span class='ocrx_word' id='word_1_177' title='bbox 2910 1793 3014 1843; x_wconf 78' lang='lat' dir='ltr'><strong>flo-</strong></span> 
     </span>
     <span class='ocr_line' id='line_1_19' title="bbox 656 1858 3014 1936; baseline 0 -26"><span class='ocrx_word' id='word_1_178' title='bbox 656 1874 798 1910; x_wconf 86' lang='lat' dir='ltr'><strong>mana</strong></span> <span class='ocrx_word' id='word_1_179' title='bbox 834 1861 1014 1924; x_wconf 88' lang='lat' dir='ltr'><strong>quippe</strong></span> <span class='ocrx_word' id='word_1_180' title='bbox 1059 1860 1277 1923; x_wconf 82' lang='lat' dir='ltr'><strong>exempla</strong></span> <span class='ocrx_word' id='word_1_181' title='bbox 1328 1859 1411 1908; x_wconf 90' lang='lat' dir='ltr'><strong>illa</strong></span> <span class='ocrx_word' id='word_1_182' title='bbox 1459 1859 1775 1924; x_wconf 81' lang='lat' dir='ltr'><strong>nequicquam</strong></span> <span class='ocrx_word' id='word_1_183' title='bbox 1811 1859 2049 1936; x_wconf 54' lang='lat' dir='ltr'><strong>‘ratium</strong></span> <span class='ocrx_word' id='word_1_184' title='bbox 2088 1859 2209 1917; x_wconf 87' lang='lat' dir='ltr'><strong>Quid</strong></span> <span class='ocrx_word' id='word_1_185' title='bbox 2249 1867 2406 1908; x_wconf 84' lang='lat' dir='ltr'><strong>autem</strong></span> <span class='ocrx_word' id='word_1_186' title='bbox 2444 1858 2572 1908; x_wconf 82' lang='lat' dir='ltr'><strong>aliud</strong></span> <span class='ocrx_word' id='word_1_187' title='bbox 2599 1859 2722 1908; x_wconf 79' lang='lat' dir='ltr'><strong>velle</strong></span> <span class='ocrx_word' id='word_1_188' title='bbox 2757 1875 2868 1908; x_wconf 87' lang='lat' dir='ltr'><strong>cum</strong></span> <span class='ocrx_word' id='word_1_189' title='bbox 2905 1861 3014 1910; x_wconf 89' lang='lat' dir='ltr'><strong>ele-</strong></span> 
     </span>
     <span class='ocr_line' id='line_1_20' title="bbox 656 1925 3016 1989; baseline 0 -12"><span class='ocrx_word' id='word_1_190' title='bbox 656 1936 856 1989; x_wconf 53' lang='lat' dir='ltr'><strong>urgeam</strong></span> <span class='ocrx_word' id='word_1_191' title='bbox 906 1927 1062 1977; x_wconf 82' lang='lat' dir='ltr'><strong>divina</strong></span> <span class='ocrx_word' id='word_1_192' title='bbox 1110 1928 1237 1976; x_wconf 88' lang='lat' dir='ltr'><strong>enim</strong></span> <span class='ocrx_word' id='word_1_193' title='bbox 1287 1928 1583 1976; x_wconf 80' lang='lat' dir='ltr'><strong>conversatio</strong></span> <span class='ocrx_word' id='word_1_194' title='bbox 1636 1926 1778 1988; x_wconf 76' lang='lat' dir='ltr'><strong>longe</strong></span> <span class='ocrx_word' id='word_1_195' title='bbox 1882 1926 1971 1975; x_wconf 84' lang='lat' dir='ltr'><strong>ctis</strong></span> <span class='ocrx_word' id='word_1_196' title='bbox 2029 1926 2141 1974; x_wconf 76' lang='lat' dir='ltr'><strong>‘suis</strong></span> <span class='ocrx_word' id='word_1_197' title='bbox 2195 1925 2483 1984; x_wconf 85' lang='lat' dir='ltr'><strong>Varronem,</strong></span> <span class='ocrx_word' id='word_1_198' title='bbox 2539 1927 2630 1975; x_wconf 86' lang='lat' dir='ltr'><strong>nisi</strong></span> <span class='ocrx_word' id='word_1_199' title='bbox 2688 1925 2854 1977; x_wconf 77' lang='lat' dir='ltr'><strong>electis</strong></span> <span class='ocrx_word' id='word_1_200' title='bbox 2911 1926 3016 1978; x_wconf 86' lang='lat' dir='ltr'><strong>illis</strong></span> 
     </span>
     <span class='ocr_line' id='line_1_21' title="bbox 658 1993 3014 2059; baseline 0 -14"><span class='ocrx_word' id='word_1_201' title='bbox 658 1996 767 2045; x_wconf 83' lang='lat' dir='ltr'><strong>alia.</strong></span> <span class='ocrx_word' id='word_1_202' title='bbox 840 1995 959 2045; x_wconf 86' lang='lat' dir='ltr'><strong>Nam</strong></span> <span class='ocrx_word' id='word_1_203' title='bbox 995 1997 1036 2044; x_wconf 85' lang='lat' dir='ltr'><strong>si</strong></span> <span class='ocrx_word' id='word_1_204' title='bbox 1073 1993 1240 2059; x_wconf 88' lang='lat' dir='ltr'><strong>plures</strong></span> <span class='ocrx_word' id='word_1_205' title='bbox 1288 1995 1408 2044; x_wconf 90' lang='lat' dir='ltr'><strong>deos</strong></span> <span class='ocrx_word' id='word_1_206' title='bbox 1456 2002 1640 2044; x_wconf 86' lang='lat' dir='ltr'><strong>statuas</strong></span> <span class='ocrx_word' id='word_1_207' title='bbox 1675 1994 1778 2057; x_wconf 86' lang='lat' dir='ltr'><strong>(qui</strong></span> <span class='ocrx_word' id='word_1_208' title='bbox 1882 1994 2113 2057; x_wconf 85' lang='lat' dir='ltr'><strong>optimam</strong></span> <span class='ocrx_word' id='word_1_209' title='bbox 2163 2008 2272 2043; x_wconf 84' lang='lat' dir='ltr'><strong>esse</strong></span> <span class='ocrx_word' id='word_1_210' title='bbox 2330 1994 2538 2043; x_wconf 88' lang='lat' dir='ltr'><strong>numinis</strong></span> <span class='ocrx_word' id='word_1_211' title='bbox 2596 2001 2842 2055; x_wconf 80' lang='lat' dir='ltr'><strong>naturam,</strong></span> <span class='ocrx_word' id='word_1_212' title='bbox 2897 1994 3014 2045; x_wconf 77' lang='lat' dir='ltr'><strong>aliis</strong></span> 
     </span>
    </p>
   </div>
   <div class='ocr_carea' id='block_1_8' title="bbox 604 2062 1782 4689">
    <p class='ocr_par' dir='ltr' id='par_1_8' title="bbox 604 2062 1782 4689">
     <span class='ocr_line' id='line_1_22' title="bbox 657 2062 1777 2126; baseline -0.003 -14"><span class='ocrx_word' id='word_1_213' title='bbox 657 2063 795 2112; x_wconf 80' lang='lat' dir='ltr'><strong>furor</strong></span> <span class='ocrx_word' id='word_1_214' title='bbox 830 2062 1021 2124; x_wconf 80' lang='lat' dir='ltr'><strong>gentilis</strong></span> <span class='ocrx_word' id='word_1_215' title='bbox 1057 2063 1149 2122; x_wconf 86' lang='lat' dir='ltr'><strong>est)</strong></span> <span class='ocrx_word' id='word_1_216' title='bbox 1188 2063 1349 2125; x_wconf 86' lang='lat' dir='ltr'><strong>utique</strong></span> <span class='ocrx_word' id='word_1_217' title='bbox 1384 2062 1645 2126; x_wconf 77' lang='lat' dir='ltr'><strong>aequales,</strong></span> <span class='ocrx_word' id='word_1_218' title='bbox 1684 2062 1777 2110; x_wconf 83' lang='lat' dir='ltr'><strong>iam</strong></span> 
     </span>
     <span class='ocr_line' id='line_1_23' title="bbox 658 2129 1776 2194; baseline -0.003 -14"><span class='ocrx_word' id='word_1_219' title='bbox 658 2146 754 2181; x_wconf 89' lang='lat' dir='ltr'><strong>non</strong></span> <span class='ocrx_word' id='word_1_220' title='bbox 794 2131 1045 2193; x_wconf 77' lang='lat' dir='ltr'><strong>aequales,</strong></span> <span class='ocrx_word' id='word_1_221' title='bbox 1082 2130 1124 2179; x_wconf 87' lang='lat' dir='ltr'><strong>si</strong></span> <span class='ocrx_word' id='word_1_222' title='bbox 1160 2130 1326 2179; x_wconf 90' lang='lat' dir='ltr'><strong>selecti</strong></span> <span class='ocrx_word' id='word_1_223' title='bbox 1364 2131 1586 2194; x_wconf 85' lang='lat' dir='ltr'><strong>quidam,</strong></span> <span class='ocrx_word' id='word_1_224' title='bbox 1639 2129 1776 2178; x_wconf 76' lang='lat' dir='ltr'><strong>fasti-</strong></span> 
     </span>
     <span class='ocr_line' id='line_1_24' title="bbox 604 2196 1777 2261; baseline -0.002 -14"><span class='ocrx_word' id='word_1_225' title='bbox 604 2229 607 2234; x_wconf 87' lang='lat'><em>·</em></span> <span class='ocrx_word' id='word_1_226' title='bbox 657 2198 785 2261; x_wconf 79' lang='lat' dir='ltr'><strong>gium</strong></span> <span class='ocrx_word' id='word_1_227' title='bbox 837 2198 1091 2247; x_wconf 84' lang='lat' dir='ltr'><strong>divinitatis</strong></span> <span class='ocrx_word' id='word_1_228' title='bbox 1139 2196 1389 2247; x_wconf 84' lang='lat' dir='ltr'><strong>adsolatur</strong></span> <span class='ocrx_word' id='word_1_229' title='bbox 1434 2197 1628 2246; x_wconf 75' lang='lat' dir='ltr'><strong>fastidio</strong></span> <span class='ocrx_word' id='word_1_230' title='bbox 1687 2197 1777 2246; x_wconf 85' lang='lat' dir='ltr'><strong>bu-</strong></span> 
     </span>
     <span class='ocr_line' id='line_1_25' title="bbox 655 2264 1775 2328; baseline -0.001 -14"><span class='ocrx_word' id='word_1_231' title='bbox 655 2280 816 2315; x_wconf 83' lang='lat' dir='ltr'><strong>mano.</strong></span> <span class='ocrx_word' id='word_1_232' title='bbox 854 2265 1007 2314; x_wconf 86' lang='lat' dir='ltr'><strong>Immo</strong></span> <span class='ocrx_word' id='word_1_233' title='bbox 1045 2273 1093 2314; x_wconf 90' lang='lat' dir='ltr'><strong>et</strong></span> <span class='ocrx_word' id='word_1_234' title='bbox 1127 2267 1252 2315; x_wconf 85' lang='lat' dir='ltr'><strong>inter</strong></span> <span class='ocrx_word' id='word_1_235' title='bbox 1288 2265 1509 2314; x_wconf 83' lang='lat' dir='ltr'><strong>homines</strong></span> <span class='ocrx_word' id='word_1_236' title='bbox 1546 2264 1775 2328; x_wconf 78' lang='lat' dir='ltr'><strong>aequales</strong></span> 
     </span>
     <span class='ocr_line' id='line_1_26' title="bbox 655 2331 1775 2397; baseline -0.001 -15"><span class='ocrx_word' id='word_1_237' title='bbox 655 2348 752 2382; x_wconf 88' lang='lat' dir='ltr'><strong>non</strong></span> <span class='ocrx_word' id='word_1_238' title='bbox 804 2333 968 2397; x_wconf 86' lang='lat' dir='ltr'><strong>possis</strong></span> <span class='ocrx_word' id='word_1_239' title='bbox 1027 2347 1174 2383; x_wconf 90' lang='lat' dir='ltr'><strong>unum</strong></span> <span class='ocrx_word' id='word_1_240' title='bbox 1227 2333 1474 2397; x_wconf 75' lang='lat' dir='ltr'><strong>praeferre</strong></span> <span class='ocrx_word' id='word_1_241' title='bbox 1530 2332 1622 2382; x_wconf 87' lang='lat' dir='ltr'><strong>nisi</strong></span> <span class='ocrx_word' id='word_1_242' title='bbox 1680 2331 1775 2381; x_wconf 85' lang='lat' dir='ltr'><strong>alio</strong></span> 
     </span>
     <span class='ocr_line' id='line_1_27' title="bbox 654 2400 1776 2465; baseline 0 -16"><span class='ocrx_word' id='word_1_243' title='bbox 654 2401 962 2465; x_wconf 78' lang='lat' dir='ltr'><strong>posthabito:</strong></span> <span class='ocrx_word' id='word_1_244' title='bbox 1015 2400 1289 2460; x_wconf 81' lang='lat' dir='ltr'><strong>„Praelatio</strong></span> <span class='ocrx_word' id='word_1_245' title='bbox 1324 2400 1525 2449; x_wconf 79' lang='lat' dir='ltr'><strong>alterius</strong></span> <span class='ocrx_word' id='word_1_246' title='bbox 1561 2401 1666 2449; x_wconf 86' lang='lat' dir='ltr'><strong>sine</strong></span> <span class='ocrx_word' id='word_1_247' title='bbox 1703 2400 1776 2449; x_wconf 85' lang='lat' dir='ltr'><strong>al-</strong></span> 
     </span>
     <span class='ocr_line' id='line_1_28' title="bbox 655 2467 1778 2530; baseline -0.001 -13"><span class='ocrx_word' id='word_1_248' title='bbox 655 2469 805 2518; x_wconf 89' lang='lat' dir='ltr'><strong>terius</strong></span> <span class='ocrx_word' id='word_1_249' title='bbox 842 2467 1131 2517; x_wconf 86' lang='lat' dir='ltr'><strong>contumelia</strong></span> <span class='ocrx_word' id='word_1_250' title='bbox 1180 2482 1275 2517; x_wconf 92' lang='lat' dir='ltr'><strong>non</strong></span> <span class='ocrx_word' id='word_1_251' title='bbox 1315 2473 1502 2530; x_wconf 83' lang='lat' dir='ltr'><strong>potest,</strong></span> <span class='ocrx_word' id='word_1_252' title='bbox 1552 2482 1645 2517; x_wconf 88' lang='lat' dir='ltr'><strong>nec</strong></span> <span class='ocrx_word' id='word_1_253' title='bbox 1678 2467 1778 2516; x_wconf 84' lang='lat' dir='ltr'><strong>ulla</strong></span> 
     </span>
     <span class='ocr_line' id='line_1_29' title="bbox 655 2535 1777 2599; baseline -0.002 -14"><span class='ocrx_word' id='word_1_254' title='bbox 655 2536 827 2585; x_wconf 76' lang='lat' dir='ltr'><strong>electio</strong></span> <span class='ocrx_word' id='word_1_255' title='bbox 885 2550 979 2585; x_wconf 90' lang='lat' dir='ltr'><strong>uon</strong></span> <span class='ocrx_word' id='word_1_256' title='bbox 1043 2535 1385 2599; x_wconf 74' lang='lat' dir='ltr'><strong>reprobatione</strong></span> <span class='ocrx_word' id='word_1_257' title='bbox 1441 2535 1777 2599; x_wconf 86' lang='lat' dir='ltr'><strong>componitur;</strong></span> 
     </span>
     <span class='ocr_line' id='line_1_30' title="bbox 656 2602 1778 2668; baseline -0.003 -15"><span class='ocrx_word' id='word_1_258' title='bbox 656 2604 736 2668; x_wconf 88' lang='lat' dir='ltr'><strong>qui</strong></span> <span class='ocrx_word' id='word_1_259' title='bbox 772 2603 832 2653; x_wconf 83' lang='lat' dir='ltr'><strong>de</strong></span> <span class='ocrx_word' id='word_1_260' title='bbox 870 2603 1092 2668; x_wconf 88' lang='lat' dir='ltr'><strong>pluribus</strong></span> <span class='ocrx_word' id='word_1_261' title='bbox 1128 2604 1331 2667; x_wconf 75' lang='lat' dir='ltr'><strong>suscipit</strong></span> <span class='ocrx_word' id='word_1_262' title='bbox 1377 2602 1617 2666; x_wconf 83' lang='lat' dir='ltr'><strong>aliquem,</strong></span> <span class='ocrx_word' id='word_1_263' title='bbox 1668 2615 1778 2651; x_wconf 88' lang='lat' dir='ltr'><strong>eum</strong></span> 
     </span>
     <span class='ocr_line' id='line_1_31' title="bbox 655 2670 1781 2737; baseline -0.004 -15"><span class='ocrx_word' id='word_1_264' title='bbox 655 2686 797 2737; x_wconf 86' lang='lat' dir='ltr'><strong>quem</strong></span> <span class='ocrx_word' id='word_1_265' title='bbox 835 2686 931 2722; x_wconf 90' lang='lat' dir='ltr'><strong>non</strong></span> <span class='ocrx_word' id='word_1_266' title='bbox 968 2672 1183 2735; x_wconf 87' lang='lat' dir='ltr'><strong>suscepit</strong></span> <span class='ocrx_word' id='word_1_267' title='bbox 1210 2670 1480 2734; x_wconf 84' lang='lat' dir='ltr'><strong>despexit,“</strong></span> <span class='ocrx_word' id='word_1_268' title='bbox 1518 2678 1569 2720; x_wconf 90' lang='lat' dir='ltr'><strong>ut</strong></span> <span class='ocrx_word' id='word_1_269' title='bbox 1604 2670 1781 2720; x_wconf 83' lang='lat' dir='ltr'><strong>Noster</strong></span> 
     </span>
     <span class='ocr_line' id='line_1_32' title="bbox 656 2738 1782 2804; baseline -0.003 -14"><span class='ocrx_word' id='word_1_270' title='bbox 656 2755 804 2804; x_wconf 81' lang='lat' dir='ltr'><strong>supra</strong></span> <span class='ocrx_word' id='word_1_271' title='bbox 842 2739 968 2789; x_wconf 90' lang='lat' dir='ltr'><strong>libro</strong></span> <span class='ocrx_word' id='word_1_272' title='bbox 1005 2739 1043 2799; x_wconf 88' lang='lat'><strong>1,</strong></span> <span class='ocrx_word' id='word_1_273' title='bbox 1093 2754 1199 2803; x_wconf 82' lang='lat' dir='ltr'><strong>cap.</strong></span> <span class='ocrx_word' id='word_1_274' title='bbox 1239 2739 1316 2788; x_wconf 81' lang='lat'><strong>10.</strong></span> <span class='ocrx_word' id='word_1_275' title='bbox 1364 2738 1622 2788; x_wconf 82' lang='lat' dir='ltr'><strong>scribebat.</strong></span> <span class='ocrx_word' id='word_1_276' title='bbox 1695 2738 1782 2787; x_wconf 85' lang='lat' dir='ltr'><strong>Est</strong></span> 
     </span>
     <span class='ocr_line' id='line_1_33' title="bbox 656 2802 1776 2868; baseline -0.002 -11"><span class='ocrx_word' id='word_1_277' title='bbox 656 2816 704 2857; x_wconf 89' lang='lat' dir='ltr'><strong>et</strong></span> <span class='ocrx_word' id='word_1_278' title='bbox 740 2807 857 2857; x_wconf 87' lang='lat' dir='ltr'><strong>illud</strong></span> <span class='ocrx_word' id='word_1_279' title='bbox 883 2806 1250 2866; x_wconf 78' lang='lat' dir='ltr'><strong>observandum,</strong></span> <span class='ocrx_word' id='word_1_280' title='bbox 1286 2807 1599 2868; x_wconf 74' lang='lat' dir='ltr'><strong>angustinum</strong></span> <span class='ocrx_word' id='word_1_281' title='bbox 1636 2802 1776 2855; x_wconf 82' lang='lat' dir='ltr'><strong>usum</strong></span> 
     </span>
     <span class='ocr_line' id='line_1_34' title="bbox 657 2873 1778 2926; baseline -0.002 -1"><span class='ocrx_word' id='word_1_282' title='bbox 657 2875 824 2926; x_wconf 89' lang='lat' dir='ltr'><strong>codice</strong></span> <span class='ocrx_word' id='word_1_283' title='bbox 861 2876 1032 2924; x_wconf 78' lang='lat' dir='ltr'><strong>borum</strong></span> <span class='ocrx_word' id='word_1_284' title='bbox 1061 2875 1294 2924; x_wconf 88' lang='lat' dir='ltr'><strong>librorum</strong></span> <span class='ocrx_word' id='word_1_285' title='bbox 1333 2874 1392 2923; x_wconf 85' lang='lat' dir='ltr'><strong>ab</strong></span> <span class='ocrx_word' id='word_1_286' title='bbox 1430 2874 1523 2923; x_wconf 90' lang='lat' dir='ltr'><strong>boc</strong></span> <span class='ocrx_word' id='word_1_287' title='bbox 1557 2873 1778 2923; x_wconf 79' lang='lat' dir='ltr'><strong>diverso:</strong></span> 
     </span>
     <span class='ocr_line' id='line_1_35' title="bbox 656 2941 1778 3006; baseline -0.002 -14"><span class='ocrx_word' id='word_1_288' title='bbox 656 2957 895 3005; x_wconf 74' lang='lat' dir='ltr'><strong>nam‘.pro</strong></span> <span class='ocrx_word' id='word_1_289' title='bbox 933 2945 1006 2992; x_wconf 83' lang='lat' dir='ltr'><strong>his</strong></span> <span class='ocrx_word' id='word_1_290' title='bbox 1042 2942 1227 2999; x_wconf 75' lang='lat' dir='ltr'><strong>verbiS,</strong></span> <span class='ocrx_word' id='word_1_291' title='bbox 1277 2956 1399 3006; x_wconf 84' lang='lat' dir='ltr'><strong>quae</strong></span> <span class='ocrx_word' id='word_1_292' title='bbox 1437 2941 1514 2990; x_wconf 87' lang='lat' dir='ltr'><strong>bic</strong></span> <span class='ocrx_word' id='word_1_293' title='bbox 1539 2941 1778 2990; x_wconf 83' lang='lat' dir='ltr'><strong>habentur</strong></span> 
     </span>
     <span class='ocr_line' id='line_1_36' title="bbox 654 3009 1776 3075; baseline -0.003 -14"><span class='ocrx_word' id='word_1_294' title='bbox 654 3019 705 3061; x_wconf 79' lang='lat' dir='ltr'><strong>nt</strong></span> <span class='ocrx_word' id='word_1_295' title='bbox 750 3012 890 3061; x_wconf 75' lang='lat' dir='ltr'><strong>vultis</strong></span> <span class='ocrx_word' id='word_1_296' title='bbox 944 3011 1157 3075; x_wconf 75' lang='lat' dir='ltr'><strong>praefert</strong></span> <span class='ocrx_word' id='word_1_297' title='bbox 1209 3010 1313 3073; x_wconf 86' lang='lat' dir='ltr'><strong>ipse</strong></span> <span class='ocrx_word' id='word_1_298' title='bbox 1364 3016 1415 3059; x_wconf 73' lang='lat' dir='ltr'><strong>ut</strong></span> <span class='ocrx_word' id='word_1_299' title='bbox 1462 3009 1617 3069; x_wconf 71' lang='lat' dir='ltr'><strong>bulbi,</strong></span> <span class='ocrx_word' id='word_1_300' title='bbox 1681 3024 1776 3073; x_wconf 83' lang='lat' dir='ltr'><strong>qno</strong></span> 
     </span>
     <span class='ocr_line' id='line_1_37' title="bbox 654 3077 1778 3142; baseline -0.002 -14"><span class='ocrx_word' id='word_1_301' title='bbox 654 3078 799 3128; x_wconf 85' lang='lat' dir='ltr'><strong>etiam</strong></span> <span class='ocrx_word' id='word_1_302' title='bbox 818 3086 1021 3142; x_wconf 85' lang='lat' dir='ltr'><strong>spectat,</strong></span> <span class='ocrx_word' id='word_1_303' title='bbox 1059 3092 1167 3128; x_wconf 88' lang='lat' dir='ltr'><strong>cum</strong></span> <span class='ocrx_word' id='word_1_304' title='bbox 1204 3078 1268 3127; x_wconf 84' lang='lat' dir='ltr'><strong>ait</strong></span> <span class='ocrx_word' id='word_1_305' title='bbox 1302 3078 1497 3142; x_wconf 70' lang='lat' dir='ltr'><strong>facetius</strong></span> <span class='ocrx_word' id='word_1_306' title='bbox 1518 3077 1638 3126; x_wconf 82' lang='lat' dir='ltr'><strong>baec</strong></span> <span class='ocrx_word' id='word_1_307' title='bbox 1656 3077 1778 3127; x_wconf 84' lang='lat' dir='ltr'><strong>Ter-</strong></span> 
     </span>
     <span class='ocr_line' id='line_1_38' title="bbox 654 3144 1778 3211; baseline -0.002 -16"><span class='ocrx_word' id='word_1_308' title='bbox 654 3145 910 3196; x_wconf 81' lang='lat' dir='ltr'><strong>tullianum</strong></span> <span class='ocrx_word' id='word_1_309' title='bbox 946 3147 1175 3196; x_wconf 86' lang='lat' dir='ltr'><strong>scribere.</strong></span> <span class='ocrx_word' id='word_1_310' title='bbox 1213 3144 1491 3211; x_wconf 69' lang='lat' dir='ltr'><strong>(Gotbnt&#39;r.)=</strong></span> <span class='ocrx_word' id='word_1_311' title='bbox 1527 3144 1778 3205; x_wconf 75' lang='lat' dir='ltr'><strong>Augustini</strong></span> 
     </span>
     <span class='ocr_line' id='line_1_39' title="bbox 657 3212 1778 3276; baseline -0.003 -13"><span class='ocrx_word' id='word_1_312' title='bbox 657 3213 972 3276; x_wconf 80' lang='lat' dir='ltr'><strong>reprehensio</strong></span> <span class='ocrx_word' id='word_1_313' title='bbox 1033 3214 1074 3261; x_wconf 86' lang='lat' dir='ltr'><strong>si</strong></span> <span class='ocrx_word' id='word_1_314' title='bbox 1130 3212 1419 3273; x_wconf 77' lang='lat' dir='ltr'><strong>diligentius.</strong></span> <span class='ocrx_word' id='word_1_315' title='bbox 1464 3212 1778 3272; x_wconf 77' lang='lat' dir='ltr'><strong>examinetur,</strong></span> 
     </span>
     <span class='ocr_line' id='line_1_40' title="bbox 655 3279 1779 3342; baseline 0 -13"><span class='ocrx_word' id='word_1_316' title='bbox 655 3280 880 3329; x_wconf 88' lang='lat' dir='ltr'><strong>subtilior</strong></span> <span class='ocrx_word' id='word_1_317' title='bbox 916 3281 1124 3329; x_wconf 76' lang='lat' dir='ltr'><strong>fortasse</strong></span> <span class='ocrx_word' id='word_1_318' title='bbox 1152 3279 1452 3329; x_wconf 81' lang='lat' dir='ltr'><strong>iudicabitur.</strong></span> <span class='ocrx_word' id='word_1_319' title='bbox 1490 3279 1609 3328; x_wconf 84' lang='lat' dir='ltr'><strong>Nam</strong></span> <span class='ocrx_word' id='word_1_320' title='bbox 1647 3279 1779 3342; x_wconf 88' lang='lat' dir='ltr'><strong>quod</strong></span> 
     </span>
     <span class='ocr_line' id='line_1_41' title="bbox 656 3346 1779 3410; baseline 0 -15"><span class='ocrx_word' id='word_1_321' title='bbox 656 3346 1129 3397; x_wconf 79' lang='lat' dir='ltr'><strong>animadvertendum</strong></span> <span class='ocrx_word' id='word_1_322' title='bbox 1165 3346 1430 3410; x_wconf 75' lang='lat' dir='ltr'><strong>praecipit,</strong></span> <span class='ocrx_word' id='word_1_323' title='bbox 1467 3348 1663 3410; x_wconf 78' lang='lat' dir='ltr'><strong>quinam</strong></span> <span class='ocrx_word' id='word_1_324' title='bbox 1700 3346 1779 3396; x_wconf 80' lang='lat' dir='ltr'><strong>isti</strong></span> 
     </span>
     <span class='ocr_line' id='line_1_42' title="bbox 657 3412 1780 3476; baseline -0.002 -12"><span class='ocrx_word' id='word_1_325' title='bbox 657 3414 723 3464; x_wconf 87' lang='lat' dir='ltr'><strong>dii</strong></span> <span class='ocrx_word' id='word_1_326' title='bbox 759 3415 857 3462; x_wconf 86' lang='lat' dir='ltr'><strong>sint</strong></span> <span class='ocrx_word' id='word_1_327' title='bbox 891 3421 939 3462; x_wconf 87' lang='lat' dir='ltr'><strong>et</strong></span> <span class='ocrx_word' id='word_1_328' title='bbox 984 3414 1045 3463; x_wconf 85' lang='lat' dir='ltr'><strong>ad</strong></span> <span class='ocrx_word' id='word_1_329' title='bbox 1095 3427 1237 3476; x_wconf 85' lang='lat' dir='ltr'><strong>quam</strong></span> <span class='ocrx_word' id='word_1_330' title='bbox 1276 3427 1377 3462; x_wconf 83' lang='lat' dir='ltr'><strong>rem</strong></span> <span class='ocrx_word' id='word_1_331' title='bbox 1413 3412 1611 3471; x_wconf 84' lang='lat' dir='ltr'><strong>selecti,</strong></span> <span class='ocrx_word' id='word_1_332' title='bbox 1665 3413 1780 3463; x_wconf 73' lang='lat' dir='ltr'><strong>tacit</strong></span> 
     </span>
     <span class='ocr_line' id='line_1_43' title="bbox 658 3478 1777 3544; baseline 0.001 -15"><span class='ocrx_word' id='word_1_333' title='bbox 658 3482 751 3529; x_wconf 87' lang='lat' dir='ltr'><strong>boc</strong></span> <span class='ocrx_word' id='word_1_334' title='bbox 785 3495 902 3530; x_wconf 80' lang='lat' dir='ltr'><strong>sane</strong></span> <span class='ocrx_word' id='word_1_335' title='bbox 950 3478 1226 3530; x_wconf 76' lang='lat' dir='ltr'><strong>luculenter.</strong></span> <span class='ocrx_word' id='word_1_336' title='bbox 1254 3480 1516 3544; x_wconf 86' lang='lat' dir='ltr'><strong>Septimius</strong></span> <span class='ocrx_word' id='word_1_337' title='bbox 1564 3489 1612 3530; x_wconf 91' lang='lat' dir='ltr'><strong>et</strong></span> <span class='ocrx_word' id='word_1_338' title='bbox 1646 3482 1777 3544; x_wconf 82' lang='lat' dir='ltr'><strong>Apo·</strong></span> 
     </span>
     <span class='ocr_line' id='line_1_44' title="bbox 658 3546 1778 3610; baseline 0.002 -15"><span class='ocrx_word' id='word_1_339' title='bbox 658 3546 864 3610; x_wconf 69' lang='lat' dir='ltr'><strong>lugetico</strong></span> <span class='ocrx_word' id='word_1_340' title='bbox 901 3547 986 3596; x_wconf 89' lang='lat' dir='ltr'><strong>illo</strong></span> <span class='ocrx_word' id='word_1_341' title='bbox 1025 3547 1174 3597; x_wconf 88' lang='lat' dir='ltr'><strong>nobili</strong></span> <span class='ocrx_word' id='word_1_342' title='bbox 1211 3554 1261 3597; x_wconf 90' lang='lat' dir='ltr'><strong>et</strong></span> <span class='ocrx_word' id='word_1_343' title='bbox 1295 3548 1428 3596; x_wconf 71' lang='lat' dir='ltr'><strong>bisce</strong></span> <span class='ocrx_word' id='word_1_344' title='bbox 1462 3548 1521 3597; x_wconf 82' lang='lat' dir='ltr'><strong>ad</strong></span> <span class='ocrx_word' id='word_1_345' title='bbox 1548 3547 1778 3597; x_wconf 76' lang='lat' dir='ltr'><strong>Nationes</strong></span> 
     </span>
     <span class='ocr_line' id='line_1_45' title="bbox 656 3614 1776 3666; baseline 0.001 -2"><span class='ocrx_word' id='word_1_346' title='bbox 656 3615 809 3666; x_wconf 89' lang='lat' dir='ltr'><strong>libris.</strong></span> <span class='ocrx_word' id='word_1_347' title='bbox 840 3615 941 3666; x_wconf 82' lang='lat' dir='ltr'><strong>Sed</strong></span> <span class='ocrx_word' id='word_1_348' title='bbox 980 3616 1057 3665; x_wconf 85' lang='lat' dir='ltr'><strong>hic</strong></span> <span class='ocrx_word' id='word_1_349' title='bbox 1093 3616 1264 3664; x_wconf 89' lang='lat' dir='ltr'><strong>merito</strong></span> <span class='ocrx_word' id='word_1_350' title='bbox 1291 3614 1416 3664; x_wconf 85' lang='lat' dir='ltr'><strong>ridet</strong></span> <span class='ocrx_word' id='word_1_351' title='bbox 1436 3615 1776 3665; x_wconf 69' lang='lat' dir='ltr'><strong>Varronianem</strong></span> 
     </span>
     <span class='ocr_line' id='line_1_46' title="bbox 656 3682 1778 3743; baseline -0.001 -10"><span class='ocrx_word' id='word_1_352' title='bbox 656 3683 857 3733; x_wconf 79' lang='lat' dir='ltr'><strong>deorum</strong></span> <span class='ocrx_word' id='word_1_353' title='bbox 893 3682 1226 3743; x_wconf 82' lang='lat' dir='ltr'><strong>selectionem,</strong></span> <span class='ocrx_word' id='word_1_354' title='bbox 1263 3697 1371 3732; x_wconf 87' lang='lat' dir='ltr'><strong>cum</strong></span> <span class='ocrx_word' id='word_1_355' title='bbox 1409 3682 1502 3732; x_wconf 88' lang='lat' dir='ltr'><strong>dici</strong></span> <span class='ocrx_word' id='word_1_356' title='bbox 1522 3683 1644 3733; x_wconf 86' lang='lat' dir='ltr'><strong>deus</strong></span> <span class='ocrx_word' id='word_1_357' title='bbox 1681 3697 1778 3732; x_wconf 92' lang='lat' dir='ltr'><strong>non</strong></span> 
     </span>
     <span class='ocr_line' id='line_1_47' title="bbox 656 3750 1780 3815; baseline -0.002 -12"><span class='ocrx_word' id='word_1_358' title='bbox 656 3750 855 3811; x_wconf 80' lang='lat' dir='ltr'><strong>debeat,</strong></span> <span class='ocrx_word' id='word_1_359' title='bbox 912 3766 1068 3815; x_wconf 86' lang='lat' dir='ltr'><strong>neque</strong></span> <span class='ocrx_word' id='word_1_360' title='bbox 1105 3765 1216 3800; x_wconf 83' lang='lat' dir='ltr'><strong>esse</strong></span> <span class='ocrx_word' id='word_1_361' title='bbox 1262 3751 1420 3813; x_wconf 83' lang='lat' dir='ltr'><strong>possit</strong></span> <span class='ocrx_word' id='word_1_362' title='bbox 1469 3750 1559 3799; x_wconf 82' lang='lat' dir='ltr'><strong>nisi</strong></span> <span class='ocrx_word' id='word_1_363' title='bbox 1597 3751 1678 3814; x_wconf 89' lang='lat' dir='ltr'><strong>qui</strong></span> <span class='ocrx_word' id='word_1_364' title='bbox 1716 3752 1780 3801; x_wconf 90' lang='lat' dir='ltr'><strong>sit</strong></span> 
     </span>
     <span class='ocr_line' id='line_1_48' title="bbox 655 3818 1775 3884; baseline -0.004 -14"><span class='ocrx_word' id='word_1_365' title='bbox 655 3819 792 3870; x_wconf 81' lang='lat' dir='ltr'><strong>solus</strong></span> <span class='ocrx_word' id='word_1_366' title='bbox 826 3820 1155 3884; x_wconf 69' lang='lat' dir='ltr'><strong>omnipotens,</strong></span> <span class='ocrx_word' id='word_1_367' title='bbox 1199 3826 1454 3878; x_wconf 80' lang='lat' dir='ltr'><strong>aeternus,</strong></span> <span class='ocrx_word' id='word_1_368' title='bbox 1491 3818 1775 3879; x_wconf 56' lang='lat' dir='ltr'><strong>immensus,</strong></span> 
     </span>
     <span class='ocr_line' id='line_1_49' title="bbox 654 3886 1778 3938; baseline -0.001 -2"><span class='ocrx_word' id='word_1_369' title='bbox 654 3888 945 3938; x_wconf 72' lang='lat' dir='ltr'><strong>indefessus.</strong></span> <span class='ocrx_word' id='word_1_370' title='bbox 987 3888 1107 3937; x_wconf 80' lang='lat' dir='ltr'><strong>Huic</strong></span> <span class='ocrx_word' id='word_1_371' title='bbox 1141 3901 1251 3937; x_wconf 79' lang='lat' dir='ltr'><strong>vero</strong></span> <span class='ocrx_word' id='word_1_372' title='bbox 1289 3886 1512 3935; x_wconf 88' lang='lat' dir='ltr'><strong>comitem</strong></span> <span class='ocrx_word' id='word_1_373' title='bbox 1548 3886 1591 3935; x_wconf 86' lang='lat' dir='ltr'><strong>si</strong></span> <span class='ocrx_word' id='word_1_374' title='bbox 1626 3886 1778 3936; x_wconf 87' lang='lat' dir='ltr'><strong>dede-</strong></span> 
     </span>
     <span class='ocr_line' id='line_1_50' title="bbox 654 3953 1778 4018; baseline -0.002 -13"><span class='ocrx_word' id='word_1_375' title='bbox 654 3956 723 4005; x_wconf 78' lang='lat' dir='ltr'><strong>ris</strong></span> <span class='ocrx_word' id='word_1_376' title='bbox 757 3963 840 4005; x_wconf 82' lang='lat' dir='ltr'><strong>ant</strong></span> <span class='ocrx_word' id='word_1_377' title='bbox 872 3955 1119 4014; x_wconf 81' lang='lat' dir='ltr'><strong>vicarium,</strong></span> <span class='ocrx_word' id='word_1_378' title='bbox 1161 3953 1305 4018; x_wconf 87' lang='lat' dir='ltr'><strong>plane</strong></span> <span class='ocrx_word' id='word_1_379' title='bbox 1339 3968 1443 4003; x_wconf 89' lang='lat' dir='ltr'><strong>rem</strong></span> <span class='ocrx_word' id='word_1_380' title='bbox 1481 3954 1658 4004; x_wconf 77' lang='lat' dir='ltr'><strong>feceris</strong></span> <span class='ocrx_word' id='word_1_381' title='bbox 1693 3968 1778 4003; x_wconf 86' lang='lat' dir='ltr'><strong>su-</strong></span> 
     </span>
     <span class='ocr_line' id='line_1_51' title="bbox 654 4020 1778 4086; baseline -0.002 -14"><span class='ocrx_word' id='word_1_382' title='bbox 654 4024 891 4086; x_wconf 77' lang='lat' dir='ltr'><strong>perfluam</strong></span> <span class='ocrx_word' id='word_1_383' title='bbox 926 4030 1070 4086; x_wconf 83' lang='lat' dir='ltr'><strong>atque</strong></span> <span class='ocrx_word' id='word_1_384' title='bbox 1104 4021 1341 4081; x_wconf 88' lang='lat' dir='ltr'><strong>inutilem,</strong></span> <span class='ocrx_word' id='word_1_385' title='bbox 1378 4035 1541 4070; x_wconf 78' lang='lat' dir='ltr'><strong>verum</strong></span> <span class='ocrx_word' id='word_1_386' title='bbox 1577 4030 1625 4070; x_wconf 90' lang='lat' dir='ltr'><strong>et</strong></span> <span class='ocrx_word' id='word_1_387' title='bbox 1660 4020 1778 4071; x_wconf 75' lang='lat' dir='ltr'><strong>divi-</strong></span> 
     </span>
     <span class='ocr_line' id='line_1_52' title="bbox 653 4089 1777 4158; baseline 0.001 -20"><span class='ocrx_word' id='word_1_388' title='bbox 653 4090 789 4140; x_wconf 79' lang='lat' dir='ltr'><strong>nitati</strong></span> <span class='ocrx_word' id='word_1_389' title='bbox 822 4103 1029 4152; x_wconf 85' lang='lat' dir='ltr'><strong>prorsus</strong></span> <span class='ocrx_word' id='word_1_390' title='bbox 1064 4089 1359 4139; x_wconf 79' lang='lat' dir='ltr'><strong>indecoram.</strong></span> <span class='ocrx_word' id='word_1_391' title='bbox 1429 4089 1533 4139; x_wconf 84' lang='lat' dir='ltr'><strong>Hoc</strong></span> <span class='ocrx_word' id='word_1_392' title='bbox 1557 4089 1777 4158; x_wconf 79' lang='lat' dir='ltr'><strong>primum</strong></span> 
     </span>
     <span class='ocr_line' id='line_1_53' title="bbox 655 4155 1778 4219; baseline 0 -14"><span class='ocrx_word' id='word_1_393' title='bbox 655 4165 938 4219; x_wconf 72' lang='lat' dir='ltr'><strong>argumento</strong></span> <span class='ocrx_word' id='word_1_394' title='bbox 960 4155 1225 4219; x_wconf 80' lang='lat' dir='ltr'><strong>Septimius</strong></span> <span class='ocrx_word' id='word_1_395' title='bbox 1258 4164 1426 4207; x_wconf 87' lang='lat' dir='ltr'><strong>noster</strong></span> <span class='ocrx_word' id='word_1_396' title='bbox 1449 4156 1650 4206; x_wconf 88' lang='lat' dir='ltr'><strong>deorum</strong></span> <span class='ocrx_word' id='word_1_397' title='bbox 1673 4163 1778 4205; x_wconf 88' lang='lat' dir='ltr'><strong>tur-</strong></span> 
     </span>
     <span class='ocr_line' id='line_1_54' title="bbox 654 4224 1775 4288; baseline -0.002 -15"><span class='ocrx_word' id='word_1_398' title='bbox 654 4224 765 4273; x_wconf 85' lang='lat' dir='ltr'><strong>bam</strong></span> <span class='ocrx_word' id='word_1_399' title='bbox 801 4224 1062 4288; x_wconf 55' lang='lat' dir='ltr'><strong>profligan</strong></span> <span class='ocrx_word' id='word_1_400' title='bbox 1102 4232 1210 4274; x_wconf 76' lang='lat' dir='ltr'><strong>mcx</strong></span> <span class='ocrx_word' id='word_1_401' title='bbox 1246 4230 1295 4273; x_wconf 88' lang='lat' dir='ltr'><strong>et</strong></span> <span class='ocrx_word' id='word_1_402' title='bbox 1328 4225 1591 4274; x_wconf 85' lang='lat' dir='ltr'><strong>Varronem</strong></span> <span class='ocrx_word' id='word_1_403' title='bbox 1625 4236 1684 4272; x_wconf 86' lang='lat' dir='ltr'><strong>ex</strong></span> <span class='ocrx_word' id='word_1_404' title='bbox 1719 4238 1775 4272; x_wconf 84' lang='lat' dir='ltr'><strong>ea</strong></span> 
     </span>
     <span class='ocr_line' id='line_1_55' title="bbox 654 4290 1777 4357; baseline 0 -17"><span class='ocrx_word' id='word_1_405' title='bbox 654 4290 796 4341; x_wconf 68' lang='lat' dir='ltr'><strong>turha</strong></span> <span class='ocrx_word' id='word_1_406' title='bbox 846 4290 1130 4353; x_wconf 77' lang='lat' dir='ltr'><strong>seligentem</strong></span> <span class='ocrx_word' id='word_1_407' title='bbox 1184 4292 1475 4357; x_wconf 78' lang='lat' dir='ltr'><strong>praecipuos</strong></span> <span class='ocrx_word' id='word_1_408' title='bbox 1526 4290 1777 4352; x_wconf 78' lang='lat' dir='ltr'><strong>inreligio-</strong></span> 
     </span>
     <span class='ocr_line' id='line_1_56' title="bbox 654 4358 1778 4421; baseline 0 -13"><span class='ocrx_word' id='word_1_409' title='bbox 654 4372 762 4408; x_wconf 88' lang='lat' dir='ltr'><strong>sum</strong></span> <span class='ocrx_word' id='word_1_410' title='bbox 799 4372 911 4409; x_wconf 84' lang='lat' dir='ltr'><strong>esse</strong></span> <span class='ocrx_word' id='word_1_411' title='bbox 945 4358 1089 4421; x_wconf 85' lang='lat' dir='ltr'><strong>dicit;</strong></span> <span class='ocrx_word' id='word_1_412' title='bbox 1126 4360 1221 4410; x_wconf 85' lang='lat' dir='ltr'><strong>boc</strong></span> <span class='ocrx_word' id='word_1_413' title='bbox 1253 4360 1383 4410; x_wconf 88' lang='lat' dir='ltr'><strong>enim</strong></span> <span class='ocrx_word' id='word_1_414' title='bbox 1419 4372 1515 4409; x_wconf 88' lang='lat' dir='ltr'><strong>nou</strong></span> <span class='ocrx_word' id='word_1_415' title='bbox 1551 4359 1659 4408; x_wconf 80' lang='lat' dir='ltr'><strong>sine</strong></span> <span class='ocrx_word' id='word_1_416' title='bbox 1694 4372 1778 4408; x_wconf 85' lang='lat' dir='ltr'><strong>re·-</strong></span> 
     </span>
     <span class='ocr_line' id='line_1_57' title="bbox 656 4426 1776 4491; baseline -0.001 -15"><span class='ocrx_word' id='word_1_417' title='bbox 656 4426 899 4490; x_wconf 85' lang='lat' dir='ltr'><strong>liqnorum</strong></span> <span class='ocrx_word' id='word_1_418' title='bbox 934 4426 1108 4477; x_wconf 84' lang='lat' dir='ltr'><strong>iniuria</strong></span> <span class='ocrx_word' id='word_1_419' title='bbox 1144 4427 1341 4488; x_wconf 74' lang='lat' dir='ltr'><strong>fecisse,</strong></span> <span class='ocrx_word' id='word_1_420' title='bbox 1377 4441 1503 4491; x_wconf 84' lang='lat' dir='ltr'><strong>quos</strong></span> <span class='ocrx_word' id='word_1_421' title='bbox 1522 4441 1634 4477; x_wconf 82' lang='lat' dir='ltr'><strong>esse</strong></span> <span class='ocrx_word' id='word_1_422' title='bbox 1670 4426 1776 4491; x_wconf 81' lang='lat' dir='ltr'><strong>qni-</strong></span> 
     </span>
     <span class='ocr_line' id='line_1_58' title="bbox 655 4495 1778 4557; baseline 0.002 -14"><span class='ocrx_word' id='word_1_423' title='bbox 655 4495 766 4544; x_wconf 88' lang='lat' dir='ltr'><strong>dem</strong></span> <span class='ocrx_word' id='word_1_424' title='bbox 820 4495 943 4545; x_wconf 85' lang='lat' dir='ltr'><strong>deos</strong></span> <span class='ocrx_word' id='word_1_425' title='bbox 992 4495 1262 4555; x_wconf 82' lang='lat' dir='ltr'><strong>censuerit,</strong></span> <span class='ocrx_word' id='word_1_426' title='bbox 1327 4508 1494 4545; x_wconf 81' lang='lat' dir='ltr'><strong>verum</strong></span> <span class='ocrx_word' id='word_1_427' title='bbox 1546 4495 1778 4557; x_wconf 73' lang='lat' dir='ltr'><strong>dignitate</strong></span> 
     </span>
     <span class='ocr_line' id='line_1_59' title="bbox 653 4561 1776 4625; baseline 0.004 -16"><span class='ocrx_word' id='word_1_428' title='bbox 653 4561 909 4612; x_wconf 79' lang='lat' dir='ltr'><strong>interiores</strong></span> <span class='ocrx_word' id='word_1_429' title='bbox 944 4568 1026 4611; x_wconf 79' lang='lat' dir='ltr'><strong>aut</strong></span> <span class='ocrx_word' id='word_1_430' title='bbox 1059 4568 1311 4625; x_wconf 80' lang='lat' dir='ltr'><strong>potestate.</strong></span> <span class='ocrx_word' id='word_1_431' title='bbox 1361 4561 1461 4613; x_wconf 81' lang='lat' dir='ltr'><strong>Hos</strong></span> <span class='ocrx_word' id='word_1_432' title='bbox 1496 4561 1642 4624; x_wconf 75' lang='lat' dir='ltr'><strong>igitur</strong></span> <span class='ocrx_word' id='word_1_433' title='bbox 1677 4574 1776 4613; x_wconf 84' lang='lat' dir='ltr'><strong>nou</strong></span> 
     </span>
     <span class='ocr_line' id='line_1_60' title="bbox 654 4628 1774 4689; baseline 0.004 -14"><span class='ocrx_word' id='word_1_434' title='bbox 654 4634 838 4679; x_wconf 82' lang='lat' dir='ltr'><strong>tantum</strong></span> <span class='ocrx_word' id='word_1_435' title='bbox 872 4628 1161 4689; x_wconf 70' lang='lat' dir='ltr'><strong>inofficiosi,</strong></span> <span class='ocrx_word' id='word_1_436' title='bbox 1218 4642 1385 4679; x_wconf 69' lang='lat' dir='ltr'><strong>verum</strong></span> <span class='ocrx_word' id='word_1_437' title='bbox 1418 4636 1467 4679; x_wconf 88' lang='lat' dir='ltr'><strong>et</strong></span> <span class='ocrx_word' id='word_1_438' title='bbox 1499 4629 1663 4681; x_wconf 76' lang='lat' dir='ltr'><strong>laesae</strong></span> <span class='ocrx_word' id='word_1_439' title='bbox 1698 4629 1774 4681; x_wconf 82' lang='lat' dir='ltr'><strong>di-</strong></span> 
     </span>
    </p>
   </div>
   <div class='ocr_carea' id='block_1_9' title="bbox 1877 2056 3018 4686">
    <p class='ocr_par' dir='ltr' id='par_1_9' title="bbox 1877 2056 3018 4686">
     <span class='ocr_line' id='line_1_61' title="bbox 1882 2056 3010 2120; baseline 0.002 -10"><span class='ocrx_word' id='word_1_440' title='bbox 1882 2061 2008 2110; x_wconf 83' lang='lat' dir='ltr'><strong>male</strong></span> <span class='ocrx_word' id='word_1_441' title='bbox 2044 2056 2219 2110; x_wconf 72' lang='lat' dir='ltr'><strong>credi?</strong></span> <span class='ocrx_word' id='word_1_442' title='bbox 2255 2062 2394 2120; x_wconf 86' lang='lat' dir='ltr'><strong>Quod</strong></span> <span class='ocrx_word' id='word_1_443' title='bbox 2431 2075 2542 2110; x_wconf 80' lang='lat' dir='ltr'><strong>vero</strong></span> <span class='ocrx_word' id='word_1_444' title='bbox 2565 2063 2734 2112; x_wconf 84' lang='lat' dir='ltr'><strong>attinet</strong></span> <span class='ocrx_word' id='word_1_445' title='bbox 2751 2061 2811 2110; x_wconf 88' lang='lat' dir='ltr'><strong>ad</strong></span> <span class='ocrx_word' id='word_1_446' title='bbox 2840 2075 3010 2112; x_wconf 76' lang='lat' dir='ltr'><strong>exem-</strong></span> 
     </span>
     <span class='ocr_line' id='line_1_62' title="bbox 1880 2127 3012 2192; baseline 0.004 -16"><span class='ocrx_word' id='word_1_447' title='bbox 1880 2127 1961 2192; x_wconf 85' lang='lat' dir='ltr'><strong>pla</strong></span> <span class='ocrx_word' id='word_1_448' title='bbox 2000 2143 2122 2192; x_wconf 89' lang='lat' dir='ltr'><strong>quae</strong></span> <span class='ocrx_word' id='word_1_449' title='bbox 2159 2129 2524 2191; x_wconf 86' lang='lat' dir='ltr'><strong>reprehensioni</strong></span> <span class='ocrx_word' id='word_1_450' title='bbox 2562 2143 2679 2177; x_wconf 87' lang='lat' dir='ltr'><strong>snae</strong></span> <span class='ocrx_word' id='word_1_451' title='bbox 2713 2130 3012 2180; x_wconf 77' lang='lat' dir='ltr'><strong>confirman-</strong></span> 
     </span>
     <span class='ocr_line' id='line_1_63' title="bbox 1881 2195 3013 2258; baseline 0.003 -13"><span class='ocrx_word' id='word_1_452' title='bbox 1881 2196 1972 2245; x_wconf 85' lang='lat' dir='ltr'><strong>dae</strong></span> <span class='ocrx_word' id='word_1_453' title='bbox 1998 2196 2154 2245; x_wconf 76' lang='lat' dir='ltr'><strong>adiert</strong></span> <span class='ocrx_word' id='word_1_454' title='bbox 2172 2196 2480 2258; x_wconf 75' lang='lat' dir='ltr'><strong>Augustinus,</strong></span> <span class='ocrx_word' id='word_1_455' title='bbox 2517 2195 2772 2247; x_wconf 79' lang='lat' dir='ltr'><strong>videndum</strong></span> <span class='ocrx_word' id='word_1_456' title='bbox 2802 2211 2865 2247; x_wconf 78' lang='lat' dir='ltr'><strong>an</strong></span> <span class='ocrx_word' id='word_1_457' title='bbox 2889 2212 3013 2247; x_wconf 82' lang='lat' dir='ltr'><strong>con·</strong></span> 
     </span>
     <span class='ocr_line' id='line_1_64' title="bbox 1877 2264 3010 2332; baseline 0.002 -19"><span class='ocrx_word' id='word_1_458' title='bbox 1877 2264 2067 2313; x_wconf 80' lang='lat' dir='ltr'><strong>veniant</strong></span> <span class='ocrx_word' id='word_1_459' title='bbox 2102 2264 2465 2332; x_wconf 51' lang='lat' dir='ltr'><strong>divinitatifiive</strong></span> <span class='ocrx_word' id='word_1_460' title='bbox 2490 2264 2600 2322; x_wconf 84' lang='lat' dir='ltr'><strong>deo,</strong></span> <span class='ocrx_word' id='word_1_461' title='bbox 2638 2264 2713 2313; x_wconf 84' lang='lat' dir='ltr'><strong>cni</strong></span> <span class='ocrx_word' id='word_1_462' title='bbox 2750 2267 3010 2329; x_wconf 82' lang='lat' dir='ltr'><strong>proprium</strong></span> 
     </span>
     <span class='ocr_line' id='line_1_65' title="bbox 1878 2331 3002 2395; baseline 0.003 -15"><span class='ocrx_word' id='word_1_463' title='bbox 1878 2339 1952 2380; x_wconf 87' lang='lat' dir='ltr'><strong>est</strong></span> <span class='ocrx_word' id='word_1_464' title='bbox 1988 2331 2180 2380; x_wconf 85' lang='lat' dir='ltr'><strong>unicum</strong></span> <span class='ocrx_word' id='word_1_465' title='bbox 2206 2345 2314 2380; x_wconf 80' lang='lat' dir='ltr'><strong>esse</strong></span> <span class='ocrx_word' id='word_1_466' title='bbox 2341 2340 2387 2380; x_wconf 89' lang='lat' dir='ltr'><strong>et</strong></span> <span class='ocrx_word' id='word_1_467' title='bbox 2424 2331 2598 2380; x_wconf 85' lang='lat' dir='ltr'><strong>solum.</strong></span> <span class='ocrx_word' id='word_1_468' title='bbox 2635 2332 2803 2395; x_wconf 84' lang='lat' dir='ltr'><strong>ltaque</strong></span> <span class='ocrx_word' id='word_1_469' title='bbox 2829 2347 2887 2382; x_wconf 82' lang='lat' dir='ltr'><strong>ex</strong></span> <span class='ocrx_word' id='word_1_470' title='bbox 2920 2335 3002 2383; x_wconf 87' lang='lat' dir='ltr'><strong>mi·</strong></span> 
     </span>
     <span class='ocr_line' id='line_1_66' title="bbox 1880 2398 3016 2462; baseline 0.004 -15"><span class='ocrx_word' id='word_1_471' title='bbox 1880 2398 2045 2447; x_wconf 85' lang='lat' dir='ltr'><strong>litibus</strong></span> <span class='ocrx_word' id='word_1_472' title='bbox 2081 2398 2272 2462; x_wconf 83' lang='lat' dir='ltr'><strong>quidem</strong></span> <span class='ocrx_word' id='word_1_473' title='bbox 2324 2399 2566 2460; x_wconf 78' lang='lat' dir='ltr'><strong>eliguntur</strong></span> <span class='ocrx_word' id='word_1_474' title='bbox 2615 2401 2699 2462; x_wconf 78' lang='lat' dir='ltr'><strong>qui</strong></span> <span class='ocrx_word' id='word_1_475' title='bbox 2737 2401 2858 2450; x_wconf 77' lang='lat' dir='ltr'><strong>ssent</strong></span> <span class='ocrx_word' id='word_1_476' title='bbox 2895 2415 3016 2451; x_wconf 88' lang='lat' dir='ltr'><strong>cen·</strong></span> 
     </span>
     <span class='ocr_line' id='line_1_67' title="bbox 1878 2466 3013 2532; baseline 0.003 -17"><span class='ocrx_word' id='word_1_477' title='bbox 1878 2467 2124 2525; x_wconf 83' lang='lat' dir='ltr'><strong>turinnes,</strong></span> <span class='ocrx_word' id='word_1_478' title='bbox 2162 2481 2216 2516; x_wconf 85' lang='lat' dir='ltr'><strong>ex</strong></span> <span class='ocrx_word' id='word_1_479' title='bbox 2255 2466 2478 2516; x_wconf 78' lang='lat' dir='ltr'><strong>fidelibus</strong></span> <span class='ocrx_word' id='word_1_480' title='bbox 2524 2467 2605 2531; x_wconf 87' lang='lat' dir='ltr'><strong>qui</strong></span> <span class='ocrx_word' id='word_1_481' title='bbox 2641 2467 2757 2516; x_wconf 80' lang='lat' dir='ltr'><strong>fiant</strong></span> <span class='ocrx_word' id='word_1_482' title='bbox 2789 2475 3013 2532; x_wconf 72' lang='lat' dir='ltr'><strong>praepo-</strong></span> 
     </span>
     <span class='ocr_line' id='line_1_68' title="bbox 1880 2534 3015 2597; baseline 0.003 -15"><span class='ocrx_word' id='word_1_483' title='bbox 1880 2534 1989 2592; x_wconf 90' lang='lat' dir='ltr'><strong>siti,</strong></span> <span class='ocrx_word' id='word_1_484' title='bbox 2045 2548 2100 2582; x_wconf 82' lang='lat' dir='ltr'><strong>ex</strong></span> <span class='ocrx_word' id='word_1_485' title='bbox 2152 2534 2393 2597; x_wconf 82' lang='lat' dir='ltr'><strong>lapidibus</strong></span> <span class='ocrx_word' id='word_1_486' title='bbox 2441 2535 2522 2597; x_wconf 90' lang='lat' dir='ltr'><strong>qui</strong></span> <span class='ocrx_word' id='word_1_487' title='bbox 2569 2534 2686 2583; x_wconf 76' lang='lat' dir='ltr'><strong>flant</strong></span> <span class='ocrx_word' id='word_1_488' title='bbox 2731 2536 3015 2597; x_wconf 68' lang='lat' dir='ltr'><strong>angulares,</strong></span> 
     </span>
     <span class='ocr_line' id='line_1_69' title="bbox 1882 2601 3016 2666; baseline 0.004 -16"><span class='ocrx_word' id='word_1_489' title='bbox 1882 2615 1974 2651; x_wconf 83' lang='lat' dir='ltr'><strong>nec</strong></span> <span class='ocrx_word' id='word_1_490' title='bbox 2026 2611 2285 2666; x_wconf 86' lang='lat' dir='ltr'><strong>propterea</strong></span> <span class='ocrx_word' id='word_1_491' title='bbox 2341 2609 2500 2651; x_wconf 85' lang='lat' dir='ltr'><strong>tamen</strong></span> <span class='ocrx_word' id='word_1_492' title='bbox 2551 2601 2726 2665; x_wconf 80' lang='lat' dir='ltr'><strong>reliqui</strong></span> <span class='ocrx_word' id='word_1_493' title='bbox 2781 2603 3016 2654; x_wconf 82' lang='lat' dir='ltr'><strong>dicuntur</strong></span> 
     </span>
     <span class='ocr_line' id='line_1_70' title="bbox 1882 2669 3010 2733; baseline 0.003 -15"><span class='ocrx_word' id='word_1_494' title='bbox 1882 2669 2159 2733; x_wconf 75' lang='lat' dir='ltr'><strong>reprobati,</strong></span> <span class='ocrx_word' id='word_1_495' title='bbox 2207 2670 2317 2733; x_wconf 89' lang='lat' dir='ltr'><strong>quia</strong></span> <span class='ocrx_word' id='word_1_496' title='bbox 2356 2684 2529 2733; x_wconf 88' lang='lat' dir='ltr'><strong>nempe</strong></span> <span class='ocrx_word' id='word_1_497' title='bbox 2566 2671 2739 2719; x_wconf 86' lang='lat' dir='ltr'><strong>horum</strong></span> <span class='ocrx_word' id='word_1_498' title='bbox 2789 2673 3010 2721; x_wconf 80' lang='lat' dir='ltr'><strong>omnium</strong></span> 
     </span>
     <span class='ocr_line' id='line_1_71' title="bbox 1882 2736 3018 2801; baseline 0.004 -16"><span class='ocrx_word' id='word_1_499' title='bbox 1882 2736 2136 2801; x_wconf 85' lang='lat' dir='ltr'><strong>disciplina</strong></span> <span class='ocrx_word' id='word_1_500' title='bbox 2190 2745 2297 2796; x_wconf 88' lang='lat' dir='ltr'><strong>est,</strong></span> <span class='ocrx_word' id='word_1_501' title='bbox 2354 2747 2406 2786; x_wconf 90' lang='lat' dir='ltr'><strong>ut</strong></span> <span class='ocrx_word' id='word_1_502' title='bbox 2451 2737 2625 2787; x_wconf 87' lang='lat' dir='ltr'><strong>ordine</strong></span> <span class='ocrx_word' id='word_1_503' title='bbox 2674 2752 2732 2787; x_wconf 85' lang='lat' dir='ltr'><strong>ac</strong></span> <span class='ocrx_word' id='word_1_504' title='bbox 2768 2747 3018 2801; x_wconf 75' lang='lat' dir='ltr'><strong>potestate</strong></span> 
     </span>
     <span class='ocr_line' id='line_1_72' title="bbox 1880 2804 3014 2863; baseline 0.004 -10"><span class='ocrx_word' id='word_1_505' title='bbox 1880 2804 2249 2863; x_wconf 70' lang='lat' dir='ltr'><strong>distinguantur.</strong></span> <span class='ocrx_word' id='word_1_506' title='bbox 2318 2808 2371 2853; x_wconf 76' lang='lat' dir='ltr'><strong>At</strong></span> <span class='ocrx_word' id='word_1_507' title='bbox 2408 2804 2551 2853; x_wconf 87' lang='lat' dir='ltr'><strong>deum</strong></span> <span class='ocrx_word' id='word_1_508' title='bbox 2600 2819 2711 2854; x_wconf 76' lang='lat' dir='ltr'><strong>esse</strong></span> <span class='ocrx_word' id='word_1_509' title='bbox 2747 2820 2846 2856; x_wconf 87' lang='lat' dir='ltr'><strong>uon</strong></span> <span class='ocrx_word' id='word_1_510' title='bbox 2885 2807 3014 2857; x_wconf 75' lang='lat' dir='ltr'><strong>reci-</strong></span> 
     </span>
     <span class='ocr_line' id='line_1_73' title="bbox 1881 2854 3016 2941; baseline 0.004 -21"><span class='ocrx_word' id='word_1_511' title='bbox 1881 2873 1953 2935; x_wconf 85' lang='lat' dir='ltr'><strong>pit</strong></span> <span class='ocrx_word' id='word_1_512' title='bbox 1987 2865 2050 2920; x_wconf 84' lang='grc' dir='ltr'><strong>τὸ</strong></span> <span class='ocrx_word' id='word_1_513' title='bbox 2084 2867 2293 2937; x_wconf 77' lang='grc' dir='ltr'><strong><em>μᾶλλον</em></strong></span> <span class='ocrx_word' id='word_1_514' title='bbox 2324 2865 2417 2919; x_wconf 80' lang='grc' dir='ltr'><strong>καὶ</strong></span> <span class='ocrx_word' id='word_1_515' title='bbox 2451 2865 2514 2920; x_wconf 82' lang='grc' dir='ltr'><strong>τὸ</strong></span> <span class='ocrx_word' id='word_1_516' title='bbox 2553 2854 2734 2941; x_wconf 56' lang='lat' dir='ltr'><strong>nitier.</strong></span> <span class='ocrx_word' id='word_1_517' title='bbox 2790 2872 3016 2935; x_wconf 78' lang='lat' dir='ltr'><strong>(Rigalt.)</strong></span> 
     </span>
     <span class='ocr_line' id='line_1_74' title="bbox 1948 2936 3016 3006; baseline 0.003 -17"><span class='ocrx_word' id='word_1_518' title='bbox 1948 2940 1996 2989; x_wconf 87' lang='lat' dir='ltr'><strong>h.</strong></span> <span class='ocrx_word' id='word_1_519' title='bbox 2034 2940 2241 3003; x_wconf 87' lang='lat' dir='ltr'><strong>improbi</strong></span> <span class='ocrx_word' id='word_1_520' title='bbox 2290 2936 2701 3006; x_wconf 67' lang='lat' dir='ltr'><strong>pronuntiantur]</strong></span> <span class='ocrx_word' id='word_1_521' title='bbox 2774 2942 3016 3003; x_wconf 72' lang='lat' dir='ltr'><strong>Rigattins</strong></span> 
     </span>
     <span class='ocr_line' id='line_1_75' title="bbox 1881 3007 3014 3071; baseline 0.003 -15"><span class='ocrx_word' id='word_1_522' title='bbox 1881 3007 2030 3057; x_wconf 86' lang='lat' dir='ltr'><strong>edidit</strong></span> <span class='ocrx_word' id='word_1_523' title='bbox 2065 3009 2249 3071; x_wconf 79' lang='lat' dir='ltr'><strong>reprobi</strong></span> <span class='ocrx_word' id='word_1_524' title='bbox 2284 3022 2372 3070; x_wconf 92' lang='lat' dir='ltr'><strong>pro</strong></span> <span class='ocrx_word' id='word_1_525' title='bbox 2408 3010 2620 3070; x_wconf 74' lang='lat' dir='ltr'><strong>improbi,</strong></span> <span class='ocrx_word' id='word_1_526' title='bbox 2661 3008 2792 3071; x_wconf 86' lang='lat' dir='ltr'><strong>quod</strong></span> <span class='ocrx_word' id='word_1_527' title='bbox 2831 3023 2890 3059; x_wconf 78' lang='lat' dir='ltr'><strong>ex</strong></span> <span class='ocrx_word' id='word_1_528' title='bbox 2913 3012 3014 3063; x_wconf 78' lang='lat' dir='ltr'><strong>Au-</strong></span> 
     </span>
     <span class='ocr_line' id='line_1_76' title="bbox 1881 3075 3014 3137; baseline 0.004 -14"><span class='ocrx_word' id='word_1_529' title='bbox 1881 3076 2072 3135; x_wconf 79' lang='lat' dir='ltr'><strong>gustino</strong></span> <span class='ocrx_word' id='word_1_530' title='bbox 2108 3076 2289 3137; x_wconf 84' lang='lat' dir='ltr'><strong>recepi.</strong></span> <span class='ocrx_word' id='word_1_531' title='bbox 2326 3075 2452 3124; x_wconf 79' lang='lat' dir='ltr'><strong>illud</strong></span> <span class='ocrx_word' id='word_1_532' title='bbox 2481 3075 2687 3125; x_wconf 78' lang='lat' dir='ltr'><strong>tortasse</strong></span> <span class='ocrx_word' id='word_1_533' title='bbox 2723 3078 2907 3126; x_wconf 80' lang='lat' dir='ltr'><strong>verius.</strong></span> <span class='ocrx_word' id='word_1_534' title='bbox 2946 3079 3014 3127; x_wconf 82' lang='lat' dir='ltr'><strong>De</strong></span> 
     </span>
     <span class='ocr_line' id='line_1_77' title="bbox 1882 3142 3013 3208; baseline 0.001 -17"><span class='ocrx_word' id='word_1_535' title='bbox 1882 3142 2045 3193; x_wconf 79' lang='lat' dir='ltr'><strong>Pudic.</strong></span> <span class='ocrx_word' id='word_1_536' title='bbox 2075 3142 2270 3205; x_wconf 72' lang='lat' dir='ltr'><strong>eap.l9</strong></span> <span class='ocrx_word' id='word_1_537' title='bbox 2305 3144 2543 3205; x_wconf 81' lang='lat' dir='ltr'><strong>„reprobo</strong></span> <span class='ocrx_word' id='word_1_538' title='bbox 2579 3144 2762 3194; x_wconf 81' lang='lat' dir='ltr'><strong>terra.“</strong></span> <span class='ocrx_word' id='word_1_539' title='bbox 2798 3144 3013 3208; x_wconf 80' lang='lat' dir='ltr'><strong>Apolog.</strong></span> 
     </span>
     <span class='ocr_line' id='line_1_78' title="bbox 1881 3208 3016 3276; baseline 0.002 -17"><span class='ocrx_word' id='word_1_540' title='bbox 1881 3223 1986 3274; x_wconf 85' lang='lat' dir='ltr'><strong>cap.</strong></span> <span class='ocrx_word' id='word_1_541' title='bbox 2025 3208 2091 3259; x_wconf 84' lang='lat'><strong>30</strong></span> <span class='ocrx_word' id='word_1_542' title='bbox 2126 3212 2310 3274; x_wconf 79' lang='lat' dir='ltr'><strong>reprobi</strong></span> <span class='ocrx_word' id='word_1_543' title='bbox 2355 3208 2541 3259; x_wconf 82' lang='lat' dir='ltr'><strong>bovis.“</strong></span> <span class='ocrx_word' id='word_1_544' title='bbox 2609 3211 2865 3275; x_wconf 70' lang='lat' dir='ltr'><strong>Scorpiac.</strong></span> <span class='ocrx_word' id='word_1_545' title='bbox 2904 3228 3016 3276; x_wconf 80' lang='lat' dir='ltr'><strong>cap.</strong></span> 
     </span>
     <span class='ocr_line' id='line_1_79' title="bbox 1886 3276 3015 3341; baseline 0.004 -15"><span class='ocrx_word' id='word_1_546' title='bbox 1886 3276 1949 3326; x_wconf 85' lang='lat'><strong>12</strong></span> <span class='ocrx_word' id='word_1_547' title='bbox 1985 3277 2153 3337; x_wconf 85' lang='lat' dir='ltr'><strong>„luter</strong></span> <span class='ocrx_word' id='word_1_548' title='bbox 2200 3290 2370 3327; x_wconf 83' lang='lat' dir='ltr'><strong>omnes</strong></span> <span class='ocrx_word' id='word_1_549' title='bbox 2406 3276 2533 3326; x_wconf 89' lang='lat' dir='ltr'><strong>enim</strong></span> <span class='ocrx_word' id='word_1_550' title='bbox 2581 3278 2850 3341; x_wconf 80' lang='lat' dir='ltr'><strong>reprobos“</strong></span> <span class='ocrx_word' id='word_1_551' title='bbox 2899 3288 3015 3330; x_wconf 82' lang='lat' dir='ltr'><strong>cett.</strong></span> 
     </span>
     <span class='ocr_line' id='line_1_80' title="bbox 1881 3344 3016 3408; baseline 0.003 -13"><span class='ocrx_word' id='word_1_552' title='bbox 1881 3345 1956 3395; x_wconf 87' lang='lat' dir='ltr'><strong>Ct&#39;.</strong></span> <span class='ocrx_word' id='word_1_553' title='bbox 2006 3344 2256 3395; x_wconf 78' lang='lat' dir='ltr'><strong>onomast.</strong></span> <span class='ocrx_word' id='word_1_554' title='bbox 2307 3345 2642 3399; x_wconf 82' lang='lat' dir='ltr'><strong>Graeco-Lat.</strong></span> <span class='ocrx_word' id='word_1_555' title='bbox 2692 3360 2770 3408; x_wconf 79' lang='lat' dir='ltr'><strong>ap.</strong></span> <span class='ocrx_word' id='word_1_556' title='bbox 2808 3347 3016 3398; x_wconf 77' lang='lat' dir='ltr'><strong>Vulcau.</strong></span> 
     </span>
     <span class='ocr_line' id='line_1_81' title="bbox 1881 3401 3017 3479; baseline -0.001 -19"><span class='ocrx_word' id='word_1_557' title='bbox 1881 3427 1927 3476; x_wconf 89' lang='lat' dir='ltr'><strong>p.</strong></span> <span class='ocrx_word' id='word_1_558' title='bbox 1955 3411 2080 3462; x_wconf 86' lang='lat'>130:</span> <span class='ocrx_word' id='word_1_559' title='bbox 2115 3413 2407 3476; x_wconf 53' lang='lat' dir='ltr'><strong>„inprobum</strong></span> <span class='ocrx_word' id='word_1_560' title='bbox 2446 3401 2774 3477; x_wconf 56' lang='lat' dir='ltr'><strong>&amp;donym-‚⁰</strong></span> <span class='ocrx_word' id='word_1_561' title='bbox 2815 3413 3017 3479; x_wconf 64' lang='lat' dir='ltr'><strong>ulpian,</strong></span> 
     </span>
     <span class='ocr_line' id='line_1_82' title="bbox 1882 3478 2961 3544; baseline 0.002 -15"><span class='ocrx_word' id='word_1_562' title='bbox 1882 3480 1985 3543; x_wconf 77' lang='lat' dir='ltr'><strong>Dig.</strong></span> <span class='ocrx_word' id='word_1_563' title='bbox 2024 3479 2146 3540; x_wconf 79' lang='lat' dir='ltr'><strong>xm,</strong></span> <span class='ocrx_word' id='word_1_564' title='bbox 2186 3478 2236 3539; x_wconf 85' lang='lat'><strong>3,</strong></span> <span class='ocrx_word' id='word_1_565' title='bbox 2273 3478 2339 3530; x_wconf 83' lang='lat'><strong>24</strong></span> <span class='ocrx_word' id='word_1_566' title='bbox 2371 3482 2632 3544; x_wconf 81' lang='lat' dir='ltr'><strong>„reprobos</strong></span> <span class='ocrx_word' id='word_1_567' title='bbox 2670 3483 2961 3531; x_wconf 86' lang='lat' dir='ltr'><strong>nummos.“</strong></span> 
     </span>
     <span class='ocr_line' id='line_1_83' title="bbox 1950 3545 3016 3611; baseline 0.003 -15"><span class='ocrx_word' id='word_1_568' title='bbox 1950 3548 1979 3596; x_wconf 92' lang='lat' dir='ltr'><strong>i.</strong></span> <span class='ocrx_word' id='word_1_569' title='bbox 2018 3560 2300 3597; x_wconf 87' lang='lat' dir='ltr'><strong>communes</strong></span> <span class='ocrx_word' id='word_1_570' title='bbox 2336 3555 2384 3596; x_wconf 85' lang='lat' dir='ltr'><strong>et</strong></span> <span class='ocrx_word' id='word_1_571' title='bbox 2418 3545 2669 3611; x_wconf 83' lang='lat' dir='ltr'><strong>proprios]</strong></span> <span class='ocrx_word' id='word_1_572' title='bbox 2727 3548 2852 3598; x_wconf 79' lang='lat' dir='ltr'><strong>Cum</strong></span> <span class='ocrx_word' id='word_1_573' title='bbox 2893 3550 3016 3600; x_wconf 77' lang='lat' dir='ltr'><strong>Var-</strong></span> 
     </span>
     <span class='ocr_line' id='line_1_84' title="bbox 1880 3613 3014 3677; baseline 0.002 -12"><span class='ocrx_word' id='word_1_574' title='bbox 1880 3629 2016 3665; x_wconf 91' lang='lat' dir='ltr'><strong>rone.</strong></span> <span class='ocrx_word' id='word_1_575' title='bbox 2063 3614 2194 3664; x_wconf 86' lang='lat' dir='ltr'><strong>Serv.</strong></span> <span class='ocrx_word' id='word_1_576' title='bbox 2243 3613 2305 3664; x_wconf 85' lang='lat' dir='ltr'><strong>ad</strong></span> <span class='ocrx_word' id='word_1_577' title='bbox 2351 3615 2525 3676; x_wconf 77' lang='lat' dir='ltr'><strong>Vergil.</strong></span> <span class='ocrx_word' id='word_1_578' title='bbox 2571 3620 2686 3664; x_wconf 75' lang='lat' dir='ltr'><strong>Aen.</strong></span> <span class='ocrx_word' id='word_1_579' title='bbox 2722 3615 2858 3677; x_wconf 76' lang='lat' dir='ltr'><strong>vill,</strong></span> <span class='ocrx_word' id='word_1_580' title='bbox 2911 3617 3014 3667; x_wconf 80' lang='lat'><strong>275</strong></span> 
     </span>
     <span class='ocr_line' id='line_1_85' title="bbox 1881 3682 3017 3759; baseline 0.005 -30"><span class='ocrx_word' id='word_1_581' title='bbox 1881 3683 2064 3743; x_wconf 85' lang='lat' dir='ltr'><strong>„Varro</strong></span> <span class='ocrx_word' id='word_1_582' title='bbox 2093 3682 2207 3731; x_wconf 87' lang='lat' dir='ltr'><strong>dicit</strong></span> <span class='ocrx_word' id='word_1_583' title='bbox 2225 3682 2344 3731; x_wconf 87' lang='lat' dir='ltr'><strong>deos</strong></span> <span class='ocrx_word' id='word_1_584' title='bbox 2364 3682 2489 3735; x_wconf 87' lang='lat' dir='ltr'><strong>alios</strong></span> <span class='ocrx_word' id='word_1_585' title='bbox 2507 3697 2616 3733; x_wconf 87' lang='lat' dir='ltr'><strong>esse</strong></span> <span class='ocrx_word' id='word_1_586' title='bbox 2651 3683 2733 3759; x_wconf 78' lang='lat' dir='ltr'><strong>qui</strong></span> <span class='ocrx_word' id='word_1_587' title='bbox 2769 3683 2830 3732; x_wconf 85' lang='lat' dir='ltr'><strong>ab</strong></span> <span class='ocrx_word' id='word_1_588' title='bbox 2872 3685 3017 3735; x_wconf 83' lang='lat' dir='ltr'><strong>initio</strong></span> 
     </span>
     <span class='ocr_line' id='line_1_86' title="bbox 1881 3748 3017 3813; baseline 0.003 -14"><span class='ocrx_word' id='word_1_589' title='bbox 1881 3751 1998 3799; x_wconf 86' lang='lat' dir='ltr'><strong>certi</strong></span> <span class='ocrx_word' id='word_1_590' title='bbox 2031 3757 2081 3803; x_wconf 73' lang='lat' dir='ltr'><strong>nt</strong></span> <span class='ocrx_word' id='word_1_591' title='bbox 2116 3748 2400 3813; x_wconf 83' lang='lat' dir='ltr'><strong>sempiterni</strong></span> <span class='ocrx_word' id='word_1_592' title='bbox 2436 3758 2565 3809; x_wconf 80' lang='lat' dir='ltr'><strong>sunt,</strong></span> <span class='ocrx_word' id='word_1_593' title='bbox 2591 3749 2737 3799; x_wconf 71' lang='lat' dir='ltr'><strong>,alios</strong></span> <span class='ocrx_word' id='word_1_594' title='bbox 2791 3753 2879 3813; x_wconf 86' lang='lat' dir='ltr'><strong>qui</strong></span> <span class='ocrx_word' id='word_1_595' title='bbox 2918 3755 3017 3802; x_wconf 77' lang='lat' dir='ltr'><strong>im-</strong></span> 
     </span>
     <span class='ocr_line' id='line_1_87' title="bbox 1882 3817 3018 3870; baseline 0.004 -4"><span class='ocrx_word' id='word_1_596' title='bbox 1882 3817 2112 3867; x_wconf 79' lang='lat' dir='ltr'><strong>mortales</strong></span> <span class='ocrx_word' id='word_1_597' title='bbox 2135 3831 2192 3866; x_wconf 84' lang='lat' dir='ltr'><strong>ex</strong></span> <span class='ocrx_word' id='word_1_598' title='bbox 2223 3817 2500 3867; x_wconf 69' lang='lat' dir='ltr'><strong>bominibus</strong></span> <span class='ocrx_word' id='word_1_599' title='bbox 2536 3817 2648 3867; x_wconf 75' lang='lat' dir='ltr'><strong>facti</strong></span> <span class='ocrx_word' id='word_1_600' title='bbox 2683 3825 2917 3869; x_wconf 67' lang='lat' dir='ltr'><strong>sunu-et</strong></span> <span class='ocrx_word' id='word_1_601' title='bbox 2951 3820 3018 3870; x_wconf 87' lang='lat' dir='ltr'><strong>de</strong></span> 
     </span>
     <span class='ocr_line' id='line_1_88' title="bbox 1880 3884 3016 3949; baseline 0.003 -15"><span class='ocrx_word' id='word_1_602' title='bbox 1880 3885 1957 3935; x_wconf 82' lang='lat' dir='ltr'><strong>his</strong></span> <span class='ocrx_word' id='word_1_603' title='bbox 1992 3884 2111 3949; x_wconf 87' lang='lat' dir='ltr'><strong>ipsis</strong></span> <span class='ocrx_word' id='word_1_604' title='bbox 2147 3884 2271 3934; x_wconf 87' lang='lat' dir='ltr'><strong>alios</strong></span> <span class='ocrx_word' id='word_1_605' title='bbox 2307 3899 2416 3933; x_wconf 81' lang='lat' dir='ltr'><strong>esse</strong></span> <span class='ocrx_word' id='word_1_606' title='bbox 2442 3885 2669 3949; x_wconf 81' lang='lat' dir='ltr'><strong>privatos,</strong></span> <span class='ocrx_word' id='word_1_607' title='bbox 2705 3884 2830 3934; x_wconf 86' lang='lat' dir='ltr'><strong>alios</strong></span> <span class='ocrx_word' id='word_1_608' title='bbox 2869 3902 3016 3937; x_wconf 86' lang='lat' dir='ltr'><strong>com-</strong></span> 
     </span>
     <span class='ocr_line' id='line_1_89' title="bbox 1881 3951 3014 4017; baseline 0.004 -16"><span class='ocrx_word' id='word_1_609' title='bbox 1881 3965 2087 4002; x_wconf 84' lang='lat' dir='ltr'><strong>munes:</strong></span> <span class='ocrx_word' id='word_1_610' title='bbox 2124 3951 2350 4015; x_wconf 79' lang='lat' dir='ltr'><strong>privatos,</strong></span> <span class='ocrx_word' id='word_1_611' title='bbox 2390 3967 2514 4015; x_wconf 88' lang='lat' dir='ltr'><strong>quos</strong></span> <span class='ocrx_word' id='word_1_612' title='bbox 2534 3966 2852 4016; x_wconf 80' lang='lat' dir='ltr'><strong>unaquaeque</strong></span> <span class='ocrx_word' id='word_1_613' title='bbox 2889 3969 3014 4017; x_wconf 76' lang='lat' dir='ltr'><strong>gens</strong></span> 
     </span>
     <span class='ocr_line' id='line_1_90' title="bbox 1881 4019 3014 4097; baseline 0.004 -29"><span class='ocrx_word' id='word_1_614' title='bbox 1881 4020 2013 4078; x_wconf 84' lang='lat' dir='ltr'><strong>colit,</strong></span> <span class='ocrx_word' id='word_1_615' title='bbox 2050 4026 2102 4070; x_wconf 89' lang='lat' dir='ltr'><strong>ut</strong></span> <span class='ocrx_word' id='word_1_616' title='bbox 2133 4032 2225 4069; x_wconf 84' lang='lat' dir='ltr'><strong>nus</strong></span> <span class='ocrx_word' id='word_1_617' title='bbox 2262 4019 2494 4079; x_wconf 74' lang='lat' dir='ltr'><strong>Faunum,</strong></span> <span class='ocrx_word' id='word_1_618' title='bbox 2532 4020 3014 4097; x_wconf 44' lang='lat' dir='ltr'><strong>Thebauissampbia-</strong></span> 
     </span>
     <span class='ocr_line' id='line_1_91' title="bbox 1879 4087 3014 4150; baseline 0.004 -13"><span class='ocrx_word' id='word_1_619' title='bbox 1879 4100 2046 4146; x_wconf 84' lang='lat' dir='ltr'><strong>raum,</strong></span> <span class='ocrx_word' id='word_1_620' title='bbox 2082 4087 2450 4136; x_wconf 82' lang='lat' dir='ltr'><strong>Lacedaemonii</strong></span> <span class='ocrx_word' id='word_1_621' title='bbox 2487 4087 2817 4150; x_wconf 79' lang='lat' dir='ltr'><strong>Tyndareum:</strong></span> <span class='ocrx_word' id='word_1_622' title='bbox 2870 4104 3014 4140; x_wconf 75' lang='lat' dir='ltr'><strong>com·</strong></span> 
     </span>
     <span class='ocr_line' id='line_1_92' title="bbox 1881 4154 3013 4218; baseline 0.003 -14"><span class='ocrx_word' id='word_1_623' title='bbox 1881 4168 2082 4215; x_wconf 84' lang='lat' dir='ltr'><strong>munes,</strong></span> <span class='ocrx_word' id='word_1_624' title='bbox 2138 4166 2261 4218; x_wconf 86' lang='lat' dir='ltr'><strong>qnos</strong></span> <span class='ocrx_word' id='word_1_625' title='bbox 2315 4154 2552 4215; x_wconf 79' lang='lat' dir='ltr'><strong>universi,</strong></span> <span class='ocrx_word' id='word_1_626' title='bbox 2628 4162 2680 4204; x_wconf 86' lang='lat' dir='ltr'><strong>ut</strong></span> <span class='ocrx_word' id='word_1_627' title='bbox 2731 4155 3013 4218; x_wconf 74' lang='lat' dir='ltr'><strong>castorem,</strong></span> 
     </span>
     <span class='ocr_line' id='line_1_93' title="bbox 1882 4217 3016 4282; baseline 0.003 -11"><span class='ocrx_word' id='word_1_628' title='bbox 1882 4222 2146 4282; x_wconf 85' lang='lat' dir='ltr'><strong>Pollucem,</strong></span> <span class='ocrx_word' id='word_1_629' title='bbox 2167 4217 2412 4280; x_wconf 83' lang='lat' dir='ltr'><strong>Liberum,</strong></span> <span class='ocrx_word' id='word_1_630' title='bbox 2433 4221 2742 4272; x_wconf 81' lang='lat' dir='ltr'><strong>Herculem.“</strong></span> <span class='ocrx_word' id='word_1_631' title='bbox 2779 4223 2856 4274; x_wconf 73' lang='lat' dir='ltr'><strong>Cf.</strong></span> <span class='ocrx_word' id='word_1_632' title='bbox 2881 4225 3016 4274; x_wconf 67' lang='lat' dir='ltr'><strong>fler-</strong></span> 
     </span>
     <span class='ocr_line' id='line_1_94' title="bbox 1879 4289 3016 4359; baseline 0 -20"><span class='ocrx_word' id='word_1_633' title='bbox 1879 4289 1956 4340; x_wconf 83' lang='lat' dir='ltr'><strong>kel</strong></span> <span class='ocrx_word' id='word_1_634' title='bbox 1994 4290 2215 4352; x_wconf 72' lang='lat' dir='ltr'><strong>Prolegg.</strong></span> <span class='ocrx_word' id='word_1_635' title='bbox 2261 4291 2309 4340; x_wconf 93' lang='lat' dir='ltr'><strong>in</strong></span> <span class='ocrx_word' id='word_1_636' title='bbox 2357 4289 2526 4355; x_wconf 46' lang='lat' dir='ltr'><strong>Ovidii,</strong></span> <span class='ocrx_word' id='word_1_637' title='bbox 2559 4290 2689 4340; x_wconf 69' lang='lat' dir='ltr'><strong>rest.</strong></span> <span class='ocrx_word' id='word_1_638' title='bbox 2721 4305 2775 4359; x_wconf 77' lang='lat' dir='ltr'><strong>p.</strong></span> <span class='ocrx_word' id='word_1_639' title='bbox 2811 4291 3016 4342; x_wconf 64' lang='lat' dir='ltr'>CXXXV</span> 
     </span>
     <span class='ocr_line' id='line_1_95' title="bbox 1879 4357 2288 4422; baseline -0.002 -16"><span class='ocrx_word' id='word_1_640' title='bbox 1879 4367 1926 4407; x_wconf 89' lang='lat' dir='ltr'><strong>et</strong></span> <span class='ocrx_word' id='word_1_641' title='bbox 1962 4372 2011 4421; x_wconf 91' lang='lat' dir='ltr'><strong>p.</strong></span> <span class='ocrx_word' id='word_1_642' title='bbox 2047 4357 2199 4408; x_wconf 74' lang='lat' dir='ltr'>CXCV</span> <span class='ocrx_word' id='word_1_643' title='bbox 2213 4371 2288 4422; x_wconf 86' lang='lat' dir='ltr'><strong>sq.</strong></span> 
     </span>
     <span class='ocr_line' id='line_1_96' title="bbox 1947 4425 2214 4477; baseline -0.007 -2"><span class='ocrx_word' id='word_1_644' title='bbox 1947 4426 1993 4475; x_wconf 84' lang='lat' dir='ltr'><strong>k.</strong></span> <span class='ocrx_word' id='word_1_645' title='bbox 2029 4425 2214 4477; x_wconf 79' lang='lat' dir='ltr'><strong>Garnae</strong></span> 
     </span>
     <span class='ocr_line' id='line_1_97' title="bbox 1878 4492 2268 4552; baseline -0.005 -9"><span class='ocrx_word' id='word_1_646' title='bbox 1878 4492 2072 4543; x_wconf 85' lang='lat' dir='ltr'><strong>Saturn.</strong></span> <span class='ocrx_word' id='word_1_647' title='bbox 2110 4492 2146 4552; x_wconf 91' lang='lat'><strong>1,</strong></span> <span class='ocrx_word' id='word_1_648' title='bbox 2189 4492 2211 4543; x_wconf 85' lang='lat'>1</span> <span class='ocrx_word' id='word_1_649' title='bbox 2255 4528 2268 4541; x_wconf 92' lang='lat'><strong>.</strong></span> 
     </span>
     <span class='ocr_line' id='line_1_98' title="bbox 1879 4559 2317 4622; baseline -0.002 -12"><span class='ocrx_word' id='word_1_650' title='bbox 1879 4572 1984 4610; x_wconf 86' lang='lat' dir='ltr'><strong>mer</strong></span> <span class='ocrx_word' id='word_1_651' title='bbox 2019 4560 2080 4619; x_wconf 79' lang='grc' dir='ltr'><strong>ΙΙ,</strong></span> <span class='ocrx_word' id='word_1_652' title='bbox 2116 4574 2164 4622; x_wconf 86' lang='lat' dir='ltr'><strong>p.</strong></span> <span class='ocrx_word' id='word_1_653' title='bbox 2207 4559 2317 4609; x_wconf 83' lang='lat'><strong>128.</strong></span> 
     </span>
     <span class='ocr_line' id='line_1_99' title="bbox 1944 4626 3012 4686; baseline -0.001 -8"><span class='ocrx_word' id='word_1_654' title='bbox 1944 4629 1979 4678; x_wconf 80' lang='lat' dir='ltr'><strong>l.</strong></span> <span class='ocrx_word' id='word_1_655' title='bbox 2025 4627 2400 4679; x_wconf 81' lang='lat' dir='ltr'><strong>adventiciorum</strong></span> <span class='ocrx_word' id='word_1_656' title='bbox 2455 4627 2515 4677; x_wconf 84' lang='lat' dir='ltr'><strong>ed</strong></span> <span class='ocrx_word' id='word_1_657' title='bbox 2572 4626 2738 4679; x_wconf 74' lang='lat' dir='ltr'><strong>fanum</strong></span> <span class='ocrx_word' id='word_1_658' title='bbox 2794 4627 3012 4686; x_wconf 68' lang='lat' dir='ltr'><strong>Garnae,</strong></span> 
     </span>
    </p>
   </div>
   <div class='ocr_carea' id='block_1_10' title="bbox 2307 4423 3012 4555">
    <p class='ocr_par' dir='ltr' id='par_1_10' title="bbox 2307 4423 3012 4555">
     <span class='ocr_line' id='line_1_100' title="bbox 2307 4423 3008 4477; baseline -0.003 0"><span class='ocrx_word' id='word_1_659' title='bbox 2307 4424 2377 4477; x_wconf 80' lang='lat' dir='ltr'><strong>De</strong></span> <span class='ocrx_word' id='word_1_660' title='bbox 2425 4423 2515 4473; x_wconf 84' lang='lat' dir='ltr'><strong>hac</strong></span> <span class='ocrx_word' id='word_1_661' title='bbox 2563 4424 2653 4474; x_wconf 80' lang='lat' dir='ltr'><strong>dea</strong></span> <span class='ocrx_word' id='word_1_662' title='bbox 2700 4441 2740 4475; x_wconf 79' lang='lat' dir='ltr'><strong>v.</strong></span> <span class='ocrx_word' id='word_1_663' title='bbox 2791 4425 3008 4476; x_wconf 60' lang='lat' dir='ltr'><strong>Macron.</strong></span> 
     </span>
     <span class='ocr_line' id='line_1_101' title="bbox 2335 4491 3012 4555; baseline -0.001 -10"><span class='ocrx_word' id='word_1_664' title='bbox 2335 4492 2552 4555; x_wconf 67' lang='lat' dir='ltr'><strong>flartuug</strong></span> <span class='ocrx_word' id='word_1_665' title='bbox 2587 4491 2739 4554; x_wconf 65' lang='grc' dir='ltr'><em>Βοῦς.</em></span> <span class='ocrx_word' id='word_1_666' title='bbox 2777 4493 2867 4543; x_wconf 76' lang='lat' dir='ltr'><strong>der</strong></span> <span class='ocrx_word' id='word_1_667' title='bbox 2900 4494 3012 4544; x_wconf 72' lang='lat' dir='ltr'><strong>Ro-</strong></span> 
     </span>
    </p>
   </div>
  </div>
 </body>
</html>
