3263 5311
727 383 821 446 82
1246 395 1447 446 QUINTI
1492 393 1754 437 ser-nnn
1797 389 2124 436 reensi-ms
2168 390 2562 434 ‘rsnruuumi

701 555 907 610 ‘tatem
948 544 1388 611 ”litteratoriae
1442 541 1828 615 eruditionis,
1871 538 2261 620 respiciamus
2303 555 2376 600 ex
2427 545 2597 618 parte
2656 556 2786 600 eam
2842 538 3067 602 admitti

726 665 851 709 non
903 665 1115 725 posse,
1180 661 1252 706 ex
1316 652 1484 722 parte
1540 641 1730 703 vitari.
1815 640 2050 702 Fideles
2107 639 2295 719 magis
2360 638 2593 701 discere
2635 657 2809 718 quam
2854 639 3069 707 docere

724 747 950 810 litteras
995 746 1239 826 capit¹¹²;
1281 744 1516 805 diversa
1559 751 1652 804 est
1694 740 1851 803 enim
1895 739 2044 803 ratio
2086 738 2352 802 discendi
2396 748 2457 801 et
2500 739 2769 802 docendi.
2856 739 2919 801 Si
2947 741 3066 801 ’Ὶί-

729 847 875 908 delis
916 847 1142 908 litteras
1183 845 1422 919 doceat,
1476 840 1793 904 ”insci-tas
1849 842 2144 904 idolorum
2184 838 2718 920 ”praedicationes
2775 841 2910 902 siue
2951 841 3072 902 du·-

727 947 849 1021 bio,
892 946 1032 1007 dum
1075 945 1268 1017 docet,
1312 944 1706 1019 commendat,
1751 944 1890 1005 dum
1933 941 2143 1017 tradit,
2187 942 2468 1017 affirmat,
2515 942 2656 1002 dum
2698 928 3032 1003 commemo
3061 962 3094 979 ⁶

427 1056 840 1123 smmxxmsat,
884 1044 1288 1108 testimonium
1332 1046 1490 1107 dicit.
1560 1046 1719 1106 Deos
1760 1045 1929 1123 ipsos
1970 1044 2089 1105 hoc
2129 1043 2371 1105 nomine
2414 1043 2689 1122 obsignat
2704 1055 2753 1115 ¹,
2799 1060 2933 1103 cum
2972 1042 3072 1104 lex

498 1144 573 1184 ¹³·
654 1184 665 1201 .
724 1146 1063 1227 prohibeat,
1139 1155 1204 1207 ut
1257 1147 1545 1220 diximus,
1583 1185 1586 1189 .
1618 1146 1766 1207 deos
1821 1143 2194 1225 pronuntiari
2250 1151 2311 1205 et
2366 1161 2586 1231 nomen
2645 1143 2763 1204 hoc
2815 1143 2876 1204 in
2914 1161 3070 1204 vano

724 1246 1096 1309 mconlocari.
1181 1246 1335 1328 Hinc
1374 1248 1566 1327 prima
1606 1246 1843 1307 diabolo
1886 1245 2033 1306 fides
2098 1244 2472 1306 aedificatur⁰
2514 1244 2588 1306 ab
2631 1243 2817 1305 initiis
2861 1244 3070 1305 erudi-

723 1347 926 1409 tionis.
1017 1346 1282 1421 Quaere,
1328 1366 1402 1408 an
1447 1347 1840 1408 idololatriam
1882 1346 2210 1407 committat
2251 1344 2350 1424 qui
2396 1344 2470 1406 de
2511 1343 2688 1406 idolis
2733 1344 3070 1423 catechizat.

721 1449 796 1509 At
837 1465 970 1508 cum
1014 1447 1203 1509 fidelis
1245 1447 1393 1509 haec
1433 1447 1630 1521 discit,
1702 1448 1758 1509 si
1799 1448 1917 1509 iam
1959 1446 2113 1524 sapit
2151 1445 2346 1525 ”quid
2388 1445 2533 1519 situ»,
2596 1463 2788 1523 neque
2858 1444 3075 1524 recipit

725 1566 917 1627 neque
961 1547 1234 1621 admittit,
1300 1548 1485 1609 multo
1549 1534 1884 1626 magisff-si'
1924 1546 2245 1609 ”nondum
2298 1545 2470 1625 sapit.
2555 1547 2671 1606 Aut
2725 1545 2826 1606 ubi
2866 1544 3071 1607 ”coe-

721 1647 876 1726 perit
914 1648 1237 1726 ”saperez
1278 1648 1502 1727 ²⁹prius
1546 1649 1739 1728 sapiat
1780 1656 2018 1727 oportet
2058 1648 2217 1727 quod
2273 1646 2443 1727 prius
2487 1645 2706 1720 didicit,
2751 1646 2811 1707 id
2856 1654 2950 1707 est
2994 1645 3073 1708 de

724 1748 837 1809 deo
884 1757 943 1809 et
984 1748 1118 1809 fide.
1205 1730 1463 1810 Proinde
1504 1749 1603 1811 illa
1645 1757 1884 1829 respuet
1926 1766 2038 1810 nec
2077 1748 2349 1827 recipiet,
2417 1754 2477 1809 et
2539 1747 2653 1808 erit
2703 1755 2822 1807 tam
2879 1754 3069 1819 tutuS,

725 1866 900 1931 quam
965 1848 1066 1927 qui
1132 1848 1326 1911 sciens
1382 1868 1676 1912 venenum
1730 1850 1804 1911 ab
1855 1850 2060 1929 ignaro
2104 1848 2315 1934 accipit
2357 1866 2467 1909 nec
2506 1846 2677 1908 bibit.
2762 1846 2912 1908 Huic
2952 1866 3069 1909 ne-

725 1948 968 2010 cessitas
1013 1947 1087 2009 ad
1131 1950 1566 2012 excusationem
1611 1952 1952 2031 deputatur,
2018 1948 2365 2028 quia.aliter
2407 1949 2637 2010 discere
2679 1966 2801 2008 non
2843 1954 3070 2026 potest.

726 2048 917 2110 Tanto
974 2056 1170 2110 autem
1224 2050 1450 2112 facilius
1505 2058 1598 2112 est
1647 2051 1874 2113 litteras
1928 2039 2052 2112 noii
2116 2050 2329 2111 docere
2381 2068 2556 2128 quam
2627 2067 2750 2109 non
2813 2048 3069 2120 discere,

724 2138 942 2229 quanto
987 2156 1047 2209 et
1085 2149 1311 2227 reliqua
1356 2150 1691 2214 scholarum
1736 2152 1809 2212 de
1851 2150 2099 2231 publicis
2143 2149 2267 2211 ”ac
2290 2150 2549 2232 propriis
2578 2148 3071 2210 sollemnitatibus

694 2248 1163 2336 ·inquinamenta
1204 2249 1429 2311 facilius
1495 2250 1816 2331 discipulus
1879 2251 2067 2313 tidelis
2121 2269 2246 2312 non
2301 2249 2485 2313 adibit
2544 2268 2718 2330 quam
2786 2249 3074 2329 magister

722 2366 843 2409 non
887 2349 1325 2427 [requentabit‘.

490 2466 594 2520 cap.
632 2463 704 2506 xi.
890 2448 1007 2509 ¹De
1051 2448 1565 2528 generationibus·
1605 2449 1699 2513 ²si
1743 2459 1935 2513 cetera
1979 2449 2327 2513 delictorum
2368 2448 2795 2530 recogitemus,
2868 2447 3067 2529 inpri-

673 2628 680 2635 ·
722 2599 806 2650 20.
843 2599 1156 2650 litteratoriae
1188 2601 1276 2651 ΑΒ.
1428 2601 1509 2652 21.
1547 2602 1738 2651 Fideles
1783 2602 1967 2655 litteras
2001 2603 2054 2653 Β.
2205 2601 2285 2653 22.
2323 2601 2530 2652 insertas
2569 2602 2672 2652 Cab.
2710 2602 2967 2652 Salmasius
3020 2606 3069 2651 iii

725 2668 873 2718 Solia.
906 2684 953 2732 p.
990 2667 1106 2718 789.
1176 2668 1357 2720 inserta
1391 2671 1519 2720 Fulv.
1542 2671 1750 2720 Ursinus.
1822 2671 2020 2721 insertas
2054 2671 2128 2722 Fr.
2149 2671 2326 2720 Iunius.
2397 2670 2703 2720 incertasAB.
2800 2668 2878 2718 23.
2917 2685 3066 2732 prae·

723 2735 989 2784 dicationes
1020 2736 1136 2786 ABb.
1218 2737 1574 2800 praedicatione
1613 2738 1688 2787 Ca.
1723 2739 1852 2788 Fulv.
1883 2740 2098 2799 Ursinus,
2139 2740 2413 2798 Salmasius,
2451 2737 2527 2787 Fr.
2563 2739 2741 2787 Iustius.
2811 2738 3065 2800 praedica-

723 2802 870 2852 tionis
904 2802 995 2853 los.
1032 2803 1254 2866 Scatiyer.
1391 2803 1473 2854 24.
1509 2805 1753 2855 conlocari
1787 2802 1886 2868 Αβ.
1997 2805 2077 2857 25.
2114 2806 2229 2870 quid
2265 2807 2329 2855 sit
2362 2820 2461 2868 eya.
2532 2806 2612 2869 qui
2648 2806 2712 2855 sit
2745 2806 2855 2866 litai
2888 2820 3065 2855 amnes.

723 2866 802 2918 26.
842 2869 1056 2919 nondum
1088 2870 1242 2921 ABCa.
1323 2869 1503 2921 dudum
1538 2873 1584 2922 b.
1721 2872 1803 2922 27.
1840 2874 2022 2937 ceperit
2054 2875 2099 2923 b.
2237 2870 2318 2922 28.
2368 2886 2542 2937 capere
2574 2874 2662 2922 AB.
2811 2871 2893 2921 29.
2926 2874 3066 2934 prius

722 2936 850 3015 sapit
883 2936 1012 3000 quod
1048 2938 1142 3016 los,
1173 2938 1397 3001 Scaliger.
1463 3007 1491 3018 ..
1518 2937 1597 2988 30.
1635 2954 1692 2990 ac
1725 2941 1938 3005 propriis
1973 2943 2016 2991 b.
2051 2941 2181 2991 Fulu.
2221 2940 2430 2990 Ursinus.
2543 2949 2590 2989 et
2623 2940 2837 3003 propriis
2871 2940 2948 2989 Fr.
2986 2941 3066 2989 Iu—

722 3018 849 3065 'ms'
861 3004 981 3134 01:³¹³:
1012 3004 1742 3134 {aalaylennepssiepggtffiffis
1774 3074 1896 3125 ABG.
1932 3075 2008 3124 Fr.
2027 3053 2206 3132 Iunius,
2240 3074 2333 3125 los.
2363 3075 2584 3142 Scaliger.
2652 3072 3065 3134 Degenerabimus

722 3154 769 3187 a.
822 3135 891 3186 De
926 3137 1222 3199 gravioribus
1256 3138 1483 3189 Latinius.
1555 3140 1621 3188 De
1660 3142 2062 3203 negotiationibus
2099 3144 2141 3192 b.
2178 3141 2585 3191 Datamen-aldus
2620 3143 2681 3190 ad
2706 3143 2874 3192 Arma.
2908 3157 2956 3205 p.
2977 3141 3063 3190 97.

723 3204 796 3253 ed.
828 3202 912 3252 LB.

1018 3201 1086 3250 De
1122 3205 1443 3264 negotiatione
1478 3219 1589 3254 vero
1624 3208 1756 3257 Fulv.
1795 3209 2003 3269 Ursinus,
2046 3210 2180 3273 prob.
2224 3209 2380 3259 Desid.
2414 3209 2637 3259 Heraldo.
2738 3207 2786 3257 2.

2820 3209 2862 3257 si
2899 3217 3064 3259 cetera

718 3268 871 3321 ABGa.
911 3269 1039 3318 Fulv.
1076 3269 1285 3331 Ursinus,
1321 3271 1400 3321 Fr.
1434 3274 1611 3332 Iunius,
1651 3274 1809 3326 Desid.
1841 3276 2090 3326 Heraldus.
2160 3283 2318 3326 cetera
2354 3278 2396 3326 b.
2432 3277 2523 3326 Ios.
2560 3277 2780 3338 Scaliqer.

724 3376 1682 3521 tutin'admgtiqffifgffizialz‘rsexu:wezzi.
1696 3389 1849 3508 mano·

723 3584 760 3632 N
793 3531 838 3565 n.
877 3512 1122 3632 zilisignat]
1159 3518 1351 3580 Firmat,
1406 3527 1622 3572 testatur.
1672 3525 1744 3573 Cf.
1779 3526 1849 3576 Ad

767 3590 849 3633 au.
938 3620 952 3642 ,
1023 3618 1038 3632 .

791 3665 839 3700 ο.
876 3650 996 3700 fides
1032 3648 1331 3716 aedificatur]
1368 3654 1438 3704 cf.
1471 3670 1593 3720 quae
1628 3658 1848 3710 adnotavi

723 3719 783 3768 ad
816 3718 886 3767 Ad
924 3718 1149 3781 martyras
1186 3735 1289 3783 cap.
1327 3720 1374 3769 3.

789 3800 839 3853 ρ.
887 3786 999 3849 quid
1036 3783 1121 3848 sit]
1180 3786 1246 3835 lta
1284 3789 1478 3838 omnino
1514 3793 1846 3854 reponendum

722 3859 824 3901 erat
870 3867 959 3915 pro
1008 3855 1089 3916 qui
1136 3856 1215 3912 sit,
1263 3855 1389 3918 quod
1443 3858 1549 3906 libri
1599 3860 1765 3923 scripti
1803 3869 1850 3909 et

721 3919 837 3968 editi
872 3920 1063 3968 habent.
1132 3921 1436 3982 Significatur
1475 3925 1766 3976 idololatria.

788 4000 837 4047 q.
887 3986 1035 4034 multo
1072 3985 1246 4049 magis]
1294 3991 1397 4038 scil.
1436 4006 1530 4040 uon
1568 3994 1739 4056 recipit
1774 4003 1847 4043 at·-

721 4066 815 4113 que
849 4052 1051 4101 admittit
1088 4054 1426 4105 idololatriam.

751 4133 827 4175 ,r-
863 4118 953 4167 Aut
988 4119 1067 4168 ubi
1106 4123 1319 4184 coeperit
1353 4119 1550 4189 sapere]
1597 4122 1733 4176 Aliud
1771 4135 1845 4177 est

720 4184 780 4260 de
816 4184 957 4262 idolis
993 4186 1184 4246 docere,
1221 4190 1351 4240 alind
1388 4194 1447 4239 de
1475 4192 1618 4241 idolis
1637 4193 1842 4245 discere.

717 4249 990 4327 Discipulos
1052 4254 1381 4315 Christianus,
1447 4260 1487 4308 si
1548 4262 1641 4310 iam
1700 4263 1842 4326 sapit,

718 4318 832 4380 quid
868 4318 931 4367 sit
965 4320 1143 4368 idolum
1183 4331 1229 4371 et
1262 4325 1552 4385 idololatria,
1590 4343 1687 4378 uon
1717 4331 1841 4379 reci-

713 4386 817 4448 piet
852 4400 1005 4448 neque
1043 4387 1273 4449 admittet,
1312 4392 1558 4456 multoque
1594 4396 1764 4457 magis»,
1800 4397 1841 4446 si

715 4451 927 4501 nondum
964 4455 1115 4516 sapit,
1175 4472 1281 4505 cum
1319 4473 1373 4506 ea
1410 4461 1717 4511 solummodo
1753 4464 1841 4512 sd-

716 4519 905 4569 mittere
953 4521 1195 4572 soleamus
1257 4540 1379 4587 quae
1438 4528 1673 4577 novimus.
1744 4530 1840 4580 Ne-

715 4601 808 4649 que
856 4601 965 4636 vero
1015 4588 1155 4638 aliter
1206 4590 1248 4638 is
1284 4593 1365 4655 qui
1401 4594 1616 4655 coeperit
1650 4610 1841 4659 sapere,

1935 3399 2101 3455 utpote
2161 3391 2241 3457 qui
2300 3393 2433 3455 prius
2492 3392 2647 3441 diviua
2703 3406 2845 3456 quam
2892 3393 3062 3454 gentili

1919 3459 2150 3508 ‘doctriua
2198 3459 2409 3508 imbutus
2454 3474 2654 3509 necesse
2687 3467 2763 3509 est
2797 3460 2942 3512 etiam
2977 3475 3062 3511 sa-

1931 3526 2034 3589 piat
2066 3527 2266 3577 altersm
2302 3523 2362 3575 ab
2397 3526 2478 3575 illa
2515 3528 2678 3590 priore
2712 3527 2944 3577 damnari.

2001 3608 2042 3643 s.
2093 3608 2234 3657 quam
2288 3595 2515 3655 magister
2561 3609 2657 3644 nou
2694 3590 3061 3660 frequentabit]

1933 3661 2257 3710 Tertullianus
2308 3663 2631 3711 combinat'in
2669 3664 2795 3712 huuc
2829 3663 3059 3712 modum:

1933 3727 2038 3777 Tibi
2074 3729 2302 3789 magister
2335 3729 2476 3778 facile
2510 3736 2587 3778 est
2619 3744 2715 3778 nou
2742 3730 2936 3789 docere,
2973 3730 3058 3778 tibi

1934 3792 2169 3858 discipule
2205 3795 2401 3846 difficile
2436 3805 2511 3845 est
2544 3811 2641 3846 non
2677 3797 2880 3855 discere,
2931 3799 3060 3846 sicut
3119 3833 3128 3852 .

1932 3871 2098 3925 contra
2135 3863 2219 3913 tibi
2256 3864 2492 3928 discipule
2520 3865 2663 3913 facile
2702 3873 2776 3913 est
2802 3879 2895 3913 non
2921 3863 3058 3913 adire

1929 3929 2151 3991 publicas
2187 3940 2234 3979 et
2268 3931 2493 3995 proprias
2528 3931 2896 3988 sollemnitates,
2931 3945 3057 3994 quae

1931 3996 1977 4044 iu
2026 3997 2208 4046 scholis
2253 3999 2397 4059 liunt,
2455 3997 2539 4047 tibi
2585 4000 2814 4058 magistet·
2858 3997 3056 4046 difficile

1929 4071 2003 4110 est
2039 4078 2122 4112 eas
2158 4079 2252 4112 nou
2288 4067 2621 4130 frequentare:
2673 4065 2781 4114 ideo
2817 4072 2867 4116 tu
2903 4065 3053 4115 disci-

1927 4129 2043 4193 pule
2089 4133 2134 4179 in
2185 4133 2408 4182 omnihus
2444 4132 2702 4190 excusaris,
2739 4139 2788 4181 tu
2826 4133 3057 4193 magister

1928 4197 1975 4245 in
2014 4197 2146 4248 nullo
2183 4200 2441 4250 excusaris.
2507 4201 2591 4258 (La
2630 4197 2820 4255 Cerda.)
2886 4199 3053 4249 Publi-

1927 4279 2092 4315 carum
2147 4273 2194 4315 et
2240 4268 2545 4330 propriarum
2591 4265 2966 4316 sollemnitatum
3002 4267 3050 4314 iu

1925 4333 2108 4383 scholis
2131 4334 2488 4398 inquinamenta
2506 4333 2784 4395 significavit
2805 4348 2954 4396 supra
2975 4334 3051 4382 lais

1926 4393 2084 4449 v‘erbis
2136 4401 2324 4459 „Etiam
2361 4410 2554 4451 strenae
2588 4400 2853 4464 captandae
2886 4408 2938 4450 et
2969 4414 3048 4448 se-

1921 4466 2260 4529 ptimontium,
2297 4476 2346 4518 et
2377 4469 2577 4518 brumae
2611 4475 2660 4516 et
2694 4480 2833 4516 caree
2868 4480 3048 4528 cogna—

1921 4533 2069 4583 tionis
2115 4535 2373 4584 honoraris
2418 4535 2645 4595 exigenda
2675 4534 2880 4594 omnis,
2925 4535 3048 4583 flore

1922 4601 2120 4650 ahalae
2154 4602 2487 4664 coronandae3
2526 4602 2794 4652 flaminicae
2828 4608 2879 4651 et
2911 4599 3046 4651 aedi·
