3263 5311
1067 401 1148 444 nt
1188 401 1339 444 FUGA
1382 402 1446 444 m
1488 402 1955 455 »maceriem-2.

2556 392 2677 453 471

334 558 534 614 autem
578 549 852 612 confiteri
891 567 1112 630 negare
1155 560 1265 613 eat.
1366 551 1432 613 Si
1489 570 1629 614 vero
1687 552 1750 613 in
1805 552 1917 614 deo
1978 562 2167 617 totum
2211 563 2334 629 est,
2400 572 2507 616 cur
2559 575 2685 619 non

332 660 525 713 totum
567 649 960 729 relinquimus
1002 650 1250 713 arbitrio
1293 653 1424 715 eius
1467 663 1858 731 agnoscentes
1901 654 2175 716 virtutem
2218 664 2280 717 et
2304 665 2686 735 potestatem,

332 753 497 831 qnod
537 750 734 831 possit
773 770 889 811 nos
936 751 1093 813 sicut
1133 752 1422 832 fugientes
1467 753 1807 816 ¹⁰reducere
1850 754 1913 815 in
1954 754 2247 829 medium,
2313 756 2393 818 ita
2449 766 2510 819 et
2561 777 2685 821 nou

329 852 660 932 fugientes,
731 852 918 913 immo
988 860 1050 912 et
1100 853 1162 917 iu
1219 853 1418 915 medio
1479 855 1705 934 populo
1771 865 2195 938 conversantes
2239 857 2595 920 obumbrare
2610 858 2685 921 ¹³?

334 954 525 1027 Quale
581 963 730 1024 est‘,
795 961 863 1015 ut
903 954 976 1015 ad
1019 954 1361 1033 fugiendum
1404 955 1516 1016 deo
1559 956 1853 1016 honorem
1896 956 2145 1029 reddaS‚
2211 957 2312 1036 qui
2363 960 2564 1038 possit
2627 969 2687 1022 te

336 1056 516 1117 etiam
559 1056 880 1134 fugientem
909 1054 1242 1133 producere
1271 1055 1334 1115 in
1367 1055 1659 1129 medium,
1707 1057 1743 1087 ¹⁸
1761 1056 1833 1117 ad
1868 1058 2321 1121 contestandum
2354 1067 2551 1121 autem
2583 1060 2683 1121 in-

334 1155 602 1216 honores
646 1155 810 1219 illum
840 1155 1167 1235 desperans
1197 1155 1524 1235 potentiam
1552 1157 1947 1235 protectionis
1976 1158 2050 1219 ab
2079 1157 2232 1221 illo?
2277 1159 2319 1192 ¹²
2332 1160 2529 1233 Quare
2558 1180 2683 1223 non
2729 1220 2737 1238 ,

335 1256 526 1334 magis
573 1276 646 1318 ex
686 1257 798 1318 hac
838 1265 1008 1336 parte
1050 1257 1418 1319 constantiae
1461 1260 1523 1318 et
1564 1257 1810 1333 fiduciae
1854 1259 1915 1319 in
1945 1259 2122 1321 deum
2151 1260 2328 1321 dieis:
2374 1261 2498 1339 Ego
2522 1262 2685 1340 quod

334 1375 538 1419 meum
582 1366 677 1419 est
715 1357 899 1430 faci03
941 1375 1064 1421 non
1108 1357 1386 1431 disced03
1432 1358 1614 1432 deus,
1662 1358 1714 1419 si
1756 1359 2040 1434 voluerit,
2084 1361 2215 1441 ipse
2241 1380 2338 1422 me
2366 1360 2684 1441 proteget?

333 1458 468 1519 Hoc
506 1458 710 1538 potius
753 1466 1030 1519 nostrum
1074 1467 1194 1533 est,
1265 1467 1426 1521 stare
1469 1458 1581 1520 suh
1626 1458 1723 1520 dei
1767 1459 2045 1534 arbitrio,
2105 1479 2279 1540 quam
2324 1463 2527 1541 sugere
2569 1462 2685 1523 sub

329 1569 566 1622 nostro.
629 1557 929 1621 Rutilius⁴
972 1559 1386 1621 sanctissimus
1429 1568 1683 1640 martyr,
1729 1579 1863 1622 eum
1910 1561 2128 1623 totiens
2172 1562 2426 1640 fugisset
2464 1581 2681 1643 perse-

330 1661 630 1723 cutionem
677 1660 754 1721 de
795 1660 928 1722 loco
971 1659 1033 1720 in
1077 1660 1304 1731 locum,
1352 1659 1526 1721 etiam
1569 1660 1929 1740 periculum,
1985 1670 2054 1723 ut
2092 1662 2363 1741 putabat,
2423 1663 2682 1725 nummis

327 1760 715 1831 redemisset,
766 1759 958 1840 ¹3post
995 1768 1180 1822 totam
1208 1761 1617 1833 securitatem,
1663 1781 1839 1841 quam
1868 1761 1982 1823 sihi
2013 1772 2434 1843 prospexerat,
2481 1782 2551 1825 ex
2581 1764 2681 1824 in-

332 1863 578 1941 opinato
623 1862 1034 1941 apprehensus
1081 1871 1141 1923 et
1167 1862 1427 1941 praesidi
1457 1861 1690 1923 oblatus
1721 1863 2034 1925 tormentis
2074 1862 2457 1943 dissipatus·,
2503 1865 2682 1926 credo

331 1982 446 2042 pro
491 1964 661 2041 fugae
704 1963 1120 2040 castigatione,
1166 1962 1378 2024 dehinc
1419 1961 1656 2041 ignibus
1701 1964 1874 2024 datus
1903 1965 2280 2043 passionem,
2326 1983 2501 2044 quam
2531 1965 2684 2026 vita-

328 2072 456 2135 rat,
504 2062 1004 2127 “misericordiae
1046 2062 1141 2124 dei
1185 2061 1434 2124 retulitf.

1534 2062 1688 2135 Quid
1745 2063 1899 2124 aliud
1958 2063 2143 2124 voluit
2184 2065 2462 2127 dominus
2504 2066 2683 2127 nobis

331 2166 747 2227 demonstrare
789 2164 908 2225 hoc
949 2163 1338 2236 desumento,
1383 2182 1558 2242 quiem
1601 2164 1943 2243 fugiendum
1988 2183 2109 2225 uon
2154 2184 2323 2240 esse,
2370 2165 2506 2245 quia
2536 2165 2684 2227 nibil

330 2268 470 2345 fuga
510 2266 737 2344 prosit,
785 2264 838 2324 si
881 2264 1029 2335 deus
1072 2260 1268 2324 nolit?

505 2367 692 2427 immo
709 2411 725 2436 ,
771 2365 788 2397 ¹
804 2364 1023 2443 inquit,
1083 2372 1496 2443 praeceptum·

334 2466 644 2529 civitatem.

1541 2364 1879 2443 adimplevit
1921 2366 2154 2444 fugiens
2200 2366 2272 2426 de
2328 2366 2560 2428 civitate
2620 2367 2682 2428 in
2720 2380 2919 2439 Cap.vl.

732 2465 870 2526 'Sic
912 2465 1068 2525 enim
1113 2464 1299 2525 voluit
1339 2465 1608 2544 qnidam,
1661 2464 1807 2526 ³sed
1852 2475 1912 2527 et
1952 2466 2083 2545 ipse
2128 2460 2440 2545 fugitivuS,
2497 2485 2679 2546 argu-

331 2568 618 2640 mentari,
664 2575 728 2627 et
769 2566 870 2645 qui
915 2566 1166 2644 proinde
1207 2565 1452 2631 ⁴nolunt
1491 2566 1831 2646 intellegere
1891 2586 2137 2629 sensum
2180 2567 2440 2629 “domini
2483 2568 2683 2629 iuiusb

333 2687 414 2737 10.
452 2687 686 2736 reducere
723 2701 761 2736 e.
797 2687 1026 2747 Latinius,
1067 2701 1126 2735 esc
1159 2687 1371 2740 Vaticano
1407 2688 1581 2751 aliquo.
1656 2688 1860 2737 educere
1895 2688 2082 2751 reliqui.

279 2791 286 2798 ,
330 2756 445 2804 dum
486 2756 612 2805 bede.
631 2755 908 2804 Gorziensis.
979 2760 1060 2803 aut
1095 2754 1410 2803 constandum
1434 2755 1550 2803 ABa.

814 2820 893 2869 13.
939 2827 1053 2883 post
1099 2828 1245 2870 tutam
1298 2823 1349 2871 Α.
1384 2837 1445 2869 m.
1482 2836 1573 2872 sec.

333 2823 489 2883 magis
521 2823 705 2886 reliqui.
729 2820 736 2826 “

332 2888 662 2938 misericordia
692 2889 880 2952 reliqui.

2178 2687 2261 2738 11.
2310 2688 2370 2736 ad
2407 2694 2683 2737 contestan-

1662 2753 1741 2803 12.
1764 2755 1939 2821 ³Quare
1977 2769 2071 2805 non
2111 2755 2181 2802 de.
2197 2754 2422 2803 Latinius.
2494 2754 2682 2811 Quanto

1696 2821 1773 2869 14.
1826 2821 2186 2870 misericordiae
2233 2822 2366 2870 bede.
2404 2821 2682 2870 Gorziensis.

475 2956 588 3018 Cap.
625 2955 697 3004 vl.
771 2955 813 3003 1.
852 2954 1021 3018 iuquit,
1059 2960 1369 3018 praeceptum
1407 2955 1580 3003 mur.
1666 2953 1839 3016 inquit,
1875 2955 1983 3016 quia
2020 2961 2333 3017 praeceptam
2368 2954 2478 3003 libri
2512 2965 2683 3003 umnec.

329 3022 381 3073 2.
420 3023 556 3074 Sicut
589 3022 714 3071 enim
749 3023 834 3072 AB.
926 3021 973 3071 3.
1007 3022 1095 3072 sed
1133 3028 1182 3071 et
1217 3023 1320 3084 ipse
1356 3022 1483 3071 bede.
1555 3022 1638 3069 liet
1672 3021 1777 3082 ipse
1810 3020 1925 3070 AB«.
1998 3020 2103 3069 fieri
2138 3020 2247 3084 ipse
2276 3023 2330 3070 A.
2364 3036 2426 3069 m.
2460 3036 2551 3071 aec.
2630 3020 2681 3070 4.

324 3090 489 3142 noluit
522 3091 609 3140 ΑΒ.

397 3193 448 3241 b.
488 3192 782 3241 obumbrare
797 3186 850 3256 Ἰ]
903 3190 953 3239 h.
993 3205 1033 3238 e.
1073 3189 1278 3251 tegendo
1313 3189 1455 3239 tueri.

329 3259 409 3310 Cf.
444 3258 617 3321 Vergil.
653 3259 769 3308 Aen.
806 3258 895 3316 XI,
933 3255 1031 3306 222
1084 3257 1276 3318 „Multa
1313 3255 1458 3306 simul

326 3335 500 3377 contra
539 3326 680 3376 variis
716 3325 955 3375 sententia
988 3323 1128 3374 dictis
1150 3325 1241 3373 Pro
1264 3323 1457 3374 Turno:

327 3403 380 3446 et
415 3408 643 3456 magnum
681 3408 734 3442 re
771 3394 896 3441 inae‘
914 3405 1089 3441 nomen
1126 3389 1426 3442 obumbrat.-“

400 3477 443 3509 c.
483 3459 635 3519 Quale
672 3468 746 3510 est
807 3459 873 3509 lta
899 3458 1081 3523 passim
1105 3459 1318 3522 loquitur
1338 3458 1457 3508 'rer-

323 3527 582 3590 tnilianuS,
622 3534 673 3578 ut
708 3527 830 3576 infra
868 3526 1002 3576 initio
1041 3539 1145 3588 cap.
1182 3526 1212 3574 7
1261 3527 1457 3586 „Primo

327 3595 560 3660 quidem,
598 3597 639 3644 si
673 3609 703 3643 a
740 3594 831 3643 deo
871 3593 1146 3658 persecutio
1184 3601 1287 3653 est,
1325 3594 1461 3658 quale

328 3669 417 3725 ert,
460 3669 512 3712 ut
548 3662 673 3711 idem
708 3662 983 3723 fugiendam
1022 3675 1128 3709 eam
1160 3660 1356 3710 mandet
1377 3661 1459 3725 qai

329 3738 382 3779 et
417 3725 656 3780 infert?“
689 3730 801 3779 Λᾶν.
839 3729 1069 3779 Marcion.
1105 3727 1143 3787 l,
1179 3726 1245 3776 23
1281 3729 1460 3791 „quale

235 3821 254 3860 2
329 3805 402 3849 est
451 3797 712 3848 secundam
763 3798 804 3846 ei
854 3797 1089 3846 rationem
1130 3796 1331 3854 referri,
1382 3795 1457 3844 cni

329 3865 496 3916 deficit
547 3861 794 3929 prima?“
867 3864 986 3913 ibid.
1037 3862 1086 3922 Ι,
1138 3861 1203 3912 26
1257 3863 1461 3924 „Quale

330 3939 404 3983 ert
451 3933 608 3992 euin,
657 3940 709 3980 ut
751 3939 1012 3996 praecepta
1059 3931 1319 3979 constituet
1360 3943 1456 3978 non

333 3995 710 4050 executurus?“
745 4000 815 4048 De
852 4000 1000 4048 teian.
1029 4012 1134 4062 cap.
1159 3997 1221 4048 13
1257 4036 1291 4057 „
1315 3997 1461 4053 Quale

331 4074 404 4117 est
438 4075 614 4125 autem,
653 4073 706 4116 ut
725 4073 812 4116 tao
829 4067 1026 4116 arbitrio
1056 4065 1304 4127 permittas
1325 4062 1456 4127 qued

330 4134 541 4198 imperio
579 4133 656 4182 dei
695 4147 791 4182 non
828 4129 1004 4182 das?“
1041 4131 1111 4181 De
1148 4131 1311 4181 Pudic-
1349 4145 1455 4194 cap.

335 4201 402 4251 15
455 4240 492 4262 „
515 4202 661 4257 Quale
709 4206 780 4251 est
813 4202 969 4260 enim,
1023 4206 1074 4249 ut
1108 4213 1217 4249 eum
1256 4197 1459 4248 maxime

327 4268 618 4319 fornicatori
651 4268 838 4318 incesto
876 4266 1224 4331 postliminium
1258 4266 1463 4326 largitus

328 4336 695 4387 ecclesiastieae
741 4335 878 4399 pacis
917 4334 1079 4384 statim
1110 4334 1370 4395 ingesserit
1401 4332 1462 4382 de

331 4405 636 4454 aversatione
674 4397 1155 4454 inmunditiamm?“

403 4471 453 4520 d.
490 4466 726 4535 Rutilias]
760 4469 939 4519 Passus
974 4476 1052 4518 est
1083 4470 1131 4518 in
1161 4467 1316 4516 Africa
1354 4480 1463 4516 enm

332 4537 534 4588 Silvano
571 4548 618 4587 et
655 4537 890 4598 blasima,
943 4544 995 4585 ut
1030 4549 1082 4584 ex
1121 4532 1465 4596 martyrologio

715 3089 762 3139 5.
801 3089 1071 3165 dominicae
1104 3090 1152 3138 A.
1188 3104 1249 3139 ηι-
1287 3102 1394 3149 see„
1434 3095 1477 3137 et
1510 3089 1768 3138 Rhenanus.

1560 3187 1610 3236 V.
1649 3186 1863 3236 Mon-celii
1899 3186 1998 3236 Afr.
2034 3186 2209 3236 Christ.
2232 3185 2288 3247 11,
2325 3201 2374 3251 p.
2396 3186 2477 3235 71.
2515 3185 2683 3238 Muen-

1563 3256 1653 3305 teri
1691 3255 1957 3304 Primordia
1994 3253 2123 3303 Eccl.
2157 3255 2256 3304 Ait.
2295 3269 2343 3318 p.
2383 3253 2497 3303 195.

1633 3339 1674 3372 e.
1713 3322 1974 3386 dissipatus
2049 3321 2094 3371 b.
2151 3336 2194 3371 e.
2249 3321 2486 3371 dissectus
2542 3329 2683 3384 atque

1562 3389 1899 3440 dilancinatus.
1969 3389 2050 3437 .ic
2099 3388 2166 3438 De
2202 3389 2420 3452 Spectac.
2476 3401 2579 3451 cap.
2620 3387 2683 3437 12

1561 3458 1710 3520 „quia
1747 3458 1957 3507 serarum
1994 3455 2222 3520 voluptati
2259 3456 2375 3506 satis
2401 3471 2496 3506 non
2522 3455 2683 3514 fiebat,

1559 3524 1653 3574 nisi
1690 3532 1738 3574 et
1772 3525 1887 3574 feris
1924 3524 2128 3573 bumana
2167 3538 2372 3588 corpora
2398 3525 2685 3586 dissiparen-

1562 3591 1697 3642 tur.“
1745 3590 1866 3642 Ibid.
1903 3606 2007 3654 cap.
2046 3590 2107 3640 21
2150 3599 2233 3651 „et
2268 3591 2349 3654 qui
2387 3590 2445 3639 ad
2484 3590 2682 3639 cadaver

1560 3659 1773 3708 hominis
1810 3658 2051 3708 communi
2088 3658 2195 3718 lege
2209 3658 2421 3707 defuncti
2442 3658 2683 3715 exhorret,

1561 3727 1688 3775 idem
1727 3726 1774 3774 in
1810 3726 2164 3788 amphitheatro
2199 3726 2373 3774 derosa
2391 3731 2439 3772 et
2457 3725 2686 3786 dissipata

1563 3801 1610 3841 et
1657 3794 1704 3841 in
1750 3793 1983 3853 sanguine
2020 3805 2110 3840 sno
2146 3790 2435 3854 squallentia
2475 3802 2681 3850 corpora

1557 3859 1922 3923 patientissimis
1958 3857 2113 3907 oculis
2148 3857 2359 3920 desuper
2384 3854 2681 3904 incumbat.“

1558 3925 1762 3990 Apolog.
1801 3940 1906 3988 cap.
1943 3923 2012 3974 46
2065 3924 2210 3984 „boc
2256 3937 2348 3986 pro
2396 3922 2501 3971 suis
2548 3921 2681 3971 omni

1557 3994 1807 4044 atrocitate
1840 3994 2085 4055 dissipatis
2102 4004 2263 4058 „nemo
2294 4002 2521 4053 umquam
2556 3994 2683 4038 tem-

1557 4062 1705 4127 ptavit
1738 4057 2092 4112 Christianus.“

1627 4129 1663 4178 f.
1709 4126 2073 4178 misericordiae
2120 4125 2197 4175 dei
2234 4124 2412 4175 retulit.
2490 4122 2683 4172 Dudum

1562 4196 1772 4248 debitam
1809 4195 1901 4245 deo
1936 4194 2216 4258 passionem
2268 4205 2415 4256 perso
2439 4191 2502 4239 vit
2534 4190 2687 4239 mise-

1560 4265 1803 4315 ricordiae
1826 4262 2095 4326 praemium
2132 4274 2223 4324 pro
2249 4275 2307 4310 ea
2330 4264 2683 4323 reportaturus.

1634 4331 1750 4396 Cap.
1788 4330 1860 4379 Vl.
1898 4345 1940 4379 a.
1980 4329 2163 4393 inquit.
2197 4319 2536 4390 praeceptum]
2589 4323 2684 4371 Re-

1566 4398 1750 4447 dundat
1784 4400 1895 4461 quia
1929 4396 2080 4461 (quod
2118 4395 2226 4445 libri
2264 4406 2435 4442 omnes
2468 4391 2688 4464 inserunt

1566 4472 1682 4529 post
1726 4464 1899 4527 inquit)
1948 4470 1995 4512 et
2032 4467 2144 4525 puto
2182 4475 2238 4511 ex
2272 4459 2519 4524 proximae
2554 4468 2685 4504 vocis

1567 4534 1741 4594 inquit·
1765 4531 2106 4581 terminatione
2142 4526 2421 4578 accrevisse.
2470 4521 2568 4581 (Fr.
2606 4520 2687 4569 ln·

330 4613 524 4670 patet,⁹
547 4606 596 4658 in
647 4619 744 4669 quo
785 4603 910 4653 male
944 4604 1139 4654 Rutilus.
1196 4599 1471 4662 (Priorius.)
1570 4599 1716 4659 nius).
