3263 5311
1112 453 1186 495 in
1230 441 1470 495 uxoasu
1518 437 1634 492 Lm.
1667 451 1709 494 ι.
2449 438 2567 502 681

411 599 559 662 Nam
602 600 679 662 de
722 601 1051 664 ¹viduitatis
1092 602 1423 664 honoribus
1466 601 1625 682 apud
1653 601 1864 664 'deum
1905 620 2030 665 uno
2070 602 2264 666 ³dicto
2305 604 2432 667 eius
2461 621 2573 686 per
2606 628 2841 685 cap.vttt.

245 701 627 783 ⁴prophetam
670 702 1008 783 expeditum
1049 703 1213 767 ‘estz
1250 704 1413 766 Iuste
1455 703 1667 766 “fatxito
1710 704 2024 782 viduae-et
2060 704 2314 785 pupillo,
2360 714 2422 768 et
2462 726 2568 769 ve·
2584 722 2792 776 tonia-1.
2808 726 2870 768 is.

241 803 365 866 nite
420 803 860 884 'disputemus,
924 805 1069 866 dicit
1122 805 1419 868 dominus.
1504 804 1636 867 Duo
1678 806 1792 868 ista
1847 804 2120 881 nomina,
2173 806 2236 868 in
2287 818 2570 888 quantum

243 905 557 968 'destituta
599 905 814 967 anxilio
858 905 1150 981 humano,
1194 907 1259 968 in
1294 916 1520 969 tantimi
1551 906 1781 969 divinae
1808 906 2251 970 misericordiae
2279 910 2568 989 exposita,
2631 915 2640 922 ’

244 1006 529 1087 ¹'suscipit
569 1006 723 1069 tueri
764 1013 934 1087 pater
974 1007 1257 1070 omnium.
1324 1008 1503 1083 Vide,
1547 1023 1721 1089 quam
1766 1027 1837 1070 ex
1873 1026 2061 1089 aequo
2095 1008 2428 1072 ¹⁰babetur·
2469 1010 2569 1091 qni

245 1109 453 1170 viduae
497 1108 934 1183 ''benefecerit,
991 1109 1192 1188 quanti
1248 1117 1345 1171 est
1387 1109 1561 1173 vidua
1612 1109 1775 1190 ipsa,
1841 1109 2010 1172 cuius
2065 1119 2330 1172 assertor
2384 1110 2570 1173 ¹²cum

247 1210 487 1272 domino
521 1208 923 1290 ”disputabitl
986 1209 1120 1272 Non
1165 1219 1389 1273 tantum
1422 1211 1802 1290 “virginibus
1827 1211 2062 1285 danim,
2107 1211 2340 1292 opinor.
2407 1211 2573 1276 [ficet

246 1312 305 1373 in
348 1311 466 1373 illis
510 1311 813 1391 integritas
858 1310 1050 1374 solida
1104 1322 1164 1374 et
1217 1321 1341 1375 tota
1398 1313 1680 1394 sanctitas
1734 1312 1809 1374 de
1861 1313 2132 1392 proximo
2189 1312 2436 1374 ²⁸visura
2492 1313 2573 1375 sit

244 1414 451 1475 faciem
497 1411 623 1486 dei,
696 1422 889 1474 tamen
942 1413 1113 1476 vidua
1168 1413 1344 1475 habet
1397 1413 1614 1494 aliquid
1669 1414 2017 1493 operosius,
2083 1414 2216 1494 quia
2268 1414 2435 1476 facile
2479 1423 2571 1477 est

245 1533 365 1576 non
409 1521 684 1595 appetere
728 1515 887 1595 quod
927 1514 1160 1577 nescias
1215 1522 1276 1576 et
1327 1515 1583 1577 aversari
1640 1515 1799 1595 quod
1846 1514 1886 1548 ¹⁶
1898 1515 2204 1593 desideres
2245 1533 2567 1596 nunquam.

247 1615 579 1678 Gloriosior
620 1615 978 1679 continentia
1021 1636 1171 1697 quae
1213 1615 1308 1678 ius
1340 1634 1514 1680 suum
1544 1616 1756 1690 sentit,
1800 1635 1949 1695 quae
1978 1616 2117 1696 qnid
2145 1616 2356 1679 viderit
2383 1618 2567 1680 novit.

242 1718 470 1780 Poterit
513 1717 677 1798 virgo
722 1717 949 1779 felicior
988 1717 1222 1792 haberi,
1268 1725 1329 1778 at
1368 1717 1543 1779 vidua
1584 1716 2013 1779 laboriosiorbz
2079 1717 2207 1792 illa,
2252 1719 2410 1799 quod
2450 1718 2565 1781 ho-

243 1838 386 1881 num
430 1837 667 1899 semper
708 1818 941 1892 habuit,
976 1820 1132 1912 ⁸ista,
1178 1818 1336 1898 quod
1378 1807 1602 1880 bonum
1647 1817 1762 1880 sibi
1805 1818 2057 1893 invenit3
2119 1820 2183 1880 in
2224 1818 2322 1881 illa
2363 1819 2566 1900 gratia,

245 1921 307 1982 in
351 1921 463 1982 ista
506 1921 693 1982 virtus
723 1920 1113 1982 ¹⁷coronatur.
1178 1919 1481 1993 Quaedam
1527 1920 1686 1982 enim
1730 1929 1871 1981 sunt
1912 1920 2143 1982 divinae
2182 1919 2566 1996 liberalitatis,

246 2022 530 2103 quaedam
584 2031 823 2083 nostrae
879 2021 1265 2102 operationis.
1384 2021 1549 2093 Quae
1605 2040 1640 2082 a
1695 2020 1935 2083 domino
1989 2021 2395 2100 indulgentur,
2458 2041 2569 2086 sua

245 2123 430 2203 gratia
472 2123 906 2203 gubernantum
953 2122 1157 2202 ¹⁸quae
1193 2121 1267 2183 ab
1310 2120 1549 2184 homine
1592 2130 1929 2202 captantur,
1973 2122 2168 2184 studio
2212 2131 2564 2204 perpetran-

194 2285 211 2295 ,
245 2233 361 2286 tur.
447 2224 629 2286 Stude
671 2223 846 2303 igitur
887 2224 960 2285 ad
1014 2224 1285 2286 virtutem
1345 2223 1387 2255 ¹⁹
1399 2222 1828 2297 continentiae,
1895 2241 2043 2303 quae
2094 2224 2308 2304 pudori
2362 2224 2565 2306 ”pro-

240 2334 437 2398 munt,
485 2325 812 2399 sedulitati,
857 2343 1008 2405 quae
1035 2324 1077 2357 ²¹
1094 2342 1266 2403 vagas
1309 2342 1435 2385 non
1476 2323 1643 2398 facit,
1689 2323 2032 2404 frugalitati,
2079 2343 2228 2405 quae
2270 2326 2565 2388 saeculum

242 2427 491 2507 spernit.
597 2425 972 2488 2²Convictus
1028 2434 1201 2505 atque
1258 2425 1545 2505 colloquia
1598 2425 1711 2487 deo
1773 2424 1950 2504 digna
2008 2435 2264 2500 sectare,
2338 2444 2567 2489 memor
2791 2432 2808 2460 ⁸

244 2528 399 2589 illius
446 2528 717 2590 versiculi
761 2526 1101 2589 sanctificati
1144 2546 1252 2607 per
1293 2526 1655 2608 apostolum:
1700 2526 1903 2588 Bonos
1946 2536 2335 2608 corrumpunt
2361 2542 2867 2595 morestcorxvm.

243 2647 602 2710 congressus
646 2629 834 2692 mali‘.
918 2629 1261 2710 Loquaces,
1307 2629 1567 2703 otiosae,
1612 2623 1885 2703 vinosae,
1933 2631 2202 2694 curiosae
2245 2630 2563 2692 contuber-

236 2731 442 2793 uales‘¹
483 2732 630 2793 ”vel
672 2732 921 2793 maxime
976 2731 1285 2813 proposito
1341 2731 1638 2794 viduitatis
1697 2732 1978 2795 officiunt.
2073 2731 2250 2792 g‘³Pe1·
2302 2730 2563 2809 loquaci-

378 2919 491 2983 Cap.
529 2918 643 2968 vm.
720 2919 763 2968 l.
801 2920 1069 2969 viduitatem
1107 2919 1317 2970 Bcoaoo.
1398 2920 1447 2969 2.
1484 2917 1559 2969 din
1597 2922 1662 2974 (h.
1678 2935 1718 2970 e.
1737 2917 2029 2985 ᾶοιιιωΑφ.
2102 2919 2346 2969 dominum
2382 2920 2567 2983 reliqui.

236 2986 289 3037 3.
329 2985 453 3035 dictu
488 2988 538 3036 B.
602 2986 689 3035 ·4.
740 2988 972 3051 profetam
1009 2986 1105 3049 Αβ.
1222 2988 1266 3035 5.
1305 2995 1379 3037 est
1413 3003 1499 3037 om.
1528 2987 1739 3037 Bebase.
1854 2986 1901 3036 6.
1940 2988 2083 3055 facito
2116 2984 2340 3053 Aquco.
2424 2987 2564 3035 facite

234 3056 427 3118 reliqui.
529 3054 575 3103 7.
622 3056 922 3118 disputamus
959 3055 1043 3104 BC.
1149 3055 1196 3104 8.
1246 3055 1469 3104 destituta
1517 3054 1690 3103 auxilio
1724 3057 1807 3104 Ad.
1892 3054 2137 3119 despectui
2185 3057 2284 3105 abc.
2369 3054 2428 3103 de
2475 3069 2563 3118 spe
2635 3108 2636 3111 ,

235 3124 324 3186 qni
358 3122 484 3171 BCD.
587 3122 633 3172 9.
672 3124 873 3185 suscipit
906 3125 988 3172 Ad.
1057 3123 1270 3186 suscepit
1303 3124 1488 3188 reliqui.
1595 3121 1671 3171 10.
1711 3123 1942 3171 habeatnr
1975 3123 2061 3172 BC.
2158 3123 2235 3172 11.
2275 3122 2567 3172 benefecerit

228 3189 438 3249 Asca„
483 3192 687 3240 Vaticani
722 3200 829 3240 tres.
902 3191 1133 3239 benefecit
1170 3191 1354 3255 reliqui.
1462 3189 1540 3239 12.
1577 3204 1684 3239 cum
1723 3190 1918 3239 domino
1954 3191 2035 3240 Aa.
2124 3190 2347 3240 dominus
2380 3192 2565 3254 reliqui.

236 3257 323 3307 13.
361 3258 621 3321 disputabit
654 3261 823 3309 Aubcd.
893 3259 1147 3321 disputavit
1182 3259 1306 3308 BCD.
1399 3258 1477 3308 14.
1514 3258 1706 3320 virginis
1742 3261 1791 3307 Λ.
1889 3258 1968 3307 15.
2004 3272 2151 3308 uxura
2186 3258 2274 3308 BC.
2367 3258 2440 3307 ¹6.
2481 3259 2567 3307 de-

229 3325 442 3375 sideres.
504 3326 769 3389 Numquam
804 3328 854 3376 A.
949 3327 1293 3376 desideraveris
1343 3340 1602 3389 nunquam.
1651 3326 1836 3389 reliqui.
1955 3325 2031 3373 17.
2083 3342 2140 3375 eo
2189 3334 2446 3376 coronatur
2481 3325 2568 3376 BC.

238 3392 321 3443 18.
360 3407 481 3457 qnae
517 3395 575 3442 ab
613 3393 821 3455 bomine·
843 3402 1090 3457 captantur
1134 3410 1220 3444 om.
1250 3398 1298 3444 A.
1422 3394 1503 3443 19.
1550 3393 1870 3443 continentiae
1905 3408 2027 3458 quae
2061 3395 2144 3444 Ad.
2231 3394 2567 3453 continentiae,

233 3460 504 3510 modestiae
539 3476 661 3525 quae
695 3462 880 3525 reliqui.
984 3461 1064 3510 20.
1102 3470 1349 3525 procupnt.
1396 3461 1707 3512 sedbutilitati
1742 3464 1793 3511 A.
1872 3469 2101 3525 procurat
2121 3463 2219 3511 ‘sed
2256 3461 2443 3511 utilitati
2481 3463 2566 3512 BC.

229 3527 322 3579 21.
360 3543 499 3588 vagas
533 3530 623 3579 Ios.
649 3529 889 3579 Mei-cerus.
959 3544 1097 3579 vacas
1131 3533 1181 3579 A.
1254 3544 1403 3591 nugas
1437 3531 1621 3594 reliqui.
1726 3528 1807 3578 22.
1844 3529 2099 3580 Convictus
2145 3538 2287 3594 atque
2323 3530 2565 3594 colloquia

222 3599 320 3648 Aa.
393 3597 666 3645 convictum
703 3605 845 3659 atque
881 3598 1166 3646 commercia
1201 3599 1384 3661 reliqui.
1466 3596 1548 3646 23.
1585 3595 1654 3646 vel
1694 3597 1894 3647 maxime
1929 3598 2180 3661 proposito
2217 3598 2454 3648 viduitatis
2489 3600 2564 3647 of-

222 3664 406 3715 ficiunt
442 3664 611 3715 Dubcd.
698 3665 767 3713 rel
806 3665 996 3714 maximi
1031 3664 1268 3728 propositi
1304 3665 1541 3714 viduitatis
1589 3665 1798 3715 officium
1833 3667 1885 3716 A.
1971 3666 2043 3715 vel
2092 3667 2281 3716 maximi
2330 3666 2565 3728 propositi

223 3731 475 3781 viduitatis
511 3731 727 3782 officiunt
761 3733 844 3782 BC.
927 3733 996 3782 vel
1035 3733 1221 3783 maximi
1259 3734 1492 3795 propositi
1528 3732 1740 3782 viduitati
1788 3734 1962 3789 (malim
1995 3733 2316 3790 vicinitatibus)
2352 3734 2568 3781 officiunt

222 3800 596 3858 Hildebrandus.
711 3798 791 3851 24.
835 3802 974 3851 Verba
1011 3801 1099 3853 Per
1135 3802 1466 3864 loquacitatem
1505 3802 1722 3864 irrepunt
1755 3801 1894 3849 verba
1932 3802 2132 3863 pudoris
2168 3800 2356 3850 inimica
2393 3816 2480 3849 ona.
2513 3802 2563 3848 A.

306 3934 427 3997 Cap.
465 3934 581 3983 vm.
653 3950 695 3983 a.
744 3950 884 3998 quam
922 3949 977 3983 ex
1014 3949 1167 3998 nequo
1206 3934 1352 3983 balne-
1524 3951 1565 3984 c.
1602 3949 1892 3996 congressus
1931 3930 2104 4013 mast]-
2134 3934 2375 3985 Menandri
2413 3935 2562 3982 versi-

225 3999 338 4066 tur]
382 4002 441 4051 Ex
478 4017 631 4065 aequo
670 4003 832 4051 haberi
871 4018 894 4051 a
933 4003 1023 4052 deo
1060 4003 1231 4051 dicitur
1257 4017 1352 4065 qno
1457 4002 1625 4052 culus:
1660 3997 2037 4067 „¹93erva
2068 4002 2174 4061 ’1³²3
2202 3992 2416 4069 χρῆσθ’
2447 3992 2565 4067 ὅμι-

226 4072 362 4120 deus
400 4080 639 4132 tamquam
691 4085 780 4135 pro
832 4071 1019 4133 aequali
1069 4070 1161 4119 sibi
1198 4078 1245 4119 et
1279 4070 1351 4119 fa·
1454 4064 1568 4117 λὶαι
1599 4065 1826 4118 κακαὶ.“
1901 4071 1971 4120 Cf.
2009 4070 2160 4119 Clem.
2196 4072 2323 4120 Alex.
2364 4071 2564 4132 Paedag.

224 4137 491 4188 miliaritcr
526 4138 592 4186 uti
629 4146 675 4187 et
711 4138 920 4201 colloqui
944 4138 1062 4186 velle
1084 4138 1354 4201 pollicetur.
1456 4137 1515 4199 ll,
1538 4138 1584 4188 6.
1634 4138 1834 4188 Tertull.
1869 4139 1935 4189 Ad
1973 4139 2112 4188 Uxor.
2149 4138 2209 4197 ll,
2229 4138 2277 4188 3.
2333 4139 2563 4199 Hierony-

305 4207 357 4253 b.
403 4213 449 4254 at
495 4207 632 4254 vidua
690 4204 1018 4269 laboriosiora]
1071 4207 1144 4255 Cf.
1174 4206 1351 4255 fliero-
1457 4221 1564 4255 mus
1600 4208 1647 4256 in
1685 4207 1836 4270 Epist.
1872 4208 1928 4256 ad
1952 4204 2167 4269 Magnum
2194 4207 2444 4256 Oratorem
2474 4206 2563 4255 Ur-

220 4286 369 4335 nym.
419 4272 477 4321 ad
515 4274 791 4323 Gerontiam
826 4274 857 4322 Ι.
884 4273 912 4321 l.
969 4274 1254 4336 „Virginitas
1305 4275 1351 4322 in
1458 4275 1531 4324 bis
1580 4275 1758 4324 Romae
1812 4290 1859 4339 p.
1887 4274 2001 4324 655.
2055 4275 2128 4323 ed.
2175 4274 2348 4324 Bencd.
2405 4282 2452 4323 et
2503 4273 2565 4322 ad

220 4355 295 4391 eo
336 4340 527 4390 facilior
562 4350 636 4390 est
670 4342 796 4404 qnod
825 4342 981 4389 carnis
1003 4342 1226 4391 incentiva
1255 4356 1352 4390 non
1454 4340 1684 4393 Eustocb.
1733 4357 1779 4406 p.
1809 4343 1892 4392 41.
1948 4342 2007 4391 ita
2057 4342 2242 4392 reddit:
2296 4343 2565 4402 „Corrum-

220 4407 388 4465 novit,
441 4418 489 4459 et
523 4409 723 4458 viduitas
759 4409 806 4457 in
843 4423 900 4457 eo
937 4409 1189 4458 sollicitior
1225 4408 1353 4472 qnod
1454 4417 1575 4473 punt
1617 4425 1777 4459 mores
1812 4410 1966 4460 bonos
2004 4410 2416 4460 confabulationes
2451 4422 2561 4472 pes·

221 4476 532 4543 praeteritas
585 4477 744 4526 animo
813 4476 983 4525 recolit
1036 4476 1355 4540 voluptates.“
1455 4476 1660 4526 simae.“

218 4543 475 4594 Similiter
510 4544 773 4607 Cyprianus
821 4544 880 4593 de
925 4544 1057 4592 Bono
1096 4544 1192 4592 rat.
1242 4544 1358 4593 dixit
1478 4578 1484 4585 -
1523 4543 1569 4593 d.
1624 4545 1842 4593 curiosae
1888 4539 2281 4608 contubernales]
2340 4543 2409 4592 Cf.
2449 4542 2563 4590 Hie-

222 4614 323 4672 „iu
374 4612 633 4674 virginibus
682 4614 866 4661 beatam
916 4613 1252 4673 integritatem,
1306 4612 1353 4661 iu
1455 4626 1563 4661 rou.
1598 4612 1659 4661 ad
1694 4612 1918 4661 Eustoch.
1955 4611 1989 4662 l.
2014 4612 2044 4661 l.
2097 4613 2226 4672 „Eas
2275 4620 2432 4660 antem
2471 4611 2563 4658 vir-

218 4679 392 4730 viduis
430 4679 722 4739 laboriosam
765 4679 1084 4731 castitatem.“
1457 4681 1591 4742 giues
1627 4687 1675 4730 et
1708 4678 1871 4729 viduas
1906 4693 2026 4743 quae
2062 4680 2246 4729 otiosae
2277 4686 2324 4728 et
2345 4678 2563 4728 curiosae
