3263 5311
1005 428 1082 471 ns
1124 428 1457 473 νιιιιιιιιιιιιι
1503 430 1806 475 νεωιιιιιι.
2463 421 2601 491 m

231 575 538 655 principes
579 575 814 655 generis
856 576 1038 641 Adam
1084 586 1146 639 et
1187 578 1337 652 Eva,
1395 579 1679 659 quamdiu
1716 579 2020 649 intellectu
2062 582 2370 659 cat-ebant,
2444 589 2589 652 madi

232 676 503 755 agebant.
588 677 666 739 At
706 677 808 739 ubi
852 677 927 739 de
970 677 1187 741 arbore
1230 679 1552 759 agnitionis
1607 689 2025 761 gustaverint,
2088 683 2235 746 nibil
2287 686 2599 765 mimum&

234 786 557 841 senserunt
599 796 774 858 quem
805 778 1294 843 erubescendum.
1358 781 1475 844 ‘lta
1520 781 1611 845 sui
1656 782 1955 863 ‘quineeh
1992 802 2176 849 sexus
2223 785 2593 852 intellectum

228 878 494 957 tegmine
556 888 930 943 notaverunt.
1029 881 1150 945 Sed
1203 882 1318 945 etsi
1370 891 1621 962 propter
1672 882 1915 963 angelos
1971 883 2219 947 velanda
2262 893 2384 959 est,
2455 888 2593 951 sine

230 979 414 1043 dubio
458 979 533 1041 ab
578 999 647 1043 ea
689 990 882 1045 aetate
920 981 1017 1043 lex
1058 982 1368 1047 velaminis
1406 983 1791 1064 'operabitur
1832 1003 1869 1045 a
1909 1004 2029 1063 qua
2065 993 2391 1066 potuerunt
2433 987 2589 1051 filiae

230 1080 542 1143 hominum
587 1082 1126 1161 concupiscentiam
1171 1084 1267 1145 sui
1309 1084 1638 1148 'adducere
1694 1095 1755 1148 et
1794 1086 2031 1166 nuptias
2087 1087 2230 1166 peti.
2336 1087 2425 1151 Ex
2481 1089 2585 1151 illo

231 1181 394 1245 enim
435 1180 635 1262 ‘'virgo
679 1180 904 1247 desinit
944 1202 1014 1245 ex
1059 1202 1178 1263 quo
1221 1193 1421 1265 potest
1462 1204 1585 1248 non
1630 1205 1789 1249 esse.
1874 1186 1957 1249 Et·
1994 1186 2129 1249 ideo
2174 1206 2362 1268 penes
2398 1188 2586 1261 lsrael

227 1282 496 1351 illicitum
540 1292 637 1344 est
680 1285 750 1345 ad
794 1284 986 1346 virum
1029 1285 1263 1349 tradere
1304 1286 1423 1348 nisi
1477 1295 1620 1368 post
1675 1294 2063 1349 contestatem
2118 1289 2407 1368 sauguine
2450 1309 2585 1353 ma·-

230 1383 568 1457 turitatem3
612 1384 692 1447 ita
734 1392 869 1446 ante
911 1384 1072 1449 hunc
1113 1385 1368 1449 indicem
1411 1386 1649 1450 acerba‘
1694 1406 1794 1450 res
1839 1396 1953 1451 est.
2034 1388 2222 1468 Igitur
2251 1389 2303 1453 si
2332 1398 2453 1453 tam
2480 1391 2587 1455 diu

228 1484 397 1563 virgo
439 1484 720 1564 quamdiu
764 1485 973 1549 acerba
1018 1495 1144 1559 est,
1209 1487 1430 1549 desinit
1473 1487 1516 1519 ¹⁰
1529 1487 1859 1566 virginem*
1900 1508 2039 1553 eum
2080 1486 2309 1553 matura
2351 1508 2582 1569 cogno-

229 1583 452 1658 scitur,
520 1595 579 1649 et
634 1596 700 1654 ιιι
752 1603 875 1648 non
918 1587 1086 1665 virgo
1129 1587 1244 1649 iam
1287 1587 1401 1666 legi
1447 1588 1804 1668 applicatur,
1878 1588 2133 1653 sicutet
2172 1591 2420 1671 nuptiis.
2507 1591 2586 1653 Et

195 1728 200 1732 -
231 1686 626 1765 desponsatae
656 1687 894 1766 quidem
921 1687 1141 1749 habent
1169 1688 1500 1768 exemplum
1529 1689 1862 1761 Rebeccae,
1908 1708 2062 1769 quae
2102 1709 2238 1753 eum
2280 1691 2357 1755 ad
2384 1709 2576 1771 spon-
2596 1682 2864 1790 ῧθξζξιψι

229 1805 363 1849 sum
406 1787 675 1866 ignotum
731 1788 923 1849 adhuc
973 1788 1174 1868 ignota
1227 1789 1688 1868 perduceretur,
1755 1789 1993 1853 ¹¹simul
2050 1790 2251 1870 ipsum
2305 1793 2589 1871 cognovit:

229 1900 402 1950 esse
428 1906 606 1968 quem
660 1888 735 1948 de
800 1888 1125 2003 longinquo
1196 1888 1674 1971 ”prospexerat
1749 1908 1872 1955 non
1936 1891 2248 1953 sustinuit¹
2306 1891 2587 1955 dexterae

227 1988 703 2055 colluctationem
747 2007 857 2051 nec
902 1966 1093 2052 osculi
1133 1993 1624 2069 congressionem
1669 2009 1783 2055 nec
1824 1990 2294 2055 salunuonis¹⁸
2304 2011 2583 2057 commu-

229 2090 659 2164 nicationem’,
725 2090 833 2151 sed
889 2092 1168 2153 confessa
1222 2091 1382 2169 quod
1436 2100 1738 2164 sensemt,
1803 2091 1863 2153 id
1922 2103 2016 2155 eet
2059 2091 2271 2171 spiritu
2314 2101 2583 2174 nuptam,

227 2190 468 2269 negavit
505 2191 793 2270 virginem
835 2192 1019 2253 velata
1064 2190 1304 2253 ibidem.
1400 2191 1451 2254 Ο
1496 2191 1809 2255 mulierem
1850 2191 1967 2253 iam
2010 2192 2085 2253 de
2131 2192 2352 2254 Christi
2395 2193 2581 2257 ‹fisci-

225 2289 415 2372 plina!
503 2291 784 2355 Ostendit
845 2291 1006 2355 enim
1070 2293 1246 2355 etim
1310 2291 1546 2371 nuptias
1603 2292 1681 2353 de
1733 2299 1979 2372 aspectu
2040 2301 2107 2353 et
2172 2291 2373 2354 animo
2427 2293 2578 2365 lieri,

228 2393 728 2472 quemadmodum
773 2400 1082 2472 stuprum3
1137 2393 1259 2455 nisi
1301 2394 1463 2473 quod
1507 2393 1685 2455 etiam
1728 2391 2054 2455 Rebeccam
2108 2392 2346 2471 quidam
2390 2392 2585 2457 adsue

229 2493 485 2555 velant·.
551 2493 637 2559 De
682 2494 897 2558 ceteris
941 2512 1117 2567 vero,
1162 2494 1224 2556 id
1267 2502 1364 2556 est
1404 2512 1558 2574 quae
1599 2493 2001 2572 desponsatae
2040 2511 2164 2555 non
2206 2500 2381 2567 sunt,
2430 2493 2578 2556 ¹⁴vi-·

231 2646 282 2696 5.
311 2646 388 2698 .lta
425 2646 610 2698 ABCab.
683 2646 847 2728 ltaque
883 2649 955 2700 cd.
1039 2646 1087 2697 6.
1125 2646 1303 2712 quique
1336 2646 1517 2698 ABCca.
1560 2647 1766 2698 vaticam·
1791 2653 1898 2697 tres.
1970 2648 2174 2711 quisque
2209 2648 2285 2698 ab.
2372 2646 2420 2696 7.
2458 2662 2580 2711 ope

229 2714 431 2763 rebatur
463 2715 549 2765 ΑΒ.
656 2713 724 2764 8.
741 2716 981 2765 abducere
1014 2716 1102 2766 ΑΒ.
1185 2714 1270 2764 9.
1263 2716 1405 2776 virgo
1443 2715 1617 2764 desunt
1653 2719 1703 2764 A.
1774 2715 1979 2776 virgines
2015 2714 2191 2762 desunt
2223 2713 2578 2764 A.1o.vir·

227 2783 343 2843 gine
377 2781 463 2832 ΑΒ.
537 2796 646 2831 esse
682 2783 882 2844 virgoA.
905 2799 965 2833 m.
985 2798 1076 2833 sec.
1171 2782 1251 2833 11.
1288 2783 1513 2832 similiter
1547 2781 1683 2830 illum
1702 2781 1790 2832 ΑΒ.
1877 2780 1956 2830 12.
1993 2788 2308 2844 prospexerat
2344 2782 2389 2830 d.
2460 2795 2578 2845 per·

229 2857 457 2912 spexerat
489 2851 675 2914 reliqui.
762 2848 841 2900 13.
879 2850 1268 2900 communionem
1304 2849 1391 2900 ΑΒ.
1412 2857 1506 2900 tres
1524 2839 1749 2899 Vaticani.
1832 2847 1911 2898 14.
1949 2849 2118 2898 viderit
2152 2857 2406 2913 parentum
2443 2849 2577 2900 abed.

227 2916 435 2967 viderint
469 2925 551 2967 aut
585 2925 839 2981 parentum
873 2917 997 2969 ABG.

1455 3013 1797 3076 maturitateib,
1855 3023 1903 3064 et
1950 3027 2064 3068 caro
2109 3029 2202 3078 per
2252 3022 2476 3076 aetatem,
2528 3024 2578 3065 et

1453 3083 1656 3148 spiritus
1692 3097 1782 3147 per
1816 3082 2179 3141 conscientiam,
2214 3090 2261 3133 et
2296 3083 2454 3146 pudor
2489 3097 2611 3147 per·

1455 3150 1609 3201 osculi
1646 3151 2044 3214 experimentum,
2081 3158 2127 3199 et
2163 3163 2277 3212 spes
2314 3165 2411 3213 per-
2430 3164 2579 3214 expe-

1457 3219 1733 3277 ctationem,
1772 3225 1819 3267 et
1855 3231 1995 3268 meus
2016 3231 2106 3281 per
2122 3217 2433 3267 voluntatem.
2485 3219 2577 3267 Sa-

1453 3287 1614 3350 tisque
1650 3285 1793 3334 nobis
1827 3284 2048 3347 exemplo
2077 3284 2291 3334 Rebecca
2328 3292 2418 3343 est,
2454 3298 2581 3348 qnae

1455 3367 1643 3417 sponso
1679 3352 2009 3402 demonstrato
2045 3360 2227 3402 tantum
2271 3352 2437 3402 notitia
2475 3352 2583 3402 eins

1455 3420 1682 3471 nubendo
1720 3420 1872 3470 velata
1908 3419 2035 3468 est.“
2642 3423 2663 3452 ἱ

1523 3506 1554 3553 ι.
1592 3498 1790 3568 acerba]
1825 3504 2101 3553 immatura.
2150 3503 2198 3551 V.
2236 3502 2358 3553 Non.
2398 3517 2445 3566 p.
2461 3500 2578 3551 247.

1456 3572 1599 3622 Herc.
1655 3587 1697 3622 s.
1726 3586 1767 3619 v.
1840 3571 2019 3621 Barthii
2067 3569 2287 3620 Adverss.
2334 3570 2578 3627 xlx,15.

1455 3656 1504 3705 p.
1524 3639 1673 3699 994.,
1723 3645 1770 3687 et
1816 3653 1940 3702 quae
1989 3638 2207 3688 adnotavi
2255 3637 2315 3687 ad
2352 3638 2579 3686 Varronis

1455 3709 1616 3759 Satur.
1654 3705 1863 3770 Menipp.
1912 3706 2097 3769 Reliqn.
2132 3705 2378 3766 Agathone
2426 3719 2474 3766 p.
2494 3704 2577 3754 91.

1523 3792 1567 3840 lt.
1606 3790 1785 3840 desinit
1818 3782 2072 3853 virginem]
2124 3787 2194 3836 De
2240 3796 2480 3840 structura
2517 3788 2579 3837 cf.

1456 3873 1581 3923 quae
1618 3857 1863 3917 congessit
1899 3855 2115 3906 Hildebr.
2153 3855 2211 3905 ad
2229 3855 2369 3919 Apul.
2390 3855 2577 3905 Metam.
2609 3915 2613 3920 ,

223 3026 327 3076 tus,
380 3017 608 3079 virginem
661 3031 772 3067 sese
808 3016 1089 3078 intellegere
1125 3031 1351 3067 sensum-

223 3099 325 3148 que
361 3092 560 3134 naturae
594 3099 712 3136 suae
748 3086 946 3144 intrare,
984 3092 1032 3134 et
1066 3085 1127 3138 de
1157 3085 1352 3147 virgini·

226 3160 328 3202 tate
365 3152 492 3201 exire
528 3160 576 3201 et
610 3152 802 3216 nuptias
839 3153 954 3215 pati.

297 3234 344 3281 g.
381 3219 499 3270 nihil
538 3214 772 3298 primum]
821 3220 1020 3283 Ellipsis
1069 3219 1151 3268 illa
1199 3217 1352 3268 usita-

221 3286 416 3336 tissima
453 3288 762 3350 comparativi
796 3290 963 3351 mauis.
1024 3286 1071 3335 V.
1108 3300 1232 3350 qnae
1266 3285 1355 3334 ad·

228 3362 394 3405 notata
429 3363 544 3406 sunt
575 3355 639 3404 ad
674 3355 745 3403 De
781 3355 910 3405 Test.
944 3353 1140 3403 Animae
1176 3367 1281 3420 cap.
1305 3351 1353 3402 2.

302 3422 352 3471 lt.
407 3417 610 3487 quique]
669 3421 845 3486 Quique
892 3436 981 3485 pro
1061 3423 1241 3484 uisque,
1305 3428 1357 3470 ut

225 3501 382 3551 saepe
418 3488 568 3553 alique·
617 3503 706 3552 pro
754 3491 1254 3554 alleviamenta
1290 3488 1354 3538 cr.

229 3557 300 3607 De
337 3555 471 3606 Orat.
508 3570 613 3619 cap.
640 3554 756 3617 22,
759 3557 915 3617 ,Nunc
949 3564 1082 3606 aetas
1117 3569 1242 3619 quae
1274 3569 1356 3604 ss·

223 3637 342 3673 xum
377 3636 519 3673 snum
573 3625 764 3686 ignorat
799 3623 1124 3687 simplicitatis
1159 3623 1354 3686 privile·

227 3692 362 3752 gium
398 3698 573 3740 teneat.
643 3691 762 3741 Nam
800 3701 849 3741 et
867 3691 958 3742 Eva
996 3699 1044 3741 et
1067 3690 1234 3750 Adam,
1271 3691 1354 3740 ubi

225 3760 306 3808 eis
342 3758 541 3821 contigit
573 3772 765 3823 sapere,
803 3766 1022 3809 texerunt
1039 3758 1200 3810 statim
1224 3757 1355 3834 quod

225 3833 539 3887 agnoverant.
622 3827 764 3877 Certe
823 3827 871 3876 ιιι
918 3827 1096 3890 quibus
1148 3826 1355 3888 pueritia

167 3913 178 3922 ·
224 3895 327 3944 iam
363 3895 575 3953 mutavit,
611 3895 738 3944 sicut
754 3902 986 3960 naturae,
1021 3894 1086 3942 ita
1123 3900 1171 3942 et
1206 3892 1355 3942 disci·

225 3961 394 4025 plinae
428 3961 574 4011 debet
608 3969 742 4010 setes
778 3975 888 4011 esse
924 3961 1163 4010 munifica.
1233 3959 1352 4009 Nam

223 4036 280 4077 ct
317 4029 548 4079 membris
599 4037 647 4078 et
682 4029 857 4080 ciliciis
906 4027 1224 4080 muliebribus
1274 4041 1356 4076 re-

223 4097 498 4159 signantur.
542 4095 686 4146 Nulla
721 4097 853 4158 virgo
889 4103 964 4146 est
999 4109 1054 4145 ex
1075 4109 1169 4159 quo
1192 4101 1356 4158 potest

227 4162 434 4223 nubere,
469 4165 698 4227 quoniam
735 4171 869 4213 aetas
904 4164 998 4213 iam
1037 4163 1082 4212 in
1114 4178 1168 4213 sa
1191 4162 1356 4225 nupsit

223 4244 322 4279 sno
358 4230 478 4289 viro,
516 4229 562 4280 id
601 4238 676 4280 est
695 4231 904 4293 tempori
936 4256 1006 4267 -
1041 4254 1106 4266 -—
1141 4255 1235 4278 ·-—.
1285 4229 1354 4278 De

225 4298 332 4347 illis
365 4305 528 4348 tanea
563 4312 688 4363 quae
722 4298 919 4362 sponsis
955 4298 1193 4356 dicantur,
1234 4311 1356 4347 con-

223 4372 416 4416 stanter
450 4378 598 4429 super
633 4380 804 4418 meum
848 4365 1097 4416 modulum
1135 4378 1357 4429 prom·

213 4433 355 4488 ‚tiare
392 4434 750 4498 contestarique
800 4445 1004 4497 possum
1040 4432 1263 4482 velandas
1300 4445 1356 4481 ex

223 4515 286 4562 qa
325 4499 404 4549 die
442 4514 550 4550 esse
587 4516 680 4565 qua
716 4501 776 4551 ad
813 4501 1021 4564 primum
1059 4500 1144 4550 viri
1177 4513 1356 4564 corpus

224 4567 404 4617 osculo
461 4575 509 4616 et
560 4567 753 4617 dextera
807 4567 1096 4631 expaverint.
1183 4567 1358 4620 omnia

217 4635 360 4686 enim
398 4635 446 4684 in
485 4634 559 4684 liis
595 4643 1002 4699 praenupserunt,
1038 4642 1086 4684 et
1118 4641 1248 4684 aetas
1271 4649 1361 4698 per

1458 3922 1803 3989 v,...6p322

1525 4009 1558 4059 1.
1596 4003 1849 4088 sustinuit]
1885 4006 2173 4070 Expectavit.
2230 4006 2303 4056 Cf.
2334 4005 2494 4058 adnot.
2520 4005 2593 4058 ad·

1455 4078 1525 4127 De
1559 4077 1690 4139 Fuga
1730 4078 1777 4126 in
1815 4076 2060 4125 Persecut.
2098 4089 2205 4138 cap
2228 4073 2309 4126 11.

1523 4175 1589 4213 m.
1624 4161 1849 4211 dexterae
1868 4154 2284 4221 colluctationem]
2315 4157 2467 4209 Veluti
2486 4172 2580 4224 pun

1456 4228 1626 4278 dorem
1662 4229 1759 4278 iam
1793 4226 2071 4289 virginalem
2110 4226 2390 4276 invadentis.

1525 4311 1573 4345 n.
1611 4295 1703 4347 nisi
1734 4297 1871 4359 qnod
1906 4298 2049 4345 etiam
2082 4295 2349 4344 Rebeccam
2382 4293 2581 4357 quidam

1456 4362 1616 4414 adhuc
1650 4358 1849 4428 velant]
1896 4363 1998 4412 Hoc
2030 4369 2106 4411 est
2139 4362 2345 4425 virgines
2384 4361 2583 4423 quidem

1456 4431 1781 4494 desponsatas
1814 4429 2035 4480 nonnulli
2070 4430 2229 4479 adhue
2261 4428 2437 4487 velant,
2485 4429 2581 4477 mi·

1458 4499 1587 4549 nime
1623 4505 1783 4547 antem
1819 4505 2021 4549 ceteras.
2078 4498 2137 4547 At
2169 4495 2500 4547 Tertullianus
2531 4503 2583 4546 ιι

1458 4573 1645 4616 ceteras
1680 4580 1874 4631 quoque
1907 4564 2145 4616 velandas-
2169 4578 2281 4614 esse
2315 4563 2577 4613 contendit.

1458 4632 1673 4697 (Rigalt.)
1722 4635 1727 4640 '

2170 4715 2233 4765 57
2252 4713 2285 4748 ¹⁸¹
