<?xml version="1.0" encoding="UTF-8"?>
<!DOCTYPE html PUBLIC "-//W3C//DTD XHTML 1.0 Transitional//EN"
    "http://www.w3.org/TR/xhtml1/DTD/xhtml1-transitional.dtd">
<html xmlns="http://www.w3.org/1999/xhtml" xml:lang="en" lang="en">
 <head>
  <title>
</title>
<meta http-equiv="Content-Type" content="text/html;charset=utf-8" />
  <meta name='ocr-system' content='tesseract 3.04.00' />
  <meta name='ocr-capabilities' content='ocr_page ocr_carea ocr_par ocr_line ocrx_word'/>
</head>
<body>
  <div class='ocr_page' id='page_1' title='image "./quintiseptimiif04tertgoog_0851.png"; bbox 0 0 3263 5311; ppageno 0'>
   <div class='ocr_carea' id='block_1_1' title="bbox 1081 421 2471 522">
    <p class='ocr_par' dir='ltr' id='par_1_1' title="bbox 1081 421 2471 522">
     <span class='ocr_line' id='line_1_1' title="bbox 1081 421 2471 522; baseline 0.004 -43"><span class='ocrx_word' id='word_1_1' title='bbox 1081 437 1158 480; x_wconf 73' lang='lat' dir='ltr'><strong>ne</strong></span> <span class='ocrx_word' id='word_1_2' title='bbox 1203 436 1520 481; x_wconf 76' lang='lat' dir='ltr'><strong>rnnxcrru.</strong></span> <span class='ocrx_word' id='word_1_3' title='bbox 1742 443 1749 448; x_wconf 95' lang='lat'>·</span> <span class='ocrx_word' id='word_1_4' title='bbox 2347 421 2471 522; x_wconf 67' lang='lat' dir='ltr'><strong>8l5</strong></span> 
     </span>
    </p>
   </div>
   <div class='ocr_carea' id='block_1_2' title="bbox 99 585 2724 2992">
    <p class='ocr_par' dir='ltr' id='par_1_2' title="bbox 99 585 2724 2992">
     <span class='ocr_line' id='line_1_2' title="bbox 160 585 2474 669; baseline 0 -18"><span class='ocrx_word' id='word_1_5' title='bbox 160 589 297 669; x_wconf 88' lang='lat' dir='ltr'><strong>quod</strong></span> <span class='ocrx_word' id='word_1_6' title='bbox 333 585 549 650; x_wconf 88' lang='lat' dir='ltr'><strong>nemini</strong></span> <span class='ocrx_word' id='word_1_7' title='bbox 593 587 796 660; x_wconf 79' lang='lat' dir='ltr'><strong>facile,</strong></span> <span class='ocrx_word' id='word_1_8' title='bbox 860 587 994 666; x_wconf 89' lang='lat' dir='ltr'><strong>quis</strong></span> <span class='ocrx_word' id='word_1_9' title='bbox 1039 595 1206 649; x_wconf 88' lang='lat' dir='ltr'><strong>esset</strong></span> <span class='ocrx_word' id='word_1_10' title='bbox 1245 587 1564 660; x_wconf 80' lang='lat' dir='ltr'><strong>ostendit⁸,</strong></span> <span class='ocrx_word' id='word_1_11' title='bbox 1629 586 1778 650; x_wconf 83' lang='lat' dir='ltr'>nihil</span> <span class='ocrx_word' id='word_1_12' title='bbox 1835 606 1908 648; x_wconf 80' lang='lat' dir='ltr'><strong>ex</strong></span> <span class='ocrx_word' id='word_1_13' title='bbox 1961 585 2079 649; x_wconf 91' lang='lat' dir='ltr'><strong>hoc</strong></span> <span class='ocrx_word' id='word_1_14' title='bbox 2119 588 2474 651; x_wconf 84' lang='lat' dir='ltr'><strong>adversariis</strong></span> 
     </span>
     <span class='ocr_line' id='line_1_3' title="bbox 159 687 2541 778; baseline 0 -25"><span class='ocrx_word' id='word_1_15' title='bbox 159 690 461 762; x_wconf 82' lang='lat' dir='ltr'>confertur,</span> <span class='ocrx_word' id='word_1_16' title='bbox 535 687 684 750; x_wconf 72' lang='lat' dir='ltr'><strong>‘etsi</strong></span> <span class='ocrx_word' id='word_1_17' title='bbox 752 688 870 750; x_wconf 89' lang='lat' dir='ltr'><strong>iam</strong></span> <span class='ocrx_word' id='word_1_18' title='bbox 929 687 1280 751; x_wconf 88' lang='lat' dir='ltr'><strong>Christianis</strong></span> <span class='ocrx_word' id='word_1_19' title='bbox 1344 688 1575 750; x_wconf 81' lang='lat' dir='ltr'><strong>veniam</strong></span> <span class='ocrx_word' id='word_1_20' title='bbox 1640 688 1992 750; x_wconf 80' lang='lat' dir='ltr'><strong>delictorum</strong></span> <span class='ocrx_word' id='word_1_21' title='bbox 2053 689 2474 770; x_wconf 68' lang='lat' dir='ltr'><strong>praestitisset.</strong></span> <span class='ocrx_word' id='word_1_22' title='bbox 2530 768 2541 778; x_wconf 26' lang='grc' dir='ltr'>ἱ</span> 
     </span>
     <span class='ocr_line' id='line_1_4' title="bbox 155 788 2473 869; baseline 0 -17"><span class='ocrx_word' id='word_1_23' title='bbox 155 791 304 852; x_wconf 88' lang='lat' dir='ltr'><strong>Nunc</strong></span> <span class='ocrx_word' id='word_1_24' title='bbox 342 789 495 851; x_wconf 88' lang='lat' dir='ltr'><strong>enim</strong></span> <span class='ocrx_word' id='word_1_25' title='bbox 539 788 827 864; x_wconf 85' lang='lat' dir='ltr'><strong>dicimus,</strong></span> <span class='ocrx_word' id='word_1_26' title='bbox 883 788 1009 851; x_wconf 87' lang='lat' dir='ltr'><strong>Soli</strong></span> <span class='ocrx_word' id='word_1_27' title='bbox 1033 789 1296 858; x_wconf 77' lang='lat' dir='ltr'><strong>domino</strong></span> <span class='ocrx_word' id='word_1_28' title='bbox 1341 789 1459 852; x_wconf 91' lang='lat' dir='ltr'><strong>hoc</strong></span> <span class='ocrx_word' id='word_1_29' title='bbox 1498 789 1665 864; x_wconf 90' lang='lat' dir='ltr'><strong>licet,</strong></span> <span class='ocrx_word' id='word_1_30' title='bbox 1724 788 1903 851; x_wconf 91' lang='lat' dir='ltr'><strong>hodie</strong></span> <span class='ocrx_word' id='word_1_31' title='bbox 1958 796 2228 869; x_wconf 84' lang='lat' dir='ltr'><strong>potestas</strong></span> <span class='ocrx_word' id='word_1_32' title='bbox 2271 790 2473 853; x_wconf 88' lang='lat' dir='ltr'><strong>indul-</strong></span> 
     </span>
     <span class='ocr_line' id='line_1_5' title="bbox 155 889 2477 972; baseline 0.001 -19"><span class='ocrx_word' id='word_1_33' title='bbox 155 891 362 972; x_wconf 83' lang='lat' dir='ltr'><strong>gentiac</strong></span> <span class='ocrx_word' id='word_1_34' title='bbox 406 889 534 954; x_wconf 84' lang='lat' dir='ltr'><strong>eius</strong></span> <span class='ocrx_word' id='word_1_35' title='bbox 577 898 874 968; x_wconf 79' lang='lat' dir='ltr'><strong>operetur.</strong></span> <span class='ocrx_word' id='word_1_36' title='bbox 961 889 1078 951; x_wconf 67' lang='lat' dir='ltr'><strong>‘Ad</strong></span> <span class='ocrx_word' id='word_1_37' title='bbox 1133 889 1230 951; x_wconf 90' lang='lat' dir='ltr'><strong>illa</strong></span> <span class='ocrx_word' id='word_1_38' title='bbox 1283 898 1480 953; x_wconf 91' lang='lat' dir='ltr'><strong>tamen</strong></span> <span class='ocrx_word' id='word_1_39' title='bbox 1543 900 1844 970; x_wconf 88' lang='lat' dir='ltr'><strong>tempora,</strong></span> <span class='ocrx_word' id='word_1_40' title='bbox 1910 890 2125 971; x_wconf 91' lang='lat' dir='ltr'><strong>quibus</strong></span> <span class='ocrx_word' id='word_1_41' title='bbox 2180 891 2242 953; x_wconf 90' lang='lat' dir='ltr'><strong>in</strong></span> <span class='ocrx_word' id='word_1_42' title='bbox 2295 893 2477 955; x_wconf 88' lang='lat' dir='ltr'><strong>terris</strong></span> 
     </span>
     <span class='ocr_line' id='line_1_6' title="bbox 154 990 2472 1073; baseline 0.001 -19"><span class='ocrx_word' id='word_1_43' title='bbox 154 993 278 1072; x_wconf 82' lang='lat' dir='ltr'><strong>egit,</strong></span> <span class='ocrx_word' id='word_1_44' title='bbox 329 992 441 1053; x_wconf 91' lang='lat' dir='ltr'><strong>hoc</strong></span> <span class='ocrx_word' id='word_1_45' title='bbox 481 991 798 1054; x_wconf 77' lang='lat' dir='ltr'><strong>delinimus</strong></span> <span class='ocrx_word' id='word_1_46' title='bbox 844 990 992 1053; x_wconf 90' lang='lat' dir='ltr'><strong>nihil</strong></span> <span class='ocrx_word' id='word_1_47' title='bbox 1033 991 1350 1053; x_wconf 83' lang='lat' dir='ltr'><strong>adversum</strong></span> <span class='ocrx_word' id='word_1_48' title='bbox 1391 1009 1506 1054; x_wconf 90' lang='lat' dir='ltr'><strong>nos</strong></span> <span class='ocrx_word' id='word_1_49' title='bbox 1550 991 1989 1072; x_wconf 86' lang='lat' dir='ltr'><strong>praeiudicare,</strong></span> <span class='ocrx_word' id='word_1_50' title='bbox 2040 992 2095 1054; x_wconf 89' lang='lat' dir='ltr'><strong>si</strong></span> <span class='ocrx_word' id='word_1_51' title='bbox 2137 995 2472 1073; x_wconf 84' lang='lat' dir='ltr'><strong>peccatori-</strong></span> 
     </span>
     <span class='ocr_line' id='line_1_7' title="bbox 146 1091 2477 1175; baseline 0.001 -19"><span class='ocrx_word' id='word_1_52' title='bbox 146 1093 254 1156; x_wconf 86' lang='lat' dir='ltr'><strong>bus</strong></span> <span class='ocrx_word' id='word_1_53' title='bbox 294 1092 460 1154; x_wconf 88' lang='lat' dir='ltr'><strong>etiam</strong></span> <span class='ocrx_word' id='word_1_54' title='bbox 500 1091 738 1155; x_wconf 88' lang='lat' dir='ltr'><strong>Iudaeis</strong></span> <span class='ocrx_word' id='word_1_55' title='bbox 781 1092 952 1155; x_wconf 82' lang='lat' dir='ltr'><strong>venia</strong></span> <span class='ocrx_word' id='word_1_56' title='bbox 995 1092 1427 1155; x_wconf 80' lang='lat' dir='ltr'><strong>conferebatur.</strong></span> <span class='ocrx_word' id='word_1_57' title='bbox 1507 1092 1843 1155; x_wconf 88' lang='lat' dir='ltr'><strong>Christiana</strong></span> <span class='ocrx_word' id='word_1_58' title='bbox 1887 1093 2044 1155; x_wconf 89' lang='lat' dir='ltr'><strong>enim</strong></span> <span class='ocrx_word' id='word_1_59' title='bbox 2089 1093 2399 1175; x_wconf 80' lang='lat' dir='ltr'><strong>disciplina</strong></span> <span class='ocrx_word' id='word_1_60' title='bbox 2441 1114 2477 1158; x_wconf 89' lang='lat' dir='ltr'><strong>a</strong></span> 
     </span>
     <span class='ocr_line' id='line_1_8' title="bbox 148 1193 2475 1275; baseline 0.001 -19"><span class='ocrx_word' id='word_1_61' title='bbox 148 1193 443 1256; x_wconf 83' lang='lat' dir='ltr'><strong>novatione</strong></span> <span class='ocrx_word' id='word_1_62' title='bbox 488 1193 824 1256; x_wconf 78' lang='lat' dir='ltr'><strong>testamenti</strong></span> <span class='ocrx_word' id='word_1_63' title='bbox 868 1202 961 1269; x_wconf 90' lang='lat' dir='ltr'><strong>et,</strong></span> <span class='ocrx_word' id='word_1_64' title='bbox 1006 1201 1074 1256; x_wconf 90' lang='lat' dir='ltr'><strong>ut</strong></span> <span class='ocrx_word' id='word_1_65' title='bbox 1114 1193 1559 1274; x_wconf 86' lang='lat' dir='ltr'><strong>praemisimus,</strong></span> <span class='ocrx_word' id='word_1_66' title='bbox 1604 1212 1640 1256; x_wconf 92' lang='lat' dir='ltr'><strong>a</strong></span> <span class='ocrx_word' id='word_1_67' title='bbox 1682 1194 2094 1275; x_wconf 78' lang='lat' dir='ltr'><strong>redemptione</strong></span> <span class='ocrx_word' id='word_1_68' title='bbox 2137 1196 2368 1269; x_wconf 79' lang='lat' dir='ltr'><strong>carnis,</strong></span> <span class='ocrx_word' id='word_1_69' title='bbox 2413 1196 2475 1258; x_wconf 92' lang='lat' dir='ltr'><strong>id</strong></span> 
     </span>
     <span class='ocr_line' id='line_1_9' title="bbox 146 1294 2474 1377; baseline 0.001 -20"><span class='ocrx_word' id='word_1_70' title='bbox 146 1302 235 1357; x_wconf 88' lang='lat' dir='ltr'><strong>est</strong></span> <span class='ocrx_word' id='word_1_71' title='bbox 283 1295 502 1356; x_wconf 89' lang='lat' dir='ltr'><strong>domini</strong></span> <span class='ocrx_word' id='word_1_72' title='bbox 555 1294 841 1375; x_wconf 80' lang='lat' dir='ltr'><strong>passione</strong></span> <span class='ocrx_word' id='word_1_73' title='bbox 895 1295 1234 1357; x_wconf 70' lang='lat' dir='ltr'><strong>censeturb.</strong></span> <span class='ocrx_word' id='word_1_74' title='bbox 1353 1295 1543 1358; x_wconf 87' lang='lat' dir='ltr'><strong>Nemo</strong></span> <span class='ocrx_word' id='word_1_75' title='bbox 1604 1296 1904 1376; x_wconf 79' lang='lat' dir='ltr'><strong>perfectus</strong></span> <span class='ocrx_word' id='word_1_76' title='bbox 1970 1304 2106 1358; x_wconf 88' lang='lat' dir='ltr'><strong>ante</strong></span> <span class='ocrx_word' id='word_1_77' title='bbox 2169 1305 2474 1377; x_wconf 88' lang='lat' dir='ltr'><strong>repertum</strong></span> 
     </span>
     <span class='ocr_line' id='line_1_10' title="bbox 145 1394 2470 1479; baseline 0.001 -22"><span class='ocrx_word' id='word_1_78' title='bbox 145 1395 398 1458; x_wconf 83' lang='lat' dir='ltr'><strong>ordinem</strong></span> <span class='ocrx_word' id='word_1_79' title='bbox 452 1395 600 1472; x_wconf 86' lang='lat' dir='ltr'><strong>fide,</strong></span> <span class='ocrx_word' id='word_1_80' title='bbox 665 1414 842 1458; x_wconf 90' lang='lat' dir='ltr'><strong>nemo</strong></span> <span class='ocrx_word' id='word_1_81' title='bbox 886 1394 1262 1458; x_wconf 81' lang='lat' dir='ltr'><strong>Christianus</strong></span> <span class='ocrx_word' id='word_1_82' title='bbox 1315 1405 1453 1460; x_wconf 88' lang='lat' dir='ltr'><strong>ante</strong></span> <span class='ocrx_word' id='word_1_83' title='bbox 1509 1396 1810 1459; x_wconf 84' lang='lat' dir='ltr'><strong>Christum</strong></span> <span class='ocrx_word' id='word_1_84' title='bbox 1865 1397 2026 1458; x_wconf 87' lang='lat' dir='ltr'><strong>caelo</strong></span> <span class='ocrx_word' id='word_1_85' title='bbox 2077 1407 2470 1479; x_wconf 88' lang='lat' dir='ltr'><strong>resumptum,</strong></span> 
     </span>
     <span class='ocr_line' id='line_1_11' title="bbox 138 1481 2471 1581; baseline 0.002 -22"><span class='ocrx_word' id='word_1_86' title='bbox 138 1516 309 1559; x_wconf 90' lang='lat' dir='ltr'><strong>nemo</strong></span> <span class='ocrx_word' id='word_1_87' title='bbox 351 1503 592 1558; x_wconf 89' lang='lat' dir='ltr'><strong>sanctus</strong></span> <span class='ocrx_word' id='word_1_88' title='bbox 634 1506 770 1559; x_wconf 85' lang='lat' dir='ltr'><strong>ante</strong></span> <span class='ocrx_word' id='word_1_89' title='bbox 814 1495 1089 1577; x_wconf 89' lang='lat' dir='ltr'><strong>spiritum</strong></span> <span class='ocrx_word' id='word_1_90' title='bbox 1132 1505 1400 1560; x_wconf 89' lang='lat' dir='ltr'><strong>sanctum</strong></span> <span class='ocrx_word' id='word_1_91' title='bbox 1444 1497 1520 1560; x_wconf 88' lang='lat' dir='ltr'><strong>de</strong></span> <span class='ocrx_word' id='word_1_92' title='bbox 1547 1497 1711 1560; x_wconf 89' lang='lat' dir='ltr'><strong>caelo</strong></span> <span class='ocrx_word' id='word_1_93' title='bbox 1740 1481 2252 1578; x_wconf 81' lang='lat' dir='ltr'><strong>repraesentatum</strong></span> <span class='ocrx_word' id='word_1_94' title='bbox 2279 1500 2471 1581; x_wconf 86' lang='lat' dir='ltr'><strong>ipsius</strong></span> 
     </span>
     <span class='ocr_line' id='line_1_12' title="bbox 137 1579 1260 1679; baseline -0.002 -17"><span class='ocrx_word' id='word_1_95' title='bbox 137 1597 472 1679; x_wconf 86' lang='lat' dir='ltr'><strong>disciplinae</strong></span> <span class='ocrx_word' id='word_1_96' title='bbox 514 1597 1055 1662; x_wconf 83' lang='lat' dir='ltr'><strong>determinatorem.</strong></span> <span class='ocrx_word' id='word_1_97' title='bbox 1243 1579 1260 1590; x_wconf 56' lang='lat'><em>⁶</em></span> 
     </span>
     <span class='ocr_line' id='line_1_13' title="bbox 300 1697 2724 1781; baseline 0.002 -22"><span class='ocrx_word' id='word_1_98' title='bbox 300 1699 498 1780; x_wconf 87' lang='lat' dir='ltr'><strong>ltaque</strong></span> <span class='ocrx_word' id='word_1_99' title='bbox 541 1697 640 1760; x_wconf 89' lang='lat' dir='ltr'><strong>isti</strong></span> <span class='ocrx_word' id='word_1_100' title='bbox 684 1698 783 1780; x_wconf 88' lang='lat' dir='ltr'><strong>qui</strong></span> <span class='ocrx_word' id='word_1_101' title='bbox 827 1698 1004 1762; x_wconf 90' lang='lat' dir='ltr'><strong>alium</strong></span> <span class='ocrx_word' id='word_1_102' title='bbox 1045 1698 1406 1781; x_wconf 88' lang='lat' dir='ltr'><strong>paracletum</strong></span> <span class='ocrx_word' id='word_1_103' title='bbox 1449 1699 1511 1761; x_wconf 91' lang='lat' dir='ltr'><strong>in</strong></span> <span class='ocrx_word' id='word_1_104' title='bbox 1555 1699 1842 1779; x_wconf 89' lang='lat' dir='ltr'><strong>apostolis</strong></span> <span class='ocrx_word' id='word_1_105' title='bbox 1899 1708 1959 1761; x_wconf 90' lang='lat' dir='ltr'><strong>et</strong></span> <span class='ocrx_word' id='word_1_106' title='bbox 2011 1719 2120 1779; x_wconf 90' lang='lat' dir='ltr'><strong>per</strong></span> <span class='ocrx_word' id='word_1_107' title='bbox 2162 1701 2472 1780; x_wconf 85' lang='lat' dir='ltr'><strong>apostolos</strong></span> <span class='ocrx_word' id='word_1_108' title='bbox 2508 1718 2724 1777; x_wconf 74' lang='lat' dir='ltr'><strong>cap.1n.</strong></span> 
     </span>
     <span class='ocr_line' id='line_1_14' title="bbox 136 1799 2473 1880; baseline 0.002 -20"><span class='ocrx_word' id='word_1_109' title='bbox 136 1801 542 1880; x_wconf 51' lang='lat' dir='ltr'><strong>{receperunn</strong></span> <span class='ocrx_word' id='word_1_110' title='bbox 588 1818 764 1880; x_wconf 85' lang='lat' dir='ltr'><strong>quem</strong></span> <span class='ocrx_word' id='word_1_111' title='bbox 806 1799 949 1862; x_wconf 78' lang='lat' dir='ltr'><strong>²nec</strong></span> <span class='ocrx_word' id='word_1_112' title='bbox 989 1799 1054 1861; x_wconf 92' lang='lat' dir='ltr'><strong>in</strong></span> <span class='ocrx_word' id='word_1_113' title='bbox 1093 1800 1407 1880; x_wconf 87' lang='lat' dir='ltr'><strong>prophetis</strong></span> <span class='ocrx_word' id='word_1_114' title='bbox 1449 1799 1746 1880; x_wconf 83' lang='lat' dir='ltr'><strong>³propriis</strong></span> <span class='ocrx_word' id='word_1_115' title='bbox 1792 1800 2052 1880; x_wconf 81' lang='lat' dir='ltr'><strong>agnitum</strong></span> <span class='ocrx_word' id='word_1_116' title='bbox 2096 1800 2214 1863; x_wconf 90' lang='lat' dir='ltr'><strong>iam</strong></span> <span class='ocrx_word' id='word_1_117' title='bbox 2257 1820 2368 1864; x_wconf 90' lang='lat' dir='ltr'><strong>nec</strong></span> <span class='ocrx_word' id='word_1_118' title='bbox 2410 1803 2473 1865; x_wconf 90' lang='lat' dir='ltr'><strong>in</strong></span> 
     </span>
     <span class='ocr_line' id='line_1_15' title="bbox 128 1900 2469 1983; baseline 0.001 -20"><span class='ocrx_word' id='word_1_119' title='bbox 128 1900 415 1983; x_wconf 86' lang='lat' dir='ltr'><strong>apostolis</strong></span> <span class='ocrx_word' id='word_1_120' title='bbox 456 1900 827 1981; x_wconf 85' lang='lat' dir='ltr'><strong>possident·,</strong></span> <span class='ocrx_word' id='word_1_121' title='bbox 884 1918 992 1980; x_wconf 84' lang='lat' dir='ltr'><strong>age</strong></span> <span class='ocrx_word' id='word_1_122' title='bbox 1047 1918 1208 1962; x_wconf 90' lang='lat' dir='ltr'><strong>nunc</strong></span> <span class='ocrx_word' id='word_1_123' title='bbox 1248 1901 1340 1963; x_wconf 79' lang='lat' dir='ltr'><strong>vel</strong></span> <span class='ocrx_word' id='word_1_124' title='bbox 1383 1900 1459 1962; x_wconf 90' lang='lat' dir='ltr'><strong>de</strong></span> <span class='ocrx_word' id='word_1_125' title='bbox 1500 1901 1829 1981; x_wconf 90' lang='lat' dir='ltr'><strong>apostolico</strong></span> <span class='ocrx_word' id='word_1_126' title='bbox 1873 1902 2311 1965; x_wconf 61' lang='lat' dir='ltr'><strong>instrumentob</strong></span> <span class='ocrx_word' id='word_1_127' title='bbox 2357 1903 2469 1965; x_wconf 89' lang='lat' dir='ltr'><strong>do-</strong></span> 
     </span>
     <span class='ocr_line' id='line_1_16' title="bbox 125 2001 2475 2083; baseline 0.001 -17"><span class='ocrx_word' id='word_1_128' title='bbox 125 2010 300 2066; x_wconf 84' lang='lat' dir='ltr'><strong>ceant</strong></span> <span class='ocrx_word' id='word_1_129' title='bbox 354 2001 612 2064; x_wconf 89' lang='lat' dir='ltr'><strong>maculas</strong></span> <span class='ocrx_word' id='word_1_130' title='bbox 669 2002 863 2065; x_wconf 90' lang='lat' dir='ltr'><strong>carnis</strong></span> <span class='ocrx_word' id='word_1_131' title='bbox 919 2010 1060 2082; x_wconf 84' lang='lat' dir='ltr'><strong>post</strong></span> <span class='ocrx_word' id='word_1_132' title='bbox 1106 2001 1402 2081; x_wconf 86' lang='lat' dir='ltr'><strong>baptisma</strong></span> <span class='ocrx_word' id='word_1_133' title='bbox 1453 2001 1839 2081; x_wconf 55' lang='lat' dir='ltr'><strong>*respersae*⁸</strong></span> <span class='ocrx_word' id='word_1_134' title='bbox 1899 2002 2298 2083; x_wconf 81' lang='lat' dir='ltr'><strong>paenitentia.</strong></span> <span class='ocrx_word' id='word_1_135' title='bbox 2330 2003 2475 2068; x_wconf 87' lang='lat' dir='ltr'><strong>dilui</strong></span> 
     </span>
     <span class='ocr_line' id='line_1_17' title="bbox 121 2101 2474 2185; baseline 0.001 -20"><span class='ocrx_word' id='word_1_136' title='bbox 121 2121 334 2185; x_wconf 87' lang='lat' dir='ltr'><strong>posse.</strong></span> <span class='ocrx_word' id='word_1_137' title='bbox 417 2101 550 2164; x_wconf 90' lang='lat' dir='ltr'><strong>Non</strong></span> <span class='ocrx_word' id='word_1_138' title='bbox 595 2101 658 2162; x_wconf 91' lang='lat' dir='ltr'><strong>in</strong></span> <span class='ocrx_word' id='word_1_139' title='bbox 700 2102 991 2182; x_wconf 89' lang='lat' dir='ltr'><strong>apostolis</strong></span> <span class='ocrx_word' id='word_1_140' title='bbox 1047 2121 1282 2182; x_wconf 85' lang='lat' dir='ltr'><strong>quoque</strong></span> <span class='ocrx_word' id='word_1_141' title='bbox 1336 2102 1554 2164; x_wconf 84' lang='lat' dir='ltr'><strong>veteris</strong></span> <span class='ocrx_word' id='word_1_142' title='bbox 1611 2102 1760 2183; x_wconf 84' lang='lat' dir='ltr'><strong>legis</strong></span> <span class='ocrx_word' id='word_1_143' title='bbox 1819 2103 2071 2165; x_wconf 70' lang='lat' dir='ltr'><strong>{ormam</strong></span> <span class='ocrx_word' id='word_1_144' title='bbox 2113 2104 2474 2168; x_wconf 84' lang='lat' dir='ltr'><strong>⁵salutamus</strong></span> 
     </span>
     <span class='ocr_line' id='line_1_18' title="bbox 120 2202 2474 2283; baseline 0 -16"><span class='ocrx_word' id='word_1_145' title='bbox 120 2204 280 2267; x_wconf 86' lang='lat' dir='ltr'><strong>circa</strong></span> <span class='ocrx_word' id='word_1_146' title='bbox 325 2202 629 2265; x_wconf 82' lang='lat' dir='ltr'><strong>moechiae</strong></span> <span class='ocrx_word' id='word_1_147' title='bbox 671 2212 889 2283; x_wconf 86' lang='lat' dir='ltr'><strong>quanta</strong></span> <span class='ocrx_word' id='word_1_148' title='bbox 932 2203 1009 2265; x_wconf 90' lang='lat' dir='ltr'><strong>sit</strong></span> <span class='ocrx_word' id='word_1_149' title='bbox 1051 2203 1655 2277; x_wconf 86' lang='lat' dir='ltr'><strong>demonstrationem,</strong></span> <span class='ocrx_word' id='word_1_150' title='bbox 1713 2221 1789 2265; x_wconf 88' lang='lat' dir='ltr'><strong>ne</strong></span> <span class='ocrx_word' id='word_1_151' title='bbox 1832 2204 1985 2266; x_wconf 83' lang='lat' dir='ltr'><strong>forte</strong></span> <span class='ocrx_word' id='word_1_152' title='bbox 2027 2204 2222 2267; x_wconf 89' lang='lat' dir='ltr'><strong>lenior</strong></span> <span class='ocrx_word' id='word_1_153' title='bbox 2265 2205 2474 2267; x_wconf 83' lang='lat' dir='ltr'><strong>existi-</strong></span> 
     </span>
     <span class='ocr_line' id='line_1_19' title="bbox 118 2303 2474 2385; baseline -0 -17"><span class='ocrx_word' id='word_1_154' title='bbox 118 2313 327 2368; x_wconf 85' lang='lat' dir='ltr'><strong>metur</strong></span> <span class='ocrx_word' id='word_1_155' title='bbox 367 2304 427 2365; x_wconf 89' lang='lat' dir='ltr'><strong>in</strong></span> <span class='ocrx_word' id='word_1_156' title='bbox 447 2303 729 2366; x_wconf 77' lang='lat' dir='ltr'><strong>,novitate</strong></span> <span class='ocrx_word' id='word_1_157' title='bbox 773 2304 1217 2384; x_wconf 86' lang='lat' dir='ltr'><strong>disciplinarum</strong></span> <span class='ocrx_word' id='word_1_158' title='bbox 1261 2323 1436 2383; x_wconf 88' lang='lat' dir='ltr'><strong>quam</strong></span> <span class='ocrx_word' id='word_1_159' title='bbox 1477 2305 1540 2365; x_wconf 87' lang='lat' dir='ltr'><strong>in</strong></span> <span class='ocrx_word' id='word_1_160' title='bbox 1595 2310 1907 2365; x_wconf 85' lang='lat' dir='ltr'><strong>vetustate.</strong></span> <span class='ocrx_word' id='word_1_161' title='bbox 2008 2303 2156 2365; x_wconf 89' lang='lat' dir='ltr'><strong>Cum</strong></span> <span class='ocrx_word' id='word_1_162' title='bbox 2214 2305 2474 2385; x_wconf 90' lang='lat' dir='ltr'><strong>primum</strong></span> 
     </span>
     <span class='ocr_line' id='line_1_20' title="bbox 115 2403 2479 2485; baseline -0 -17"><span class='ocrx_word' id='word_1_163' title='bbox 115 2404 390 2469; x_wconf 84' lang='lat' dir='ltr'><strong>intonuit</strong></span> <span class='ocrx_word' id='word_1_164' title='bbox 445 2405 805 2485; x_wconf 79' lang='lat' dir='ltr'><strong>evangelium</strong></span> <span class='ocrx_word' id='word_1_165' title='bbox 872 2413 933 2466; x_wconf 90' lang='lat' dir='ltr'><strong>et</strong></span> <span class='ocrx_word' id='word_1_166' title='bbox 985 2416 1180 2467; x_wconf 83' lang='lat' dir='ltr'><strong>vetera</strong></span> <span class='ocrx_word' id='word_1_167' title='bbox 1251 2405 1585 2478; x_wconf 86' lang='lat' dir='ltr'><strong>concussit,</strong></span> <span class='ocrx_word' id='word_1_168' title='bbox 1662 2411 1727 2467; x_wconf 86' lang='lat' dir='ltr'><strong>ut</strong></span> <span class='ocrx_word' id='word_1_169' title='bbox 1787 2404 1860 2465; x_wconf 90' lang='lat' dir='ltr'><strong>de</strong></span> <span class='ocrx_word' id='word_1_170' title='bbox 1921 2403 2069 2483; x_wconf 84' lang='lat' dir='ltr'><strong>legis</strong></span> <span class='ocrx_word' id='word_1_171' title='bbox 2135 2405 2479 2468; x_wconf 88' lang='lat' dir='ltr'><strong>retinendae</strong></span> 
     </span>
     <span class='ocr_line' id='line_1_21' title="bbox 113 2505 2477 2586; baseline 0 -17"><span class='ocrx_word' id='word_1_172' title='bbox 113 2509 351 2569; x_wconf 85' lang='lat' dir='ltr'><strong>⁶necne</strong></span> <span class='ocrx_word' id='word_1_173' title='bbox 394 2505 590 2568; x_wconf 70' lang='lat' dir='ltr'><strong>statu·¹</strong></span> <span class='ocrx_word' id='word_1_174' title='bbox 645 2506 1107 2586; x_wconf 88' lang='lat' dir='ltr'><strong>disceptaretur,</strong></span> <span class='ocrx_word' id='word_1_175' title='bbox 1169 2506 1421 2585; x_wconf 90' lang='lat' dir='ltr'><strong>primam</strong></span> <span class='ocrx_word' id='word_1_176' title='bbox 1477 2507 1630 2568; x_wconf 87' lang='lat' dir='ltr'><strong>hanc</strong></span> <span class='ocrx_word' id='word_1_177' title='bbox 1681 2505 1943 2586; x_wconf 80' lang='lat' dir='ltr'><strong>regulam</strong></span> <span class='ocrx_word' id='word_1_178' title='bbox 2000 2505 2074 2567; x_wconf 89' lang='lat' dir='ltr'><strong>de</strong></span> <span class='ocrx_word' id='word_1_179' title='bbox 2129 2506 2477 2569; x_wconf 83' lang='lat' dir='ltr'><strong>auctoritate</strong></span> 
     </span>
     <span class='ocr_line' id='line_1_22' title="bbox 109 2606 2476 2692; baseline -0 -21"><span class='ocrx_word' id='word_1_180' title='bbox 109 2609 376 2692; x_wconf 87' lang='lat' dir='ltr'><strong>spiritus</strong></span> <span class='ocrx_word' id='word_1_181' title='bbox 422 2608 611 2671; x_wconf 89' lang='lat' dir='ltr'><strong>sancti</strong></span> <span class='ocrx_word' id='word_1_182' title='bbox 654 2607 914 2689; x_wconf 87' lang='lat' dir='ltr'><strong>apostoli</strong></span> <span class='ocrx_word' id='word_1_183' title='bbox 958 2607 1235 2670; x_wconf 90' lang='lat' dir='ltr'><strong>emittunt</strong></span> <span class='ocrx_word' id='word_1_184' title='bbox 1261 2608 1332 2671; x_wconf 91' lang='lat' dir='ltr'><strong>ad</strong></span> <span class='ocrx_word' id='word_1_185' title='bbox 1366 2627 1474 2671; x_wconf 90' lang='lat' dir='ltr'><strong>eos</strong></span> <span class='ocrx_word' id='word_1_186' title='bbox 1518 2607 1619 2689; x_wconf 90' lang='lat' dir='ltr'><strong>qui</strong></span> <span class='ocrx_word' id='word_1_187' title='bbox 1651 2608 1766 2671; x_wconf 89' lang='lat' dir='ltr'><strong>iam</strong></span> <span class='ocrx_word' id='word_1_188' title='bbox 1797 2626 1870 2670; x_wconf 85' lang='lat' dir='ltr'><strong>ex</strong></span> <span class='ocrx_word' id='word_1_189' title='bbox 1897 2606 2238 2671; x_wconf 90' lang='lat' dir='ltr'><strong>nationibus</strong></span> <span class='ocrx_word' id='word_1_190' title='bbox 2267 2607 2476 2689; x_wconf 74' lang='lat' dir='ltr'><strong>&#39;allegi</strong></span> 
     </span>
     <span class='ocr_line' id='line_1_23' title="bbox 108 2707 2691 2814; baseline -0 -41"><span class='ocrx_word' id='word_1_191' title='bbox 108 2718 468 2792; x_wconf 87' lang='lat' dir='ltr'><strong>coeperant.</strong></span> <span class='ocrx_word' id='word_1_192' title='bbox 557 2711 763 2771; x_wconf 86' lang='lat' dir='ltr'><strong>Visum</strong></span> <span class='ocrx_word' id='word_1_193' title='bbox 808 2718 927 2784; x_wconf 89' lang='lat' dir='ltr'><strong>est,</strong></span> <span class='ocrx_word' id='word_1_194' title='bbox 971 2710 1273 2790; x_wconf 88' lang='lat' dir='ltr'><strong>inquiunt,</strong></span> <span class='ocrx_word' id='word_1_195' title='bbox 1339 2709 1571 2791; x_wconf 88' lang='lat' dir='ltr'><strong>spiritui</strong></span> <span class='ocrx_word' id='word_1_196' title='bbox 1624 2718 1832 2772; x_wconf 89' lang='lat' dir='ltr'><strong>sancto</strong></span> <span class='ocrx_word' id='word_1_197' title='bbox 1899 2718 1960 2770; x_wconf 89' lang='lat' dir='ltr'><strong>et</strong></span> <span class='ocrx_word' id='word_1_198' title='bbox 2012 2708 2189 2770; x_wconf 89' lang='lat' dir='ltr'><strong>nobis</strong></span> <span class='ocrx_word' id='word_1_199' title='bbox 2250 2709 2474 2772; x_wconf 91' lang='lat' dir='ltr'><strong>nullum</strong></span> <span class='ocrx_word' id='word_1_200' title='bbox 2500 2707 2691 2814; x_wconf 46' lang='lat' dir='ltr'><strong>*gfff*-</strong></span> 
     </span>
     <span class='ocr_line' id='line_1_24' title="bbox 104 2809 2478 2892; baseline -0.001 -18"><span class='ocrx_word' id='word_1_201' title='bbox 104 2812 380 2892; x_wconf 80' lang='lat' dir='ltr'><strong>amplius</strong></span> <span class='ocrx_word' id='word_1_202' title='bbox 439 2810 610 2872; x_wconf 79' lang='lat' dir='ltr'><strong>vobis</strong></span> <span class='ocrx_word' id='word_1_203' title='bbox 667 2810 897 2873; x_wconf 86' lang='lat' dir='ltr'><strong>adicere</strong></span> <span class='ocrx_word' id='word_1_204' title='bbox 950 2812 1189 2891; x_wconf 91' lang='lat' dir='ltr'><strong>pondus</strong></span> <span class='ocrx_word' id='word_1_205' title='bbox 1245 2830 1420 2891; x_wconf 87' lang='lat' dir='ltr'><strong>quam</strong></span> <span class='ocrx_word' id='word_1_206' title='bbox 1477 2829 1683 2873; x_wconf 89' lang='lat' dir='ltr'><strong>eorum</strong></span> <span class='ocrx_word' id='word_1_207' title='bbox 1742 2829 1776 2871; x_wconf 90' lang='lat' dir='ltr'><strong>a</strong></span> <span class='ocrx_word' id='word_1_208' title='bbox 1830 2809 2044 2889; x_wconf 90' lang='lat' dir='ltr'><strong>quibus</strong></span> <span class='ocrx_word' id='word_1_209' title='bbox 2088 2827 2337 2871; x_wconf 89' lang='lat' dir='ltr'><strong>necesse</strong></span> <span class='ocrx_word' id='word_1_210' title='bbox 2382 2818 2478 2872; x_wconf 89' lang='lat' dir='ltr'><strong>est</strong></span> 
     </span>
     <span class='ocr_line' id='line_1_25' title="bbox 99 2910 2473 2992; baseline -0 -16"><span class='ocrx_word' id='word_1_211' title='bbox 99 2911 445 2985; x_wconf 86' lang='lat' dir='ltr'><strong>abstineri,</strong></span> <span class='ocrx_word' id='word_1_212' title='bbox 493 2931 526 2973; x_wconf 95' lang='lat' dir='ltr'><strong>a</strong></span> <span class='ocrx_word' id='word_1_213' title='bbox 568 2911 873 2974; x_wconf 85' lang='lat' dir='ltr'><strong>sacrificiis</strong></span> <span class='ocrx_word' id='word_1_214' title='bbox 921 2921 980 2974; x_wconf 91' lang='lat' dir='ltr'><strong>et</strong></span> <span class='ocrx_word' id='word_1_215' title='bbox 1021 2932 1056 2973; x_wconf 92' lang='lat' dir='ltr'><strong>a</strong></span> <span class='ocrx_word' id='word_1_216' title='bbox 1099 2911 1590 2973; x_wconf 80' lang='lat' dir='ltr'><strong>fornicationibus</strong></span> <span class='ocrx_word' id='word_1_217' title='bbox 1636 2919 1697 2974; x_wconf 91' lang='lat' dir='ltr'><strong>et</strong></span> <span class='ocrx_word' id='word_1_218' title='bbox 1740 2910 2078 2991; x_wconf 74' lang='lat' dir='ltr'><strong>sanguine⁶.</strong></span> <span class='ocrx_word' id='word_1_219' title='bbox 2165 2910 2214 2971; x_wconf 79' lang='lat' dir='ltr'><strong>A</strong></span> <span class='ocrx_word' id='word_1_220' title='bbox 2257 2911 2473 2992; x_wconf 85' lang='lat' dir='ltr'><strong>quibus</strong></span> 
     </span>
    </p>
   </div>
   <div class='ocr_carea' id='block_1_3' title="bbox 86 3096 2477 3362">
    <p class='ocr_par' dir='ltr' id='par_1_3' title="bbox 94 3096 1213 3150">
     <span class='ocr_line' id='line_1_26' title="bbox 94 3096 1213 3150; baseline -0.001 -1"><span class='ocrx_word' id='word_1_221' title='bbox 94 3100 149 3150; x_wconf 81' lang='lat'><strong>4.</strong></span> <span class='ocrx_word' id='word_1_222' title='bbox 195 3108 248 3149; x_wconf 89' lang='lat' dir='ltr'><strong>et</strong></span> <span class='ocrx_word' id='word_1_223' title='bbox 287 3112 437 3148; x_wconf 85' lang='lat' dir='ltr'><strong>suam</strong></span> <span class='ocrx_word' id='word_1_224' title='bbox 474 3097 761 3148; x_wconf 84' lang='lat' dir='ltr'><strong>Christianis</strong></span> <span class='ocrx_word' id='word_1_225' title='bbox 793 3098 845 3147; x_wconf 74' lang='lat' dir='ltr'><strong>A.</strong></span> <span class='ocrx_word' id='word_1_226' title='bbox 952 3096 999 3149; x_wconf 85' lang='lat'><strong>5.</strong></span> <span class='ocrx_word' id='word_1_227' title='bbox 1036 3103 1091 3147; x_wconf 80' lang='lat' dir='ltr'><strong>At</strong></span> <span class='ocrx_word' id='word_1_228' title='bbox 1125 3098 1213 3148; x_wconf 87' lang='lat' dir='ltr'><strong>BC.</strong></span> 
     </span>
    </p>

    <p class='ocr_par' dir='ltr' id='par_1_4' title="bbox 86 3162 2477 3362">
     <span class='ocr_line' id='line_1_27' title="bbox 249 3162 2477 3229; baseline -0.001 -13"><span class='ocrx_word' id='word_1_229' title='bbox 249 3168 384 3229; x_wconf 79' lang='lat' dir='ltr'><strong>Cap.</strong></span> <span class='ocrx_word' id='word_1_230' title='bbox 419 3166 521 3215; x_wconf 80' lang='grc' dir='ltr'><strong>ΧΠ.</strong></span> <span class='ocrx_word' id='word_1_231' title='bbox 621 3165 664 3214; x_wconf 83' lang='lat' dir='ltr'><strong>l.</strong></span> <span class='ocrx_word' id='word_1_232' title='bbox 702 3166 975 3229; x_wconf 85' lang='lat' dir='ltr'><strong>reciperent</strong></span> <span class='ocrx_word' id='word_1_233' title='bbox 1018 3169 1069 3215; x_wconf 77' lang='lat' dir='ltr'><strong>A.</strong></span> <span class='ocrx_word' id='word_1_234' title='bbox 1187 3165 1235 3214; x_wconf 83' lang='lat'><strong>2.</strong></span> <span class='ocrx_word' id='word_1_235' title='bbox 1285 3179 1413 3214; x_wconf 88' lang='lat' dir='ltr'><strong>nunc</strong></span> <span class='ocrx_word' id='word_1_236' title='bbox 1445 3166 1497 3214; x_wconf 78' lang='lat' dir='ltr'><strong>A.</strong></span> <span class='ocrx_word' id='word_1_237' title='bbox 1617 3162 1665 3213; x_wconf 87' lang='grc'><strong>3.</strong></span> <span class='ocrx_word' id='word_1_238' title='bbox 1703 3164 1918 3228; x_wconf 87' lang='lat' dir='ltr'><strong>propriis</strong></span> <span class='ocrx_word' id='word_1_239' title='bbox 1952 3165 2004 3214; x_wconf 86' lang='lat' dir='ltr'><strong>B.</strong></span> <span class='ocrx_word' id='word_1_240' title='bbox 2085 3164 2316 3229; x_wconf 88' lang='lat' dir='ltr'><strong>proprius</strong></span> <span class='ocrx_word' id='word_1_241' title='bbox 2348 3164 2477 3215; x_wconf 74' lang='lat' dir='ltr'><strong><em>ACD.</em></strong></span> 
     </span>
     <span class='ocr_line' id='line_1_28' title="bbox 87 3229 2475 3301; baseline -0 -17"><span class='ocrx_word' id='word_1_242' title='bbox 87 3235 326 3301; x_wconf 83' lang='lat' dir='ltr'><strong>propius</strong></span> <span class='ocrx_word' id='word_1_243' title='bbox 372 3234 448 3283; x_wconf 84' lang='lat' dir='ltr'><strong>Fr.</strong></span> <span class='ocrx_word' id='word_1_244' title='bbox 464 3235 638 3283; x_wconf 71' lang='lat' dir='ltr'><strong>lunius.</strong></span> <span class='ocrx_word' id='word_1_245' title='bbox 733 3232 783 3282; x_wconf 89' lang='grc'><strong>4.</strong></span> <span class='ocrx_word' id='word_1_246' title='bbox 819 3247 1046 3297; x_wconf 88' lang='lat' dir='ltr'><strong>respersa</strong></span> <span class='ocrx_word' id='word_1_247' title='bbox 1072 3235 1391 3296; x_wconf 81' lang='lat' dir='ltr'><strong>paenitentiae</strong></span> <span class='ocrx_word' id='word_1_248' title='bbox 1408 3233 1459 3282; x_wconf 74' lang='lat' dir='ltr'><strong>A.</strong></span> <span class='ocrx_word' id='word_1_249' title='bbox 1543 3232 1591 3281; x_wconf 84' lang='lat'><strong>5.</strong></span> <span class='ocrx_word' id='word_1_250' title='bbox 1631 3231 1839 3282; x_wconf 87' lang='lat' dir='ltr'><strong>solutam</strong></span> <span class='ocrx_word' id='word_1_251' title='bbox 1861 3233 1911 3282; x_wconf 77' lang='lat' dir='ltr'><strong>A.</strong></span> <span class='ocrx_word' id='word_1_252' title='bbox 1994 3229 2041 3281; x_wconf 88' lang='grc'><strong>6.</strong></span> <span class='ocrx_word' id='word_1_253' title='bbox 2080 3247 2232 3284; x_wconf 88' lang='lat' dir='ltr'><strong>necne</strong></span> <span class='ocrx_word' id='word_1_254' title='bbox 2265 3240 2392 3283; x_wconf 84' lang='lat' dir='ltr'><strong>statu</strong></span> <span class='ocrx_word' id='word_1_255' title='bbox 2420 3233 2475 3283; x_wconf 91' lang='lat' dir='ltr'><strong>D.</strong></span> 
     </span>
     <span class='ocr_line' id='line_1_29' title="bbox 86 3298 2111 3362; baseline -0.002 -9"><span class='ocrx_word' id='word_1_256' title='bbox 86 3304 418 3354; x_wconf 79' lang='lat' dir='ltr'><strong>necessitate</strong></span> <span class='ocrx_word' id='word_1_257' title='bbox 454 3300 810 3350; x_wconf 56' lang='lat' dir='ltr'><strong>loaflercerus.</strong></span> <span class='ocrx_word' id='word_1_258' title='bbox 881 3315 972 3350; x_wconf 89' lang='lat' dir='ltr'><strong>nec</strong></span> <span class='ocrx_word' id='word_1_259' title='bbox 1005 3308 1131 3350; x_wconf 87' lang='lat' dir='ltr'><strong>statu</strong></span> <span class='ocrx_word' id='word_1_260' title='bbox 1167 3301 1287 3351; x_wconf 78' lang='lat' dir='ltr'><strong><em>ABG.</em></strong></span> <span class='ocrx_word' id='word_1_261' title='bbox 1394 3300 1441 3349; x_wconf 73' lang='lat'><strong>7.</strong></span> <span class='ocrx_word' id='word_1_262' title='bbox 1480 3299 1623 3361; x_wconf 80' lang='lat' dir='ltr'><strong>allegi</strong></span> <span class='ocrx_word' id='word_1_263' title='bbox 1659 3299 1786 3349; x_wconf 87' lang='lat' dir='ltr'><strong>BCD.</strong></span> <span class='ocrx_word' id='word_1_264' title='bbox 1856 3315 1884 3348; x_wconf 91' lang='lat' dir='ltr'><strong>a</strong></span> <span class='ocrx_word' id='word_1_265' title='bbox 1921 3298 2027 3362; x_wconf 78' lang='lat' dir='ltr'><strong>lege</strong></span> <span class='ocrx_word' id='word_1_266' title='bbox 2061 3301 2111 3350; x_wconf 77' lang='lat' dir='ltr'><strong>A.</strong></span> 
     </span>
    </p>
   </div>
   <div class='ocr_carea' id='block_1_4' title="bbox 86 3430 2477 3635">
    <p class='ocr_par' dir='ltr' id='par_1_5' title="bbox 86 3430 2477 3635">
     <span class='ocr_line' id='line_1_30' title="bbox 160 3430 2477 3502; baseline -0.002 -13"><span class='ocrx_word' id='word_1_267' title='bbox 160 3438 304 3502; x_wconf 85' lang='lat' dir='ltr'><strong>Cap.</strong></span> <span class='ocrx_word' id='word_1_268' title='bbox 348 3434 431 3485; x_wconf 83' lang='lat' dir='ltr'><strong>xt.</strong></span> <span class='ocrx_word' id='word_1_269' title='bbox 489 3449 532 3484; x_wconf 87' lang='lat' dir='ltr'><strong>a.</strong></span> <span class='ocrx_word' id='word_1_270' title='bbox 572 3436 680 3499; x_wconf 89' lang='lat' dir='ltr'><strong>quis</strong></span> <span class='ocrx_word' id='word_1_271' title='bbox 717 3442 847 3485; x_wconf 90' lang='lat' dir='ltr'><strong>esset</strong></span> <span class='ocrx_word' id='word_1_272' title='bbox 881 3430 1115 3500; x_wconf 85' lang='lat' dir='ltr'><strong>ostendit]</strong></span> <span class='ocrx_word' id='word_1_273' title='bbox 1151 3434 1254 3484; x_wconf 79' lang='lat' dir='ltr'><strong>Hoc</strong></span> <span class='ocrx_word' id='word_1_274' title='bbox 1355 3435 1402 3483; x_wconf 91' lang='lat' dir='ltr'><strong>in</strong></span> <span class='ocrx_word' id='word_1_275' title='bbox 1440 3433 1664 3483; x_wconf 81' lang='lat' dir='ltr'><strong>Montano</strong></span> <span class='ocrx_word' id='word_1_276' title='bbox 1718 3432 1895 3483; x_wconf 79' lang='lat' dir='ltr'><strong>dixisse</strong></span> <span class='ocrx_word' id='word_1_277' title='bbox 1943 3448 2085 3498; x_wconf 88' lang='lat' dir='ltr'><strong>qnam</strong></span> <span class='ocrx_word' id='word_1_278' title='bbox 2135 3433 2376 3486; x_wconf 85' lang='lat' dir='ltr'><strong>Christum</strong></span> <span class='ocrx_word' id='word_1_279' title='bbox 2428 3435 2477 3485; x_wconf 89' lang='lat' dir='ltr'><strong>in</strong></span> 
     </span>
     <span class='ocr_line' id='line_1_31' title="bbox 86 3501 2477 3568; baseline -0.002 -11"><span class='ocrx_word' id='word_1_280' title='bbox 86 3514 184 3568; x_wconf 77' lang='lat' dir='ltr'><strong>est,</strong></span> <span class='ocrx_word' id='word_1_281' title='bbox 245 3502 602 3555; x_wconf 79' lang='lat' dir='ltr'><strong>Samaritanae</strong></span> <span class='ocrx_word' id='word_1_282' title='bbox 638 3502 879 3562; x_wconf 85' lang='lat' dir='ltr'><strong>Christus,</strong></span> <span class='ocrx_word' id='word_1_283' title='bbox 932 3503 1072 3553; x_wconf 87' lang='lat' dir='ltr'><strong>etiam</strong></span> <span class='ocrx_word' id='word_1_284' title='bbox 1122 3503 1252 3566; x_wconf 87' lang='lat' dir='ltr'><strong>quod</strong></span> <span class='ocrx_word' id='word_1_285' title='bbox 1355 3501 1598 3563; x_wconf 76' lang='lat' dir='ltr'><strong>evangelio</strong></span> <span class='ocrx_word' id='word_1_286' title='bbox 1637 3502 1917 3565; x_wconf 87' lang='lat' dir='ltr'><strong>protulisse,</strong></span> <span class='ocrx_word' id='word_1_287' title='bbox 1976 3516 2065 3550; x_wconf 85' lang='lat' dir='ltr'><strong>nec</strong></span> <span class='ocrx_word' id='word_1_288' title='bbox 2098 3509 2281 3552; x_wconf 89' lang='lat' dir='ltr'><strong>tantum</strong></span> <span class='ocrx_word' id='word_1_289' title='bbox 2318 3502 2477 3566; x_wconf 90' lang='lat' dir='ltr'><strong>plura,</strong></span> 
     </span>
     <span class='ocr_line' id='line_1_32' title="bbox 86 3569 2477 3635; baseline -0.002 -11"><span class='ocrx_word' id='word_1_290' title='bbox 86 3578 158 3624; x_wconf 78' lang='lat' dir='ltr'><strong>rix</strong></span> <span class='ocrx_word' id='word_1_291' title='bbox 202 3572 311 3623; x_wconf 87' lang='lat' dir='ltr'><strong>ulli</strong></span> <span class='ocrx_word' id='word_1_292' title='bbox 355 3577 686 3631; x_wconf 83' lang='lat' dir='ltr'><strong>concesserat,</strong></span> <span class='ocrx_word' id='word_1_293' title='bbox 723 3572 831 3635; x_wconf 85' lang='lat' dir='ltr'><strong>quis</strong></span> <span class='ocrx_word' id='word_1_294' title='bbox 867 3577 1000 3620; x_wconf 86' lang='lat' dir='ltr'><strong>esset</strong></span> <span class='ocrx_word' id='word_1_295' title='bbox 1024 3570 1251 3621; x_wconf 85' lang='lat' dir='ltr'><strong>ostendit.</strong></span> <span class='ocrx_word' id='word_1_296' title='bbox 1355 3570 1443 3619; x_wconf 87' lang='lat' dir='ltr'><strong>sed</strong></span> <span class='ocrx_word' id='word_1_297' title='bbox 1477 3572 1622 3620; x_wconf 85' lang='lat' dir='ltr'><strong>etiam</strong></span> <span class='ocrx_word' id='word_1_298' title='bbox 1661 3569 1861 3619; x_wconf 86' lang='lat' dir='ltr'><strong>meliora</strong></span> <span class='ocrx_word' id='word_1_299' title='bbox 1912 3576 2054 3633; x_wconf 80' lang='lat' dir='ltr'><strong>atque</strong></span> <span class='ocrx_word' id='word_1_300' title='bbox 2092 3571 2327 3621; x_wconf 81' lang='lat' dir='ltr'><strong>maiora.“</strong></span> <span class='ocrx_word' id='word_1_301' title='bbox 2399 3570 2477 3621; x_wconf 74' lang='lat' dir='ltr'><strong>Fr.</strong></span> 
     </span>
    </p>
   </div>
   <div class='ocr_carea' id='block_1_5' title="bbox 86 3636 2477 3842">
    <p class='ocr_par' dir='ltr' id='par_1_6' title="bbox 86 3636 2477 3842">
     <span class='ocr_line' id='line_1_33' title="bbox 86 3636 2477 3704; baseline -0.002 -13"><span class='ocrx_word' id='word_1_302' title='bbox 86 3638 340 3704; x_wconf 67' lang='lat' dir='ltr'><strong>1Rigalt.)</strong></span> <span class='ocrx_word' id='word_1_303' title='bbox 1355 3636 1522 3687; x_wconf 87' lang='lat' dir='ltr'><strong>Iunius</strong></span> <span class='ocrx_word' id='word_1_304' title='bbox 1559 3637 1737 3701; x_wconf 83' lang='lat' dir='ltr'><strong>aliique</strong></span> <span class='ocrx_word' id='word_1_305' title='bbox 1774 3637 2064 3700; x_wconf 84' lang='lat' dir='ltr'><strong>interpretes</strong></span> <span class='ocrx_word' id='word_1_306' title='bbox 2099 3652 2188 3701; x_wconf 87' lang='lat' dir='ltr'><strong>per</strong></span> <span class='ocrx_word' id='word_1_307' title='bbox 2212 3638 2477 3702; x_wconf 86' lang='lat' dir='ltr'><strong>prophetas</strong></span> 
     </span>
     <span class='ocr_line' id='line_1_34' title="bbox 147 3700 2477 3770; baseline -0.001 -12"><span class='ocrx_word' id='word_1_308' title='bbox 147 3709 209 3758; x_wconf 82' lang='lat' dir='ltr'><strong>b.</strong></span> <span class='ocrx_word' id='word_1_309' title='bbox 255 3700 549 3770; x_wconf 66' lang='lat' dir='ltr'><strong>censetur]</strong></span> <span class='ocrx_word' id='word_1_310' title='bbox 579 3703 628 3753; x_wconf 85' lang='lat' dir='ltr'><strong>V.</strong></span> <span class='ocrx_word' id='word_1_311' title='bbox 664 3704 824 3755; x_wconf 82' lang='lat' dir='ltr'><strong>adnot.</strong></span> <span class='ocrx_word' id='word_1_312' title='bbox 861 3703 922 3753; x_wconf 87' lang='lat' dir='ltr'><strong>ad</strong></span> <span class='ocrx_word' id='word_1_313' title='bbox 958 3703 1024 3753; x_wconf 87' lang='lat' dir='ltr'><strong>De</strong></span> <span class='ocrx_word' id='word_1_314' title='bbox 1062 3703 1253 3753; x_wconf 88' lang='lat' dir='ltr'><strong>Corona</strong></span> <span class='ocrx_word' id='word_1_315' title='bbox 1356 3704 1644 3766; x_wconf 78' lang='lat' dir='ltr'><strong>intellegunt</strong></span> <span class='ocrx_word' id='word_1_316' title='bbox 1661 3704 1844 3755; x_wconf 84' lang='lat' dir='ltr'><strong>Veteris</strong></span> <span class='ocrx_word' id='word_1_317' title='bbox 1871 3705 2165 3754; x_wconf 85' lang='lat' dir='ltr'><strong>Testamenti</strong></span> <span class='ocrx_word' id='word_1_318' title='bbox 2194 3707 2477 3770; x_wconf 85' lang='lat' dir='ltr'><strong>prophetas.</strong></span> 
     </span>
     <span class='ocr_line' id='line_1_35' title="bbox 86 3771 2477 3842; baseline -0.002 -15"><span class='ocrx_word' id='word_1_319' title='bbox 86 3792 202 3842; x_wconf 70' lang='lat' dir='ltr'><strong>zap.</strong></span> <span class='ocrx_word' id='word_1_320' title='bbox 238 3774 338 3825; x_wconf 83' lang='lat'><strong>13.</strong></span> <span class='ocrx_word' id='word_1_321' title='bbox 1423 3772 1469 3821; x_wconf 86' lang='lat' dir='ltr'><strong>b.</strong></span> <span class='ocrx_word' id='word_1_322' title='bbox 1524 3771 1795 3837; x_wconf 86' lang='lat' dir='ltr'><strong>apostolico</strong></span> <span class='ocrx_word' id='word_1_323' title='bbox 1843 3771 2192 3836; x_wconf 87' lang='lat' dir='ltr'><strong>instrumento]</strong></span> <span class='ocrx_word' id='word_1_324' title='bbox 2241 3773 2309 3822; x_wconf 87' lang='lat' dir='ltr'><strong>De</strong></span> <span class='ocrx_word' id='word_1_325' title='bbox 2356 3786 2477 3835; x_wconf 89' lang='lat' dir='ltr'><strong>apo-</strong></span> 
     </span>
    </p>
   </div>
   <div class='ocr_carea' id='block_1_6' title="bbox 85 3836 2481 4720">
    <p class='ocr_par' dir='ltr' id='par_1_7' title="bbox 85 3836 2481 4720">
     <span class='ocr_line' id='line_1_36' title="bbox 152 3836 2477 3907; baseline -0.002 -14"><span class='ocrx_word' id='word_1_326' title='bbox 152 3845 301 3907; x_wconf 81' lang='lat' dir='ltr'><strong>Cap.</strong></span> <span class='ocrx_word' id='word_1_327' title='bbox 347 3839 454 3891; x_wconf 80' lang='lat' dir='ltr'><strong>xli·</strong></span> <span class='ocrx_word' id='word_1_328' title='bbox 527 3853 570 3887; x_wconf 87' lang='lat' dir='ltr'><strong>a.</strong></span> <span class='ocrx_word' id='word_1_329' title='bbox 608 3852 750 3902; x_wconf 87' lang='lat' dir='ltr'><strong>quem</strong></span> <span class='ocrx_word' id='word_1_330' title='bbox 789 3839 962 3888; x_wconf 88' lang='lat' dir='ltr'><strong>necin</strong></span> <span class='ocrx_word' id='word_1_331' title='bbox 998 3838 1252 3902; x_wconf 86' lang='lat' dir='ltr'><strong>prophetis</strong></span> <span class='ocrx_word' id='word_1_332' title='bbox 1301 3836 1308 3845; x_wconf 79' lang='lat'><em>‘</em></span> <span class='ocrx_word' id='word_1_333' title='bbox 1356 3839 1643 3889; x_wconf 87' lang='lat' dir='ltr'><strong>stolicorum</strong></span> <span class='ocrx_word' id='word_1_334' title='bbox 1665 3838 1899 3889; x_wconf 88' lang='lat' dir='ltr'><strong>librorum</strong></span> <span class='ocrx_word' id='word_1_335' title='bbox 1919 3848 2170 3902; x_wconf 87' lang='lat' dir='ltr'><strong>apparatu.</strong></span> <span class='ocrx_word' id='word_1_336' title='bbox 2225 3839 2297 3889; x_wconf 83' lang='lat' dir='ltr'><strong>ct.</strong></span> <span class='ocrx_word' id='word_1_337' title='bbox 2315 3839 2477 3889; x_wconf 88' lang='lat' dir='ltr'><strong>adnot.</strong></span> 
     </span>
     <span class='ocr_line' id='line_1_37' title="bbox 86 3904 1908 3976; baseline -0.001 -21"><span class='ocrx_word' id='word_1_338' title='bbox 86 3910 334 3976; x_wconf 59' lang='lat' dir='ltr'><strong>sropriis</strong></span> <span class='ocrx_word' id='word_1_339' title='bbox 391 3904 604 3968; x_wconf 75' lang='lat' dir='ltr'><strong>agnitum</strong></span> <span class='ocrx_word' id='word_1_340' title='bbox 655 3906 749 3954; x_wconf 86' lang='lat' dir='ltr'><strong>iam</strong></span> <span class='ocrx_word' id='word_1_341' title='bbox 798 3921 888 3956; x_wconf 91' lang='lat' dir='ltr'><strong>nec</strong></span> <span class='ocrx_word' id='word_1_342' title='bbox 935 3907 981 3955; x_wconf 92' lang='lat' dir='ltr'><strong>in</strong></span> <span class='ocrx_word' id='word_1_343' title='bbox 1018 3906 1256 3968; x_wconf 86' lang='lat' dir='ltr'><strong>apostolis</strong></span> <span class='ocrx_word' id='word_1_344' title='bbox 1358 3907 1418 3956; x_wconf 86' lang='lat' dir='ltr'><strong>ad</strong></span> <span class='ocrx_word' id='word_1_345' title='bbox 1452 3906 1655 3970; x_wconf 78' lang='lat' dir='ltr'><strong>Apolog.</strong></span> <span class='ocrx_word' id='word_1_346' title='bbox 1693 3921 1799 3969; x_wconf 85' lang='lat' dir='ltr'><strong>cap.</strong></span> <span class='ocrx_word' id='word_1_347' title='bbox 1820 3904 1908 3955; x_wconf 56' lang='lat'><strong>⁴18.</strong></span> 
     </span>
     <span class='ocr_line' id='line_1_38' title="bbox 86 3970 2477 4040; baseline -0.003 -10"><span class='ocrx_word' id='word_1_348' title='bbox 86 3970 408 4040; x_wconf 76' lang='lat' dir='ltr'><strong>›ossidentJ</strong></span> <span class='ocrx_word' id='word_1_349' title='bbox 458 3972 711 4037; x_wconf 84' lang='lat' dir='ltr'><strong>Prophetis</strong></span> <span class='ocrx_word' id='word_1_350' title='bbox 766 3974 996 4037; x_wconf 87' lang='lat' dir='ltr'><strong>propriis,</strong></span> <span class='ocrx_word' id='word_1_351' title='bbox 1045 3975 1138 4023; x_wconf 89' lang='lat' dir='ltr'><strong>hoc</strong></span> <span class='ocrx_word' id='word_1_352' title='bbox 1183 3981 1259 4023; x_wconf 84' lang='lat' dir='ltr'><strong>est</strong></span> <span class='ocrx_word' id='word_1_353' title='bbox 1425 3989 1468 4024; x_wconf 91' lang='lat' dir='ltr'><strong>c.</strong></span> <span class='ocrx_word' id='word_1_354' title='bbox 1503 3970 1783 4037; x_wconf 69' lang='lat' dir='ltr'><strong>respersae]</strong></span> <span class='ocrx_word' id='word_1_355' title='bbox 1820 3974 2065 4037; x_wconf 65' lang='lat' dir='ltr'><strong>lle-&#39;persae</strong></span> <span class='ocrx_word' id='word_1_356' title='bbox 2100 3972 2179 4023; x_wconf 88' lang='lat' dir='ltr'><strong>bic</strong></span> <span class='ocrx_word' id='word_1_357' title='bbox 2205 3973 2369 4037; x_wconf 85' lang='lat' dir='ltr'><strong>posuit</strong></span> <span class='ocrx_word' id='word_1_358' title='bbox 2386 3987 2477 4037; x_wconf 86' lang='lat' dir='ltr'><strong>pro</strong></span> 
     </span>
     <span class='ocr_line' id='line_1_39' title="bbox 86 4040 2479 4105; baseline -0.002 -9"><span class='ocrx_word' id='word_1_359' title='bbox 86 4048 374 4098; x_wconf 74' lang='lat' dir='ltr'><strong>dontano.</strong></span> <span class='ocrx_word' id='word_1_360' title='bbox 466 4040 707 4090; x_wconf 85' lang='lat' dir='ltr'><strong>Pamelius</strong></span> <span class='ocrx_word' id='word_1_361' title='bbox 756 4043 944 4091; x_wconf 80' lang='lat' dir='ltr'><strong>confert</strong></span> <span class='ocrx_word' id='word_1_362' title='bbox 991 4040 1058 4090; x_wconf 88' lang='lat' dir='ltr'><strong>De</strong></span> <span class='ocrx_word' id='word_1_363' title='bbox 1109 4041 1255 4090; x_wconf 84' lang='lat' dir='ltr'><strong>Prae-</strong></span> <span class='ocrx_word' id='word_1_364' title='bbox 1357 4054 1527 4091; x_wconf 86' lang='lat' dir='ltr'><strong>rursus</strong></span> <span class='ocrx_word' id='word_1_365' title='bbox 1562 4055 1764 4105; x_wconf 80' lang='lat' dir='ltr'><strong>sparsae</strong></span> <span class='ocrx_word' id='word_1_366' title='bbox 1799 4048 1846 4090; x_wconf 91' lang='lat' dir='ltr'><strong>et</strong></span> <span class='ocrx_word' id='word_1_367' title='bbox 1881 4040 2163 4101; x_wconf 80' lang='lat' dir='ltr'><strong>maculatae,</strong></span> <span class='ocrx_word' id='word_1_368' title='bbox 2210 4040 2344 4090; x_wconf 81' lang='lat' dir='ltr'><strong>novis</strong></span> <span class='ocrx_word' id='word_1_369' title='bbox 2378 4042 2479 4091; x_wconf 87' lang='lat' dir='ltr'><strong>sci-</strong></span> 
     </span>
     <span class='ocr_line' id='line_1_40' title="bbox 87 4106 2412 4179; baseline -0.003 -13"><span class='ocrx_word' id='word_1_370' title='bbox 87 4116 271 4179; x_wconf 83' lang='lat' dir='ltr'><strong>cript.</strong></span> <span class='ocrx_word' id='word_1_371' title='bbox 323 4111 529 4160; x_wconf 82' lang='lat' dir='ltr'><strong>Haeret.</strong></span> <span class='ocrx_word' id='word_1_372' title='bbox 578 4123 683 4171; x_wconf 86' lang='lat' dir='ltr'><strong>cap.</strong></span> <span class='ocrx_word' id='word_1_373' title='bbox 703 4106 769 4158; x_wconf 80' lang='lat'><strong>52</strong></span> <span class='ocrx_word' id='word_1_374' title='bbox 817 4109 976 4169; x_wconf 89' lang='lat' dir='ltr'><strong>„Sunt</strong></span> <span class='ocrx_word' id='word_1_375' title='bbox 1011 4108 1136 4158; x_wconf 89' lang='lat' dir='ltr'><strong>enim</strong></span> <span class='ocrx_word' id='word_1_376' title='bbox 1176 4108 1257 4171; x_wconf 86' lang='lat' dir='ltr'><strong>qui</strong></span> <span class='ocrx_word' id='word_1_377' title='bbox 1356 4107 1472 4159; x_wconf 88' lang='lat' dir='ltr'><strong>licet</strong></span> <span class='ocrx_word' id='word_1_378' title='bbox 1505 4116 1619 4172; x_wconf 90' lang='lat' dir='ltr'><strong>post</strong></span> <span class='ocrx_word' id='word_1_379' title='bbox 1653 4108 1892 4158; x_wconf 76' lang='lat' dir='ltr'><strong>lavacrum</strong></span> <span class='ocrx_word' id='word_1_380' title='bbox 1926 4108 2170 4158; x_wconf 85' lang='lat' dir='ltr'><strong>sordibus.</strong></span> <span class='ocrx_word' id='word_1_381' title='bbox 2200 4109 2412 4171; x_wconf 76' lang='lat' dir='ltr'><strong>(Rigalt.)</strong></span> 
     </span>
     <span class='ocr_line' id='line_1_41' title="bbox 87 4171 2481 4241; baseline -0.003 -8"><span class='ocrx_word' id='word_1_382' title='bbox 87 4191 188 4232; x_wconf 85' lang='lat' dir='ltr'><strong>ata</strong></span> <span class='ocrx_word' id='word_1_383' title='bbox 237 4177 501 4232; x_wconf 77' lang='lat' dir='ltr'><strong>Proclnm</strong></span> <span class='ocrx_word' id='word_1_384' title='bbox 539 4175 780 4237; x_wconf 86' lang='lat' dir='ltr'><strong>dicuntur,</strong></span> <span class='ocrx_word' id='word_1_385' title='bbox 815 4184 928 4227; x_wconf 81' lang='lat' dir='ltr'><strong>sunt</strong></span> <span class='ocrx_word' id='word_1_386' title='bbox 963 4177 1044 4241; x_wconf 87' lang='lat' dir='ltr'><strong>qui</strong></span> <span class='ocrx_word' id='word_1_387' title='bbox 1079 4189 1258 4227; x_wconf 87' lang='lat' dir='ltr'><strong>secun-</strong></span> <span class='ocrx_word' id='word_1_388' title='bbox 1426 4177 1473 4226; x_wconf 93' lang='lat' dir='ltr'><strong>d.</strong></span> <span class='ocrx_word' id='word_1_389' title='bbox 1509 4177 1790 4226; x_wconf 82' lang='lat' dir='ltr'><strong>retinendae</strong></span> <span class='ocrx_word' id='word_1_390' title='bbox 1826 4190 1977 4226; x_wconf 89' lang='lat' dir='ltr'><strong>necne</strong></span> <span class='ocrx_word' id='word_1_391' title='bbox 2026 4171 2180 4241; x_wconf 85' lang='lat' dir='ltr'><strong>statu]</strong></span> <span class='ocrx_word' id='word_1_392' title='bbox 2232 4176 2364 4227; x_wconf 87' lang='lat' dir='ltr'><strong>Libri</strong></span> <span class='ocrx_word' id='word_1_393' title='bbox 2399 4191 2481 4227; x_wconf 83' lang='lat' dir='ltr'><strong>ve-</strong></span> 
     </span>
     <span class='ocr_line' id='line_1_42' title="bbox 93 4243 2479 4307; baseline -0.004 -5"><span class='ocrx_word' id='word_1_394' title='bbox 93 4263 198 4302; x_wconf 86' lang='lat' dir='ltr'><strong>um</strong></span> <span class='ocrx_word' id='word_1_395' title='bbox 245 4245 572 4298; x_wconf 78' lang='lat' dir='ltr'><strong>Aeschinem</strong></span> <span class='ocrx_word' id='word_1_396' title='bbox 607 4244 996 4307; x_wconf 84' lang='lat' dir='ltr'><strong>pronuntiantur.</strong></span> <span class='ocrx_word' id='word_1_397' title='bbox 1074 4243 1130 4293; x_wconf 84' lang='lat' dir='ltr'><strong>Hi</strong></span> <span class='ocrx_word' id='word_1_398' title='bbox 1169 4244 1258 4293; x_wconf 83' lang='lat' dir='ltr'><strong>ba·</strong></span> <span class='ocrx_word' id='word_1_399' title='bbox 1315 4251 1489 4294; x_wconf 84' lang='lat' dir='ltr'><strong>·teres</strong></span> <span class='ocrx_word' id='word_1_400' title='bbox 1537 4244 1716 4294; x_wconf 90' lang='lat' dir='ltr'><strong>habent</strong></span> <span class='ocrx_word' id='word_1_401' title='bbox 1757 4245 2025 4295; x_wconf 75' lang='lat' dir='ltr'><strong>retinendae</strong></span> <span class='ocrx_word' id='word_1_402' title='bbox 2069 4259 2152 4294; x_wconf 74' lang='lat' dir='ltr'><strong>nec</strong></span> <span class='ocrx_word' id='word_1_403' title='bbox 2187 4250 2324 4295; x_wconf 71' lang='lat' dir='ltr'><strong>stetu.</strong></span> <span class='ocrx_word' id='word_1_404' title='bbox 2396 4244 2479 4293; x_wconf 83' lang='lat' dir='ltr'><strong>Ri-</strong></span> 
     </span>
     <span class='ocr_line' id='line_1_43' title="bbox 87 4310 2481 4374; baseline -0.003 -4"><span class='ocrx_word' id='word_1_405' title='bbox 87 4326 200 4370; x_wconf 80' lang='lat' dir='ltr'><strong>ent</strong></span> <span class='ocrx_word' id='word_1_406' title='bbox 271 4315 448 4364; x_wconf 78' lang='lat' dir='ltr'><strong>aliam</strong></span> <span class='ocrx_word' id='word_1_407' title='bbox 517 4325 824 4362; x_wconf 86' lang='lat' dir='ltr'><strong>communem</strong></span> <span class='ocrx_word' id='word_1_408' title='bbox 887 4310 1259 4374; x_wconf 85' lang='lat' dir='ltr'><strong>blasphemiam,</strong></span> <span class='ocrx_word' id='word_1_409' title='bbox 1360 4311 1492 4373; x_wconf 77' lang='lat' dir='ltr'><strong>galtii</strong></span> <span class='ocrx_word' id='word_1_410' title='bbox 1528 4311 1853 4363; x_wconf 87' lang='lat' dir='ltr'><strong>emendationi</strong></span> <span class='ocrx_word' id='word_1_411' title='bbox 1884 4313 2154 4362; x_wconf 75' lang='lat' dir='ltr'><strong>retinendae</strong></span> <span class='ocrx_word' id='word_1_412' title='bbox 2186 4327 2327 4362; x_wconf 77' lang='lat' dir='ltr'><strong>necne</strong></span> <span class='ocrx_word' id='word_1_413' title='bbox 2356 4318 2481 4362; x_wconf 77' lang='lat' dir='ltr'><strong>statu</strong></span> 
     </span>
     <span class='ocr_line' id='line_1_44' title="bbox 85 4378 2478 4443; baseline -0.003 -9"><span class='ocrx_word' id='word_1_414' title='bbox 85 4388 234 4436; x_wconf 79' lang='lat' dir='ltr'><strong>tiam</strong></span> <span class='ocrx_word' id='word_1_415' title='bbox 285 4379 667 4443; x_wconf 72' lang='lat' dir='ltr'><strong>blasphemiam</strong></span> <span class='ocrx_word' id='word_1_416' title='bbox 689 4392 785 4427; x_wconf 91' lang='lat' dir='ltr'><strong>non</strong></span> <span class='ocrx_word' id='word_1_417' title='bbox 810 4392 1134 4438; x_wconf 87' lang='lat' dir='ltr'><strong>communem,</strong></span> <span class='ocrx_word' id='word_1_418' title='bbox 1169 4379 1258 4430; x_wconf 85' lang='lat' dir='ltr'><strong>sed</strong></span> <span class='ocrx_word' id='word_1_419' title='bbox 1359 4380 1488 4429; x_wconf 87' lang='lat' dir='ltr'><strong>hand</strong></span> <span class='ocrx_word' id='word_1_420' title='bbox 1535 4380 1663 4430; x_wconf 88' lang='lat' dir='ltr'><strong>cedit</strong></span> <span class='ocrx_word' id='word_1_421' title='bbox 1707 4380 1802 4430; x_wconf 82' lang='lat' dir='ltr'><strong>los.</strong></span> <span class='ocrx_word' id='word_1_422' title='bbox 1840 4378 2036 4430; x_wconf 64' lang='lat' dir='ltr'><strong>merceri</strong></span> <span class='ocrx_word' id='word_1_423' title='bbox 2083 4381 2351 4430; x_wconf 73' lang='lat' dir='ltr'><strong>retinendae</strong></span> <span class='ocrx_word' id='word_1_424' title='bbox 2395 4393 2478 4428; x_wconf 75' lang='lat' dir='ltr'><strong>ne-</strong></span> 
     </span>
     <span class='ocr_line' id='line_1_45' title="bbox 86 4446 1587 4510; baseline -0.006 -5"><span class='ocrx_word' id='word_1_425' title='bbox 86 4451 431 4505; x_wconf 82' lang='lat' dir='ltr'><strong>eculiarem</strong></span> <span class='ocrx_word' id='word_1_426' title='bbox 466 4459 635 4497; x_wconf 87' lang='lat' dir='ltr'><strong>suam:</strong></span> <span class='ocrx_word' id='word_1_427' title='bbox 672 4453 720 4496; x_wconf 90' lang='lat' dir='ltr'><strong>et</strong></span> <span class='ocrx_word' id='word_1_428' title='bbox 738 4460 1042 4496; x_wconf 85' lang='lat' dir='ltr'><strong>communem</strong></span> <span class='ocrx_word' id='word_1_429' title='bbox 1064 4446 1258 4510; x_wconf 88' lang='lat' dir='ltr'><strong>quidem</strong></span> <span class='ocrx_word' id='word_1_430' title='bbox 1360 4449 1587 4498; x_wconf 74' lang='lat' dir='ltr'><strong>cessitate.</strong></span> 
     </span>
     <span class='ocr_line' id='line_1_46' title="bbox 86 4513 2481 4581; baseline -0.004 -10"><span class='ocrx_word' id='word_1_431' title='bbox 86 4525 216 4571; x_wconf 84' lang='lat' dir='ltr'><strong>lam</strong></span> <span class='ocrx_word' id='word_1_432' title='bbox 297 4529 420 4581; x_wconf 84' lang='lat' dir='ltr'><strong>qua</strong></span> <span class='ocrx_word' id='word_1_433' title='bbox 474 4514 522 4565; x_wconf 90' lang='lat' dir='ltr'><strong>in</strong></span> <span class='ocrx_word' id='word_1_434' title='bbox 569 4513 809 4579; x_wconf 84' lang='lat' dir='ltr'><strong>apostolis</strong></span> <span class='ocrx_word' id='word_1_435' title='bbox 856 4514 1050 4577; x_wconf 88' lang='lat' dir='ltr'><strong>quidem</strong></span> <span class='ocrx_word' id='word_1_436' title='bbox 1098 4514 1261 4564; x_wconf 88' lang='lat' dir='ltr'><strong>dicant</strong></span> <span class='ocrx_word' id='word_1_437' title='bbox 1428 4528 1470 4563; x_wconf 88' lang='lat' dir='ltr'><strong>e.</strong></span> <span class='ocrx_word' id='word_1_438' title='bbox 1511 4528 1536 4563; x_wconf 90' lang='lat' dir='ltr'><strong>a</strong></span> <span class='ocrx_word' id='word_1_439' title='bbox 1573 4514 1824 4564; x_wconf 83' lang='lat' dir='ltr'><strong>sacrificiis</strong></span> <span class='ocrx_word' id='word_1_440' title='bbox 1862 4521 1909 4563; x_wconf 88' lang='lat' dir='ltr'><strong>et</strong></span> <span class='ocrx_word' id='word_1_441' title='bbox 1952 4529 1978 4563; x_wconf 91' lang='lat' dir='ltr'><strong>a</strong></span> <span class='ocrx_word' id='word_1_442' title='bbox 2005 4513 2402 4565; x_wconf 76' lang='lat' dir='ltr'><strong>fornicationibus</strong></span> <span class='ocrx_word' id='word_1_443' title='bbox 2432 4519 2481 4562; x_wconf 89' lang='lat' dir='ltr'><strong>et</strong></span> 
     </span>
     <span class='ocr_line' id='line_1_47' title="bbox 87 4576 2478 4647; baseline -0.004 -8"><span class='ocrx_word' id='word_1_444' title='bbox 87 4589 342 4639; x_wconf 73' lang='lat' dir='ltr'><strong>›ir-itum</strong></span> <span class='ocrx_word' id='word_1_445' title='bbox 391 4589 617 4632; x_wconf 83' lang='lat' dir='ltr'><strong>sanctum</strong></span> <span class='ocrx_word' id='word_1_446' title='bbox 641 4582 814 4642; x_wconf 75' lang='lat' dir='ltr'><strong>fnisse,</strong></span> <span class='ocrx_word' id='word_1_447' title='bbox 849 4581 1135 4644; x_wconf 86' lang='lat' dir='ltr'><strong>paraclitum</strong></span> <span class='ocrx_word' id='word_1_448' title='bbox 1160 4596 1258 4632; x_wconf 87' lang='lat' dir='ltr'><strong>non</strong></span> <span class='ocrx_word' id='word_1_449' title='bbox 1358 4576 1635 4646; x_wconf 64' lang='lat' dir='ltr'><strong>sanguine]</strong></span> <span class='ocrx_word' id='word_1_450' title='bbox 1672 4581 1901 4631; x_wconf 77' lang='lat' dir='ltr'><strong>irenaeus</strong></span> <span class='ocrx_word' id='word_1_451' title='bbox 1939 4577 2075 4647; x_wconf 74' lang='grc' dir='ltr'><strong>[Λᾶν.</strong></span> <span class='ocrx_word' id='word_1_452' title='bbox 2103 4582 2245 4631; x_wconf 85' lang='lat' dir='ltr'><strong>Haer.</strong></span> <span class='ocrx_word' id='word_1_453' title='bbox 2267 4580 2349 4641; x_wconf 86' lang='lat' dir='ltr'><strong>tlt,</strong></span> <span class='ocrx_word' id='word_1_454' title='bbox 2375 4576 2478 4643; x_wconf 67' lang='lat'><strong>12]</strong></span> 
     </span>
     <span class='ocr_line' id='line_1_48' title="bbox 86 4647 2481 4720; baseline -0.004 -13"><span class='ocrx_word' id='word_1_455' title='bbox 86 4658 262 4720; x_wconf 54' lang='lat' dir='ltr'><strong>iisse,</strong></span> <span class='ocrx_word' id='word_1_456' title='bbox 335 4656 404 4702; x_wconf 83' lang='lat' dir='ltr'><strong>et</strong></span> <span class='ocrx_word' id='word_1_457' title='bbox 454 4664 547 4715; x_wconf 88' lang='lat' dir='ltr'><strong>qna</strong></span> <span class='ocrx_word' id='word_1_458' title='bbox 584 4650 745 4702; x_wconf 85' lang='lat' dir='ltr'><strong>dicant</strong></span> <span class='ocrx_word' id='word_1_459' title='bbox 779 4648 1066 4715; x_wconf 84' lang='lat' dir='ltr'><strong>paraclitum</strong></span> <span class='ocrx_word' id='word_1_460' title='bbox 1115 4649 1258 4714; x_wconf 86' lang='lat' dir='ltr'><strong>plura</strong></span> <span class='ocrx_word' id='word_1_461' title='bbox 1357 4649 1563 4701; x_wconf 85' lang='lat' dir='ltr'><strong>eundem</strong></span> <span class='ocrx_word' id='word_1_462' title='bbox 1582 4649 1803 4701; x_wconf 88' lang='lat' dir='ltr'><strong>ordinem</strong></span> <span class='ocrx_word' id='word_1_463' title='bbox 1822 4657 2006 4701; x_wconf 80' lang='lat' dir='ltr'><strong>servat:</strong></span> <span class='ocrx_word' id='word_1_464' title='bbox 2043 4647 2481 4713; x_wconf 71' lang='lat' dir='ltr'><strong>„i’raecipiendum</strong></span> 
     </span>
    </p>
   </div>
   <div class='ocr_carea' id='block_1_7' title="bbox 3173 70 3176 1508">
    <p class='ocr_par' dir='ltr' id='par_1_8' title="bbox 3173 70 3176 1508">
     <span class='ocr_line' id='line_1_49' title="bbox 3173 70 3176 1508; baseline 0 0"><span class='ocrx_word' id='word_1_465' title='bbox 3173 70 3176 1508; x_wconf 95' lang='lat' dir='ltr'><strong> </strong></span> 
     </span>
    </p>
   </div>
   <div class='ocr_carea' id='block_1_8' title="bbox 3173 2037 3176 2775">
    <p class='ocr_par' dir='ltr' id='par_1_9' title="bbox 3173 2037 3176 2775">
     <span class='ocr_line' id='line_1_50' title="bbox 3173 2037 3176 2775; baseline 0 0"><span class='ocrx_word' id='word_1_466' title='bbox 3173 2037 3176 2775; x_wconf 95' lang='lat' dir='ltr'><strong> </strong></span> 
     </span>
    </p>
   </div>
  </div>
 </body>
</html>
