3263 5311
347 1647 451 1702 Cap.
479 1645 583 1691 XXI]

631 3061 895 3104 coronatus
929 3053 1001 3103 vel
1039 3052 1283 3103 coloratus
1319 3070 1408 3105 om.
1442 3054 1493 3103 A.

616 459 698 521 54

1127 465 1328 518 me‘rl
1376 463 1643 506 serrum
1689 460 2023 504 nomm-ins
2072 458 2463 501 TtnTULuAM

617 624 826 693 simoS‚
871 618 1121 700 'quibus
1151 616 1260 676 viri
1292 615 1537 686 animam,
1584 611 1838 673 feminae
1880 609 2157 670 ²*autem¹¹’
2205 608 2321 669 illis
2368 608 2547 668 etiam
2583 625 2835 687 corpora
2865 625 2973 668 sua

616 725 1025 793 substernunt,
1069 719 1349 797 ‘’propter
1391 734 1544 794 quos
1590 714 1653 774 in
1695 731 1765 774 ea
1794 711 2207 773 committunt⁸
2250 711 2454 789 u’quae
2490 709 2969 790 reprehendunt,

618 845 692 886 ex
719 824 924 886 eadem
956 822 990 852 ¹¹
1009 827 1177 900 parte
1207 818 1246 849 ¹²
1260 835 1374 896 qua
1398 814 1835 894 magnifaciunt,
1882 812 2190 891 deponunt
2219 811 2262 844 ¹³
2280 818 2343 872 et
2378 810 2745 882 deminuunt,
2791 809 2973 870 immo

1293 917 1614 996 ignominia
1660 923 1718 975 et
1762 913 1970 994 capitis
2014 913 2377 985 minutione,
2454 920 2724 972 arcentes
2791 909 2972 984 curia,

1273 1018 1483 1098 equite,
1559 1016 1894 1095 ceterisque
1938 1013 2269 1075 honoribus
2316 1012 2591 1073 omnibus
2640 1011 2815 1072 simul
2860 1011 2978 1071 ¹¹et

1275 1119 1461 1180 sdam.
1552 1119 1784 1190 Quanta
1827 1113 2221 1196 perversitas!
2308 1116 2521 1175 Amant
2562 1131 2716 1192 quos
2762 1111 2972 1172 ¹⁶mul-

1273 1239 1408 1299 luos
1452 1219 1747 1300 probant3
1792 1218 1833 1250 ¹⁸
1848 1198 2036 1279 artem
2077 1216 2486 1296 magnificant,
2532 1214 2814 1275 artificem
2856 1231 2973 1272 no·-

1273 1341 1328 1382 m
1375 1329 1487 1394 est,
1532 1329 1600 1380 ut
1645 1320 1723 1380 ob
1768 1338 1836 1380 ea
1879 1318 2015 1398 quis
2062 1316 2449 1390 offuscetur⁴¹‚
2495 1335 2604 1396 per
2647 1334 2796 1395 quae
2827 1332 2974 1393 pro-

1273 1429 1466 1501 1uanta
1511 1421 1815 1482 confessio
1885 1427 1981 1480 est
2024 1417 2362 1479 ¹⁹malarum
2427 1436 2658 1492 rerum,
2729 1434 2979 1495 quarum

1273 1522 1655 1601 receptissimi
1701 1522 1842 1595 sint,
1890 1520 2020 1581 sine
2063 1528 2204 1605 nota
2249 1538 2372 1579 non
2420 1516 2587 1578 sunt!

1011 1691 1043 1702 υ
1273 1641 1463 1686 nnana
1505 1622 1840 1683 recordatio
1887 1621 2065 1682 etiam
2124 1620 2509 1700 obstrepente
2566 1618 2750 1697 gratia
2804 1616 2981 1676 volu·

622 1727 802 1811 ptatis
846 1725 1211 1788 damnandos
1256 1744 1365 1787 eos
1412 1732 1655 1786 censeat
1696 1721 1988 1802 ademptis
2032 1718 2212 1784 bonis
2257 1719 2604 1798 dignitatum
2658 1719 2719 1778 in
2784 1736 2978 1797 quen-

625 1830 761 1891 dam
804 1827 1116 1907 scopulum
1160 1824 1539 1899 famositatiS‚
1586 1831 1808 1904 quanto
1851 1823 2039 1901 magis
2086 1822 2279 1887 divina
2324 1821 2550 1882 iustitia
2593 1820 2653 1880 in
2684 1817 2984 1880 eiusmodi

628 1929 884 1991 artifices
959 1924 1416 1989 animadvertit?
1501 1924 1590 1985 An
1657 1923 1770 1984 deo
1824 1923 2082 2004 placebit
2123 1923 2336 2001 auriga
2380 1922 2477 1982 ille
2525 1909 2613 1981 tot
2651 1919 2984 1990 animarum

630 2028 1027 2109 inquietator,
1074 2035 1166 2088 tot
1206 2027 1492 2087 furiarum
1535 2023 1877 2097 minister·‚
1911 2031 2001 2083 tot
2044 2024 2354 2096 ¹statuum,
2398 2023 2502 2082 'ut
2544 2021 2824 2083 sacerdos
2869 2039 2980 2080 co-

629 2131 918 2216 ronatusb
963 2128 1056 2190 vel
1098 2128 1398 2188 coloratus
1443 2132 1523 2185 ut‘
1551 2124 1686 2189 leno
1700 2136 1741 2198 ⁸,
1816 2143 1993 2203 quem
2036 2123 2250 2185 ³curru
2294 2123 2642 2204 rapiendum
2709 2120 2982 2182 diabolus

1217 2262 1248 2306 ι,
1286 2245 1494 2295 feminae
1519 2245 1571 2294 Ε.
1607 2245 1737 2293 Fulv.
1761 2244 1968 2303 Ursinus,
2009 2244 2193 2309 Lipsius
2230 2243 2261 2291 Ι.
2299 2244 2332 2291 1.
2402 2241 2576 2305 quibus
2614 2240 2724 2290 viris
2737 2274 2949 2290 ........
2966 2273 2985 2289 .

1219 2330 1243 2363 s
1278 2315 1389 2363 viris
1425 2313 1610 2361 animas
1651 2311 1842 2360 feminis
1877 2308 2028 2376 ΛφΒ.

1217 2384 1273 2431 'D-
1341 2381 1390 2432 8.
1411 2388 1570 2430 autem
1608 2378 1706 2428 illis
1742 2380 1925 2443 Lipsius
1961 2380 1993 2428 Ι.
2030 2379 2064 2426 1.
2133 2385 2217 2427 aut
2253 2376 2323 2425 iiii
2359 2378 2470 2426 libri
2504 2392 2676 2427 omues.

1717 2446 1792 2495 10.
1832 2460 1955 2508 quae
1995 2445 2119 2494 0118.
2201 2445 2310 2508 qnia
2342 2445 2430 2494 Aa.

1376 2515 1455 2565 12.
1495 2530 1588 2579 qua
1621 2514 1712 2564 ΑΕ.
1782 2527 1925 2577 quam
1960 2514 2145 2577 reliqui.

1221 2449 1414 2499 mittunt
1449 2464 1538 2498 om.
1557 2447 1609 2497 A.

1220 2551 1497 2647 ’(Αφ)«ιι·ῑ.
1570 2597 1626 2631 ac
1663 2582 1756 2631 os.

1220 2651 1423 2701 raetiant
1458 2647 1555 2714 Αβ.
1634 2649 1715 2699 18.
1745 2652 1908 2704 arten‘
1933 2647 2237 2710 magnificant
2272 2646 2431 2698 enini,

2133 2310 2306 2373 quibus
2352 2309 2472 2358 viles
2520 2309 2705 2358 animas
2742 2309 2986 2357 foeminae

2537 2443 2617 2491 11.
2654 2451 2790 2506 parte
2817 2443 2985 2493 Aeco.

2256 2511 2333 2561 13.
2369 2518 2417 2560 et
2450 2511 2732 2560 deminuunt
2766 2527 2852 2561 οπο.
2889 2511 2988 2560 ΛΕ.

1864 2580 1942 2628 15.
1980 2580 2294 2629 ornamentis.
2342 2579 2527 2637 Quibus
2563 2585 2737 2642 quanta
2775 2580 2829 2627 D.
2901 2576 2986 2627 16.

2538 2646 2617 2696 19.
2640 2646 2872 2696 maiarum
2901 2661 2987 2696 re-

1217 2720 1329 2767 nata
1367 2732 1529 2768 rerum
1566 2732 1767 2782 quarum
1803 2715 1918 2780 Αφ.
1995 2716 2090 2764 mai
2104 2749 2292 2765 .......
2311 2729 2511 2779 quarum
2543 2714 2641 2777 Ap.
2715 2714 2869 2763 maiae
2894 2713 2989 2775 rei,

1217 2801 1239 2833 e
1276 2786 1363 2846 rei,
1402 2787 1537 2835 cuius
1573 2787 1627 2834 Ε.
1663 2786 1791 2835 Fulv.
1831 2784 2039 2832 Ursinus.
2120 2783 2277 2832 malae
2315 2783 2401 2843 rei,
2439 2797 2531 2846 qua
2568 2790 2668 2832 tum
2705 2784 2795 2832 Ios.
2832 2783 2990 2832 Scali-

629 2843 723 2917 ᾖον.
794 2853 948 2902 maiae
983 2848 1096 2903 rei?
1133 2867 1337 2916 quorum
1372 2854 1450 2902 Fr.
1484 2854 1665 2904 lunius.

627 2920 986 2985 acceptissimis
1020 2920 1071 2968 B.

766 2987 882 3051 Cap.
917 2986 1081 3036 xxlfl.
1155 2985 1200 3036 1.
1236 2993 1388 3036 status
1420 2988 1475 3037 A,

694 3136 742 3185 b.
780 3136 953 3200 quibus
990 3135 1074 3185 viri
1098 3137 1301 3197 animas,
1337 3137 1542 3185 renunes
1572 3132 1757 3203 autem]

630 3203 822 3253 Sanavit
877 3204 1005 3253 hunc
1060 3205 1221 3252 locum
1282 3217 1483 3263 magnus
1547 3202 1757 3266 LipsiuS,

630 3268 774 3318 cuius'
803 3276 1057 3334 autequam
1094 3269 1477 3319 emendationem
1515 3283 1758 3329 noveram,

631 3337 737 3400 ipse
782 3337 1144 3387 rescribendum
1194 3337 1377 3401 putavi:
1431 3337 1599 3399 quibus
1645 3339 1758 3385 viris

631 3406 810 3453 unimus
842 3407 1026 3467 seminis
1060 3407 1255 3466 [eminae
1289 3409 1369 3453 aut
1403 3404 1476 3452 illi
1500 3405 1635 3453 etium
1655 3419 1758 3453 cor-

626 3486 746 3534 pora
780 3484 866 3520 sua
899 3474 1209 3521 substernunt.
1264 3471 1356 3519 viri
1395 3471 1579 3519 animas
1615 3471 1757 3519 semi-

631 3551 723 3586 nae
759 3545 923 3586 esseut
957 3531 1232 3597 effeminati,
1269 3544 1316 3586 et
1351 3537 1444 3586 iam
1482 3538 1527 3584 in
1559 3552 1761 3600 praeee-

632 3603 856 3653 deutibus
875 3604 1104 3654 vocabulo
1136 3604 1564 3665 „amantissimos“
1596 3605 1762 3653 notati.

632 3670 785 3720 Sexus
822 3679 978 3720 autem
1017 3671 1218 3720 masculi
1253 3686 1369 3720 usus
1407 3678 1605 3719 naturae
1643 3686 1759 3720 con·

632 3738 811 3788 trarius
881 3752 1199 3802 perversaque
1280 3751 1540 3800 corporum
1610 3738 1760 3788 iibido

634 3811 933 3867 quantopere
995 3805 1289 3854 obtinuerint
1345 3805 1463 3853 oiim
1523 3805 1759 3868 imprimis

633 3870 763 3932 apud
797 3872 1037 3934 sequioris
1073 3873 1171 3921 aevi
1207 3871 1449 3921 Romanos
1484 3874 1645 3922 sciunt
1678 3873 1759 3937 qui

632 3936 856 3985 satiricos
893 3944 1060 4000 poetas
1095 3945 1142 3986 et
1176 3940 1258 4002 qui
1276 3939 1508 3988 historiae
1522 3944 1761 4002 Augustae

632 4002 898 4065 scriptores
933 4012 1212 4054 tractarunt.
1267 4006 1333 4054 De
1370 4006 1615 4056 amoribus
1652 4022 1760 4056 are-

634 4081 729 4118 nae
764 4069 826 4118 cs.
861 4069 1068 4120 luvenai.
1121 4071 1219 4120 Sat.
1256 4072 1329 4132 vl,
1369 4073 1465 4122 110
1499 4088 1608 4136 sqq.
1674 4075 1765 4124 Ce-

635 4141 791 4183 terum
827 4136 868 4184 si
904 4136 1018 4187 dicit
1052 4137 1332 4201 Septimius,
1367 4141 1601 4200 scenicis,
1640 4156 1761 4205 qua-

633 4199 875 4262 drigariis,
910 4206 1118 4265 xysticis,
1155 4207 1387 4255 arenariis
1422 4208 1606 4257 animas
1644 4208 1761 4259 sub-

635 4274 854 4317 sternere
904 4270 1060 4331 viros,
1115 4272 1210 4321 boc
1259 4274 1446 4337 explico
1501 4290 1596 4324 non
1652 4289 1761 4326 cum

637 4333 839 4394 Rigaltio
886 4334 1088 4404 aliisque
1134 4339 1195 4389 de
1243 4353 1465 4402 perversa
1501 4341 1584 4390 iiia
1620 4355 1763 4390 sexus

636 4399 861 4476 phidiae,
909 4405 992 4453 sed
1039 4406 1168 4469 quod
1216 4407 1301 4456 viri
1350 4407 1486 4469 quasi
1535 4407 1652 4456 vinci
1702 4408 1762 4457 ab

636 4465 909 4517 nattesmodi
960 4472 1248 4533 spectaculis
1299 4487 1418 4522 suos
1469 4475 1657 4523 animos
1715 4482 1765 4523 et

637 4533 789 4596 frangi
831 4535 1086 4598 patiantur.

705 4614 748 4649 c.
796 4601 842 4649 iu
867 4615 935 4672 ‘ea
973 4599 1295 4666 committunt}
1343 4603 1392 4653 b.
1429 4618 1471 4653 e.
1507 4606 1555 4655 in
1593 4621 1649 4656 ea
1684 4609 1761 4657 os-

637 4665 839 4716 tendunt
874 4665 1091 4723 crimina.

1768 2850 1851 2900 20.
1891 2858 2080 2901 actores
2114 2851 2245 2901 Folo.
2285 2850 2494 2911 Ursinus,
2527 2851 2604 2900 fr.
2639 2852 2816 2900 Iunius.
2900 2848 2988 2899 21.

1590 2986 1641 3036 2.
1675 2984 1804 3038 velut
1848 2985 2080 3035 sacerdos
2114 2986 2169 3035 Ε.
2202 2986 2332 3036 Fulv.
2372 2986 2582 3035 Ursinus.
2669 2991 2722 3033 ut
2755 2981 2991 3032 sacerdos

1612 3053 1661 3106 3.
1698 3067 1839 3103 curru
1887 3054 2172 3118 rapiendum
2222 3054 2347 3103 CDE.

2453 3051 2860 3115 corrumpendum
2894 3050 2990 3100 Aa.

1927 3137 1975 3186 d.
2011 3131 2296 3200 offuscetur]
2331 3137 2476 3196 Quasi
2512 3137 2697 3187 obiecta
2721 3135 2993 3186 insuscetur

1860 3204 1985 3254 labe.
2020 3204 2118 3266 (rr.
2156 3202 2357 3264 lunius)

1928 3337 2044 3401 Cap.
2080 3338 2241 3387 ΧΧΙΙΙ.
2290 3352 2333 3387 a.
2369 3344 2440 3386 tot
2475 3338 2708 3386 furiarum
2745 3331 2992 3401 minister}

1859 3404 2003 3453 Notat
2039 3406 2221 3453 furiosa
2257 3413 2470 3455 veterum
2507 3405 2631 3454 circa
2661 3404 2853 3465 aurigas
2887 3405 2989 3453 sive

1859 3472 2118 3532 agitatores
2153 3472 2340 3533 studia,
2395 3472 2441 3521 in
2478 3486 2602 3535 quae
2634 3486 2989 3536 saepenumero

1863 3539 2118 3588 contrariis
2153 3539 2273 3587 votis
2308 3540 2626 3603 spectantium
2651 3546 2833 3588 mentes
2853 3539 2990 3588 sciu-

1861 3605 2125 3665 debantur,
2184 3605 2290 3655 aliis
2334 3607 2558 3669 prasinae
2605 3606 2826 3666 factioni,
2878 3605 2992 3655 aliis

1859 3681 2054 3723 venetae
2090 3673 2371 3733 faventibus,
2409 3674 2535 3723 unde
2569 3674 2836 3723 animorum
2871 3674 2991 3723 varii

1860 3748 2019 3789 motus
2057 3747 2104 3788 et
2138 3740 2250 3790 varii
2284 3747 2455 3799 status,
2505 3756 2597 3804 pro
2645 3741 2769 3807 varia
2804 3740 2994 3790 scilicet

1858 3802 2134 3868 agitatione,
2169 3807 2440 3856 ministrati.
2474 3833 2541 3842 —
2568 3833 2629 3843 —
2670 3808 2992 3858 Cassiodorus

1860 3871 1988 3936 [Var.
2023 3874 2108 3932 lu,
2144 3868 2250 3938 51.]
2308 3875 2536 3934 „Transit
2569 3876 2822 3940 prasinus.
2872 3889 2992 3939 pars

1862 3941 2029 4005 popuii
2067 3950 2274 3990 maeret:
2313 3942 2554 4004 praecedit
2579 3949 2792 4000 venetus,
2828 3948 2875 3991 et
2894 3957 2990 4005 po-

1860 4009 1954 4057 tior
1990 4011 2127 4058 turba
2165 4008 2364 4066 civitatis
2397 4009 2639 4071 affligitur.
2708 4009 2832 4061 Nihil
2871 4025 2991 4072 pro-

1862 4074 2077 4123 ficientes
2131 4075 2366 4125 ferventer
2413 4077 2672 4136 insultant,
2726 4075 2843 4125 nihii
2897 4092 2992 4139 pa-

1860 4142 2033 4191 tientes
2069 4146 2272 4203 graviter
2306 4142 2629 4203 vulnerantur,
2663 4152 2712 4193 et
2736 4144 2796 4192 ad
2823 4144 2994 4193 inanes

1864 4210 2196 4259 contentiones
2242 4211 2315 4275 sic
2360 4211 2697 4270 descenditur,
2746 4219 2990 4273 tamquam

1861 4276 1922 4325 de
1958 4284 2085 4326 statu
2119 4277 2433 4340 periclitantis
2478 4278 2661 4342 patriae
2690 4276 2991 4328 laboretur.“

1885 4344 1935 4391 Ri
1972 4343 2055 4394 alt.
2602 4382 2611 4391 .
2792 4351 2802 4358 “

1863 4343 1880 4402 (
1930 4358 1979 4461 ii.
2017 4343 2075 4459 ut)
2101 4409 2330 4461 sacerdos
2365 4406 2649 4483 corgnatus]
2700 4411 2774 4461 ct.
2800 4411 2866 4460 De
2892 4409 2993 4460 Co-

1863 4489 1983 4526 rona
2019 4493 2125 4542 cap.
2168 4477 2246 4526 1⁰.

1934 4559 1974 4592 c.
2031 4544 2102 4593 vei
2139 4543 2384 4593 coloratus
2421 4551 2471 4594 ut
2501 4540 2637 4610 leno]
2697 4543 2866 4593 Donat.
2923 4542 2995 4593 De

1864 4608 2128 4670 Tragoedia
2166 4619 2213 4659 et
2238 4612 2469 4661 comoed.
2521 4613 2687 4672 „Leno
2722 4610 2873 4675 pallio
2909 4624 2994 4660 va-

1816 4749 1826 4765 l
1864 4674 1923 4725 rii
1958 4676 2137 4726 coloris
2172 4677 2372 4728 utitur.“
2410 4678 2485 4728 Ct'.
2519 4678 2718 4727 Taubm.
2753 4678 2814 4727 ad
2836 4676 2995 4728 Plaut-

2777 2376 2827 2424 9.
2863 2390 2986 2438 pro-
3084 2422 3096 2432 ,
