3263 5311
504 2836 515 2853 x
606 2820 776 2854 01111188.

624 399 753 460 164
1100 417 1300 466 QUINTI
1346 414 1606 459 sermm
1650 414 1983 458 nonnus
2030 414 2421 458 'rt—:urnulam

618 551 773 643 quos
820 563 994 626 etiam
1037 564 1409 638 ⁰vindieatiS,
1454 563 1768 627 inluditis?
1827 565 2260 644 Recognoscite
2288 565 2375 627 'si
2417 565 2694 628 mentior.
2763 567 2969 630 Primo

620 664 932 744 ⁸quidem',
979 684 1112 728 cum
1155 665 1253 726 alii
1296 665 1447 728 alios
1491 665 1721 738 colitis,
1765 664 2001 746 ⁹utique
2033 684 2187 745 quos
2219 684 2342 728 non
2372 666 2600 741 colitiS‚
2646 669 2967 731 offenditis.

616 765 909 827 Praelatio
954 766 1195 828 alterius
1240 766 1284 798 ¹⁰
1296 766 1425 828 sine
1468 765 1716 828 alterius
1760 767 2115 829 contumelia
2157 785 2281 828 non
2325 767 2580 847 ¹¹potest
2620 769 2966 847 procedere,

620 866 755 945 quia
796 885 910 929 nec
951 867 1159 930 electio
1204 868 1334 929 sine
1376 867 1852 946 reprobatione·.
1958 868 2082 930 lam
2127 867 2171 900 ¹²
2190 887 2333 947 ergo
2378 868 2754 932 contemnitis
2809 887 2970 947 quos

615 967 982 1047 reprobatis,
1030 987 1183 1047 quos
1229 968 1607 1049 reprobando
1653 967 1958 1040 offendere
2000 988 2123 1031 non
2168 969 2408 1031 timetiS.
2477 969 2631 1032 Nam
2670 977 2740 1031 ut
2783 987 2969 1047 supra

616 1065 1165 1146 ¹³praestrinximus
1182 1069 1231 1143 Β,
1279 1077 1468 1131 status
1514 1068 1610 1130 dei
1654 1069 1938 1149 cuiusque
1980 1069 2041 1130 in
2085 1077 2327 1131 senatus
2371 1070 2782 1131 aestimatione
2809 1088 2966 1148 pen-

532 1199 541 1214 ,
616 1167 810 1232 debat.
894 1170 1056 1231 Deus
1111 1189 1249 1232 non-
1292 1177 1419 1232 erat
1471 1188 1649 1250 quem
1692 1171 1875 1232 homo
1920 1170 2228 1232 consultus
2269 1171 2562 1232 noluisset
2603 1178 2665 1232 et
2702 1170 2966 1232 nolendo

615 1257 1032 1332 ¹⁴damn‘asset.
1118 1270 1495 1336 Domesticos
1540 1273 1720 1344 deos,
1765 1288 1916 1349 quos
1959 1269 2145 1332 Lares
2190 1271 2417 1345 dicitis,
2479 1271 2802 1333 domestica
2842 1289 2964 1350 po-

613 1379 828 1432 testate
871 1372 1134 1433 tractatis
1190 1372 1589 1450 pignerando,
1656 1371 2045 1444 venditando,
2115 1371 2472 1433 demutando
2531 1371 2842 1451 aliquando
2898 1371 2965 1432 in

613 1472 1041 1561 ¹⁵caccabulum
1066 1474 1161 1536 ‘de
1205 1473 1493 1546 Saturno,
1539 1471 1853 1553 aliquando
1885 1473 1946 1535 in
1976 1472 2208 1537 trullam
2239 1474 2314 1542 de
2341 1473 2650 1545 adiuel-vv,
2695 1479 2762 1532 ut
2790 1472 2961 1551 quis-

613 1585 728 1652 que
773 1574 1060 1638 contritus
1103 1582 1280 1655 atque
1322 1573 1667 1637 ¹⁰contusus
1713 1583 1837 1647 est,
1894 1574 2032 1635 dum
2087 1574 2189 1635 diu
2232 1573 2478 1646 colitur,
2547 1573 2667 1633 ¹'ut
2707 1572 2962 1652 quisque

611 1673 887 1736 dominus
934 1676 1289 1737 sanctiorem
1333 1683 1611 1755 expertus
1659 1675 1810 1736 ¹⁸est
1851 1675 2237 1737 domesticam
2279 1674 2695 1736 necessitatem
2712 1676 2759 1734 ⁶.
2830 1673 2958 1735 Pu-

607 1774 797 1835 blicos
843 1773 1028 1855 ae‘que
1072 1776 1307 1855 publico
1351 1775 1481 1838 iure
1523 1775 1806 1850 foedatis,
1871 1795 2023 1855 quos
2066 1776 2130 1837 in
2170 1774 2432 1837 hastario
2489 1775 2802 1854 vectigales
2844 1775 2960 1836 ha-

1184 1929 1232 1978 7.
1269 1930 1308 1978 si
1347 1930 1558 1979 mentior
1601 1923 1846 1993 Aemus.
1890 1930 2080 1980 Vindob.
2186 1930 2226 1978 si
2275 1930 2479 1979 mentiar
2526 1929 2730 1980 DEubce.
2766 1929 2960 1979 flavere.

1090 1997 1134 2046 8.
1174 1997 1367 2060 quidem
1406 2012 1514 2047 cum
1548 1998 1677 2052 Atm.
1713 2013 1805 2048 see.
1840 1999 1923 2046 sed
1959 1993 2227 2061 antiquun.
2302 1998 2382 2062 qui
2421 2011 2529 2046 cum
2564 1996 2767 2047 ABDEG.
2807 1996 2958 2047 Oxou.

601 2063 777 2125 Erfurt.
884 2063 993 2126 qnia
1032 2078 1139 2113 cum
1176 2065 1394 2129 Fabcdes.
1438 2066 1625 2115 vindob.
1765 2064 1815 2115 9.
1873 2064 2037 2128 utique
2073 2080 2169 2113 non
2207 2065 2365 2114 colitis
2399 2064 2563 2126 A.‚(m.
2596 2066 2691 2128 pr.)
2794 2064 2960 2126 utique

603 2144 746 2192 quern
784 2144 878 2179 uon
916 2131 1075 2181 colitis
1112 2138 1161 2181 A.
1200 2133 1276 2192 (m.
1304 2149 1394 2182 sec.
1425 2134 1510 2182 sed
1545 2131 1774 2196 antiquo.)
1882 2132 1958 2181 10.
1997 2133 2103 2184 sine
2138 2133 2428 2182 contumelia
2464 2132 2663 2182 alterius
2699 2133 2771 2181 cd.
2880 2130 2963 2182 11.

601 2204 763 2259 potest
797 2212 907 2246 esse
940 2193 984 2244 λ.
1101 2199 1181 2249 12.
1219 2215 1333 2262 ergo
1370 2215 1459 2250 om.
1496 2194 1541 2245 λ.
1656 2198 1744 2248 13.
1772 2200 2171 2264 praestrinximus
2193 2200 2421 2250 ABDEGc.
2496 2199 2876 2262 praestruximus
2913 2200 2961 2249 d.

580 2287 583 2294 ι
602 2265 974 2326 perstrinximus
1008 2267 1167 2331 Fabes.
1213 2268 1401 2318 Vindob.
1424 2268 1588 2324 ,Oxom
1611 2267 1786 2331 Erfurt.
1897 2267 1976 2316 14.
2014 2269 2118 2317 Post
2150 2269 2421 2318 vocobulum
2455 2267 2734 2315 damnasset
2767 2267 2818 2314 in
2850 2272 2957 2315 vett.

608 2333 743 2381 libris
780 2334 945 2397 incipit
977 2350 1142 2384 novum
1179 2342 1341 2398 caput,
1398 2337 1449 2384 in
1497 2335 1694 2404 scriptis,
1732 2337 2079 2393 duodecimum,
2132 2339 2208 2384 cui
2240 2336 2403 2383 titulus
2437 2337 2488 2382 in
2519 2334 2723 2384 ABDEG.
2768 2334 2958 2383 Vindob.

613 2400 761 2449 (λι-οη.
796 2401 970 2463 ΕνῙω-ε.
1008 2403 1119 2450 aliis
1153 2401 1230 2450 DE
1267 2401 1554 2460 mamus,
1585 2402 1771 2465 plenior
1803 2405 1854 2451 in
1887 2418 1980 2451 uno
2023 2402 2235 2452 Vaticano
2270 2401 2350 2450 DE
2387 2400 2664 2451 Lvntssnto
2703 2400 2763 2449 ΙΝ
2793 2398 2958 2469 pssos

608 2465 726 2514 'fvit
762 2467 949 2517 LARES
988 2468 1048 2517 ll)
1087 2469 1199 2518 EST
1235 2468 1623 2519 Domesticos
1662 2469 1779 2517 'rvM
1819 2468 2142 2529 PVBLlCOS.,
2191 2471 2414 2519 decimum
2448 2471 2630 2518 tertium
2663 2471 2714 2516 in
2748 2470 2821 2517 ab.
2859 2483 2962 2517 cum

606 2534 808 2596 simplici
841 2537 929 2585 ina
962 2538 1262 2601 inscriptione
1295 2536 1374 2586 DE
1411 2535 1673 2585 LARlBVS.
1780 2537 1860 2587 15.
1897 2536 2210 2585 caccabulum
2244 2531 2364 2585 Am.
2406 2537 2579 2599 Erfurt.
2622 2536 2812 2585 Vindob.
2886 2543 2959 2583 ta·

609 2601 853 2651 clabulum
892 2603 1041 2652 Oxou.
1123 2603 1380 2654 caccabulo
1414 2604 1505 2653 BG.
1589 2602 1869 2652 cacabulum
1907 2605 1998 2659 DF.
2092 2605 2234 2653 Verbo
2269 2603 2526 2668 aliquando
2562 2604 2609 2652 in
2647 2603 2958 2652 caccabulum

608 2671 666 2716 de
704 2669 913 2719 Saturno
950 2687 1037 2720 om.
1076 2687 1114 2721 e.
1262 2670 1339 2721 16.
1378 2679 1608 2720 contusus
1643 2666 1946 2735 ADEGlcdes.
1983 2673 2156 2734 Erfurt.
2189 2673 2343 2722 Oxou.
2381 2672 2586 2723 Ambros.
2690 2684 2957 2720 concussus

602 2736 752 2786 BFub.
798 2739 987 2787 Vindob.
1097 2738 1173 2790 17.
1210 2746 1263 2787 ut
1299 2740 1501 2802 quisque
1537 2737 1764 2788 dominus
1799 2736 2090 2789 ABEFdee.
2134 2740 2321 2789 Vindob.
2346 2739 2958 2801 Ooeon.Er[urt.Pameliuni

936 2805 1140 2869 quisque
1177 2807 1318 2856 deum
1354 2800 1419 2869 λῙ.
1457 2807 1646 2856 Havete.
1717 2813 1770 2855 nt
1806 2807 2010 2870 quisque
2047 2807 2297 2856 dominum
2333 2822 2403 2856 ac.
2440 2808 2666 2855 Latinitas.
2737 2812 2783 2854 et
2820 2806 2957 2868 quis-

1219 2873 1298 2923 18.
1335 2883 1408 2924 est
1444 2881 1492 2923 et
1526 2874 1840 2924 domesticam
1879 2890 1939 2924 c:-

608 1927 656 1976 6.
694 1927 915 1977 indicatis
949 1928 1032 1978 Da.

606 1996 781 2056 Erfurt.
824 1996 970 2046 Oxou.

606 2886 699 2934 que
737 2872 848 2922 dom
940 2880 984 2921 m
1020 2875 1076 2924 D.

671 3006 788 3069 Cap.
823 3005 944 3056 xm.
1013 3021 1058 3057 a.
1104 3009 1218 3072 qnia
1266 3024 1357 3058 nec
1401 3008 1573 3057 electio
1621 3008 1727 3059 sine
1829 3016 1881 3057 ut
1915 3020 2001 3057 eos
2036 3007 2252 3071 appellat
2283 3008 2541 3066 Ausonius,
2590 3005 2677 3055 sed
2714 3006 2959 3070 quoslibet

600 3070 968 3139 reprobatione]
1021 3069 1179 3130 „Kal
1221 3069 1331 3141 γὰρ
1366 3074 1529 3123 τοῦτο
1564 3088 1727 3123 κατα·
1828 3075 1947 3125 deos
1984 3076 2114 3124 domi
2149 3076 2328 3138 privata
2364 3076 2598 3137 religione
2628 3084 2958 3135 consecratos,

604 3134 943 3219 φροννζτᾳὸν
976 3134 1039 3189 τὸ
1073 3138 1150 3207 μὴ
1190 3134 1376 3198 ἀξιοῦν
1410 3128 1490 3191 ὧν
1515 3135 1729 3195 πάντας
1829 3151 1876 3192 et
1911 3156 2034 3207 qnos
2071 3143 2118 3192 in
2154 3143 2352 3192 Larario
2399 3143 2594 3206 saepius
2630 3143 2955 3193 asservabant.

598 3220 691 3253 και
727 3214 979 3265 αυτον,·“
1015 3210 1661 3273 inquitAristothetorAl,
1678 3210 1726 3260 2.
1826 3213 1946 3261 Deos
1993 3211 2278 3261 cubiculares
2332 3210 2547 3274 appellat
2596 3210 2856 3259 Suetonius
2907 3212 2956 3260 in

596 3275 738 3324 Addit
756 3275 1080 3325 Tertullianus
1114 3279 1262 3339 ‚fluia
1299 3292 1390 3325 nec
1423 3278 1594 3327 electio
1620 3280 1726 3327 sine
1825 3281 2059 3339 Angusto.
2116 3279 2243 3327 Sane
2280 3280 2506 3341 propriae
2541 3279 2659 3326 artis
2695 3285 2956 3340 patronum
2991 3283 3003 3289 ‘

596 3342 995 3401 reprobatione.“
1044 3342 1174 3391 ldem
1211 3344 1726 3394 aitBasiliusinAsce-
1828 3346 1875 3394 in
1931 3346 2131 3395 aedibus
2189 3345 2292 3394 suis
2344 3345 2547 3409 quisque
2599 3344 2851 3394 dedicabat
2909 3353 2956 3394 et

527 3450 531 3465 ,
596 3406 734 3461 ticis:
784 3402 919 3461 „nai
966 3400 1186 3461 πάντως
1231 3402 1288 3459 ἐκ
1323 3409 1420 3459 τοῦ
1455 3424 1609 3462 τινας
1643 3404 1726 3460 αἱ·
1822 3413 2079 3472 statuebat,
2116 3413 2417 3462 tabernarius
2437 3412 2693 3471 Bacchum,
2730 3414 2840 3461 leno
2863 3412 2955 3461 Ve-

598 3471 823 3535 ριεῖσθαι
844 3467 972 3527 τοὺς
989 3469 1209 3530 λοιποὺς
1234 3468 1725 3543 ἀποδοκιμάζειν.“

596 3541 720 3588 Hinc
756 3556 864 3591 cum
902 3542 1144 3593 Helvidius
1174 3544 1367 3595 Priscus
1403 3545 1604 3607 legatos,
1642 3548 1723 3610 qui

596 3607 657 3657 ad
674 3608 1012 3672 Vespasianum
1050 3612 1369 3671 mitterentur,
1406 3628 1430 3661 a
1468 3614 1725 3675 magistra-

594 3676 721 3725 tibus
758 3677 926 3728 iuratis
961 3686 1093 3727 sorte
1128 3679 1238 3741 eligi
1276 3682 1559 3740 censuisset,
1597 3681 1724 3731 Mar-

594 3742 749 3795 cellus
784 3754 918 3795 sorte
952 3745 1185 3808 legendos
1211 3748 1411 3797 censuit.
1449 3748 1580 3808 „Sed
1594 3749 1723 3799 Mar-

593 3811 704 3861 celli
724 3814 954 3872 studium,
980 3815 1134 3878 inquit
1152 3816 1343 3865 Tacitus
1366 3816 1541 3865 Histor.
1562 3817 1634 3874 lv,
1649 3815 1716 3876 6.,

590 3881 829 3949 proprius,
859 3882 1007 3930 rubor
1044 3883 1294 3943 excitabat,
1330 3897 1390 3931 ne
1415 3883 1522 3932 aliis
1549 3884 1717 3934 electis

589 3946 897 4007 p'ostliabitus
933 3949 1262 4000 crederetur.“
1299 3950 1536 4010 (Herald.)

658 4013 706 4061 h.
743 4012 862 4062 Nam
901 4023 951 4063 ut
986 4031 1131 4078 supra
1170 4014 1561 4082 perstrinximus]
1599 4018 1716 4067 Ser-

587 4080 798 4129 vavimns
867 4082 1121 4131 lectionem
1200 4085 1426 4133 editionis
1493 4085 1715 4145 Venetae,

588 4161 732 4210 quam
768 4158 858 4196 ms.
896 4148 1093 4198 Puteani
1131 4152 1396 4200 confirmat.
1445 4151 1567 4200 Alibi
1578 4168 1717 4215 prae-

584 4216 868 4276 struximus,
921 4229 1017 4264 non
1065 4217 1203 4265 bene.
1274 4217 1555 4267 Perstrinxit
1589 4219 1716 4268 enim

584 4280 645 4409 all
682 4281 840 4397 obliger
884 4281 1211 4333 Tertullianus
1262 4281 1434 4347 [supra
1483 4300 1588 4349 cap.
1626 4282 1716 4351 5.].

652 4363 741 4399 era.
790 4350 826 4406 .)

654 4431 692 4465 c.
756 4415 804 4464 in
855 4415 1163 4465 caccabulum
1218 4417 1281 4467 de
1328 4418 1567 4481 Saturno,
1623 4421 1716 4473 ati·-

587 4483 779 4545 quando
826 4483 873 4532 in
922 4482 1117 4532 trullam
1179 4484 1239 4533 de
1286 4484 1515 4552 Minerva]
1586 4489 1714 4551 Ergo

587 4551 823 4605 Saturnus
869 4552 995 4599 inter
1041 4551 1210 4603 Lares.
1305 4554 1372 4603 lta
1409 4563 1511 4604 est:
1564 4556 1713 4607 Lares

586 4619 899 4680 appellabant
928 4633 1043 4679 ‘non
1086 4618 1245 4669 solum
1283 4624 1498 4673 domuum
1532 4627 1712 4688 genios,

1823 3494 2009 3539 nerem,
2048 3481 2185 3529 faber
2212 3480 2490 3539 Vulcanum,
2525 3481 2683 3543 pistor
2708 3480 2960 3541 Cererem,

1824 3556 1872 3596 et
1895 3548 1957 3596 ita
1981 3548 2146 3597 ceteri.
2195 3548 2316 3596 Hinc
2351 3548 2507 3610 pistor
2540 3547 2624 3597 ille
2662 3547 2788 3610 apud
2811 3548 2955 3610 Apul.

1821 3615 1972 3663 Miles.
2014 3614 2091 3673 lx,
2147 3609 2275 3678 [cap.
2315 3613 2452 3676 2342
2501 3614 2650 3674 „Iuro
2685 3629 2774 3677 per
2809 3616 2952 3664 istam

1822 3696 1912 3743 ego
1961 3690 2176 3732 sanctam
2226 3682 2452 3731 Cererem
2507 3696 2585 3730 me
2633 3696 2760 3733 nnnc
2807 3682 2956 3732 etiam

1823 3749 1943 3798 meis
1981 3749 2135 3799 oculis
2182 3749 2243 3799 de
2289 3750 2371 3799 tali
2409 3749 2612 3799 mulsere
2649 3750 2808 3799 minus
2844 3764 2956 3799 cre-

1821 3816 1991 3866 dere.“
2077 3816 2198 3865 Dicit
2227 3832 2312 3881 per
2362 3819 2526 3876 istam,
2584 3831 2759 3880 nempe
2805 3830 2950 3880 quam

1820 3883 1968 3946 digito
2008 3884 2419 3933 commonstrabat
2451 3885 2582 3934 domi
2619 3892 2954 3937 consecratam

1821 3959 1868 4001 et
1903 3952 2129 4014 positam.
2167 3951 2404 4011 (Herald.)
2490 3951 2559 4002 De
2609 3948 2867 4000 caccabulo
2905 3959 2956 4001 et

1818 4018 1965 4067 trulla
2013 4034 2054 4066 v.
2102 4018 2391 4082 interpretes
2443 4018 2502 4067 ad
2538 4016 2799 4068 Arnobium
2836 4016 2951 4068 Λᾶν.

1818 4085 1944 4135 Natt.
1980 4086 2054 4145 lv,
2095 4085 2212 4143 14.‚-
2243 4087 2322 4134 ubi
2361 4085 2528 4135 eadem
2567 4100 2646 4135 res
2681 4093 2951 4148 pertracta·

1818 4160 1909 4201 tur.
1981 4152 2236 4202 Immunda‘
2265 4168 2374 4203 vasa
2410 4153 2692 4215 intellegere
2729 4167 2823 4203 uon
2863 4168 2958 4202 ne-

1819 4220 2083 4269 cessarium
2122 4228 2210 4269 est.
2282 4220 2353 4270 Cf.
2392 4221 2534 4269 etiam
2572 4235 2696 4284 quae
2725 4221 2958 4273 adnotata

1818 4296 1932 4353 sunt
1969 4302 1994 4336 a
2033 4302 2109 4336 me
2145 4302 2292 4350 supra
2330 4287 2389 4336 ad
2428 4300 2532 4351 cap.
2575 4286 2653 4337 12.

1885 4355 1935 4404 d.
1971 4355 2264 4405 sanctiorem
2319 4363 2542 4419 expertus
2590 4361 2666 4403 est
2712 4354 2949 4405 domesti-

1814 4436 1920 4471 cam
1958 4420 2335 4485 necessitatem]
2383 4422 2538 4471 Proba
2577 4421 2738 4471 lectio.
2812 4422 2952 4471 Ridet

1816 4489 2142 4543 Tertullianus
2179 4491 2462 4551 religionem
2501 4490 2632 4539 illam
2651 4489 2948 4538 domesticae

1809 4557 2108 4619 necessitati,
2145 4568 2292 4621 quam
2325 4558 2507 4608 idcirco
2537 4557 2829 4607 sanctiorem
2856 4571 2949 4618 ap—
2999 4594 3010 4603 .

1805 4622 1980 4697 pellat,
2017 4624 2307 4697 quandoque
2341 4625 2684 4701 pfflbabitam.
2707 4623 2954 4691 (Herald.)
