3263 5311
665 381 794 443 200
1167 389 1369 439 QUINTI
1415 385 1680 430 SEPTlm
1721 387 2052 431 numus
2096 389 2489 434 Taurunum!

666 562 775 607 vos
818 539 1173 606 ”eiusmodi
1213 536 1443 601 tabulas
1483 536 1766 600 aemulas
1788 537 1866 600 ad
1906 537 2376 603 destructionem
2413 542 2680 608 veritatis
2738 543 3012 609 '’istim-

664 644 830 709 modi
869 637 1530 724 praemium-avetinu.
1628 638 1908 702 Seiebant
1957 647 2020 702 et
2058 639 2258 704 ludaei
2299 649 2612 706 venturum
2653 661 2792 709 esse
2833 645 3011 710 Cbri-

629 786 633 790 ,
668 755 860 819 stum,
902 741 1129 806 scilieet
1168 739 1383 820 quibus
1424 738 1754 818 propbetas
1792 739 2206 819 loquebantur.
2290 740 2442 806 Nam
2484 752 2548 806 et
2588 761 2748 808 nunc
2787 746 3011 810 adven-

626 845 791 926 {tm
842 845 972 907 eius
1026 848 1365 923 expectant,
1432 857 1553 902 nec·
1596 840 1712 902 alia
1765 840 1955 920 magis
1998 841 2156 904 inter
2195 860 2313 904 nos
2357 851 2420 906 et
2460 844 2595 908 illos
2639 847 3012 927 conpulsatio

630 955 756 1010 ‚031
796 963 972 1025 quam
1015 942 1177 1023 quod
1218 941 1339 1011 iam
1380 941 1613 1004 venisse
1655 959 1782 1004 non
1815 942 2131 1006 creduntb.
2195 942 2442 1006 Duobus
2469 945 2630 1008 etnim
2659 946 3012 1014 adventibus

628 1048 791 1110 ,eius
836 1044 1214 1125 gignffioefis,
1264 1043 1494 1123 primo,
1549 1043 1652 1121 qui
1692 1043 1810 1106 iam
1851 1051 2179 1123 expunctus
2235 1054 2347 1113 est,
2381 1045 2444 1107 in
2487 1046 2816 1114 humilitate
2855 1069 3008 1114 eon-

628 1141 942 1210 {ditioniv
983 1145 1310 1219 humanae,
1354 1142 1652 1217 secundo,
1703 1144 1807 1223 qui
1849 1143 2256 1208 concludendo
2297 1146 2536 1208 saeetsso
2579 1146 2850 1212 imminet
2888 1150 3011 1214 ”in

654 1247 1021 1312 sublimitate
1062 1244 1383 1309 divinitatis
1428 1252 1685 1319 exertae,
1726 1244 1985 1324 primum
2023 1263 2150 1310 nou
2177 1245 2572 1326 intellegendo
2601 1248 3010 1327 ⁸¹seeundum,

654 1367 836 1429 quem
877 1346 1253 1410 manifestius
1296 1345 1698 1444 praedicatum
1739 1353 2013 1425 sperant,
2058 1363 2244 1412 tulum
2287 1347 2789 1412 existimaverunt.
2859 1351 3010 1415 ”Ne

620 1429 817 1512 ¹enim
860 1449 1271 1529 intellegerent
1309 1446 1661 1528 pristinum,
1706 1445 2022 1521 ‹zi-edim,
2078 1447 2134 1508 si
2175 1446 2638 1532 intellexissent,
2684 1459 2746 1513 et
2781 1470 3008 1515 conse-

656 1550 851 1613 euturi
906 1549 1190 1624 salutem,
1256 1548 1311 1611 si
1366 1547 1792 1621 credidissent,
1850 1545 2182 1609 ¹³'meritum
2238 1548 2352 1612 fuit
2389 1548 2720 1613 ”delictum
2773 1570 3007 1616 eorum.

652 1651 777 1731 Ipsi
820 1650 1026 1730 legunt
1063 1651 1143 1711 ita
1187 1648 1475 1728 scriptum
1516 1646 1832 1710 mulctatos
1873 1648 1999 1710 ⁸*lse
2053 1648 2344 1729 sapientia
2406 1657 2470 1712 et
2509 1650 2905 1731 intellegentia
2945 1660 3011 1715 et

655 1750 966 1812 oculorum
1020 1759 1082 1812 et
1134 1750 1365 1812 atu-ium
1420 1748 1646 1827 fruge&
1693 1757 1704 1840 ff
1745 1748 1996 1821 ⁸''Quem
2057 1749 2238 1827 igitur
2277 1750 2582 1814 hominem
2623 1752 3005 1818 solummodo

655 1901 738 1953 78.
775 1902 1013 1952 eiusmodi
1051 1918 1137 1951 om.
1174 1905 1209 1966 s.
1312 1902 1587 1952 huiusmodi
1627 1903 1678 1951 G.
1816 1901 1897 1951 79.
1938 1901 2207 1951 istiusmodi
2255 1902 2764 1966 praeministraverunt
2809 1906 3004 1957 Haere-

652 1970 793 2021 istius
828 1969 1046 2019 aemulas
1079 1971 1225 2033 (quod
1256 1986 1356 2020 voe.
1395 1977 1531 2020 antea
1551 1971 1662 2030 om.)
1699 1969 2205 2033 praeministraverunt
2237 1974 2271 2034 Ῑ.
2375 1970 2458 2020 80.
2493 1971 2543 2020 in
2579 1971 2875 2023 sublimitate
2909 1988 3001 2037 pa-

652 2046 819 2089 ternae
852 2036 1107 2102 potestatis
1143 2045 1369 2099 acceptae
1416 2037 1672 2086 divinitatis
1719 2045 1907 2087 exertae
1941 2031 1986 2082 λ.
2111 2035 2194 2087 81.
2242 2045 2290 2087 et
2335 2037 2601 2088 secundum
2654 2054 2796 2104 quem
2843 2041 3006 2091 mani-

654 2106 828 2155 festius
862 2105 1158 2170 praedictum
1197 2120 1235 2154 ο.
1304 2105 1389 2154 Pro
1426 2112 1625 2168 sperant
1657 2099 1704 2151 λ.
1746 2106 1880 2156 habet
1915 2104 2194 2167 sperabant.
2326 2103 2407 2155 82.
2442 2105 2544 2155 Nec
2577 2106 2913 2158 intellexerunt
2946 2102 2998 2155 λ.

648 2172 750 2223 Nec
787 2186 897 2222 vero
933 2172 1268 2233 intellegerent
1306 2173 1454 2222 Oxou.
1557 2172 1658 2221 Nec
1704 2172 1833 2221 enim
1879 2170 2215 2234 intellegerent
2250 2173 2299 2222 G.
2415 2171 2498 2222 83.
2537 2175 2708 2224 merito
2744 2175 2797 2224 F.
2916 2173 3002 2226 84.

650 2239 955 2290 delictorum.
993 2242 1037 2289 ὸ.
1105 2240 1192 2297 Pto
1229 2238 1327 2301 Ipsi
1360 2240 1412 2288 F.
1451 2246 1493 2289 et
1534 2239 1724 2289 Vindob.
1759 2241 1976 2303 praebent
2012 2239 2070 2288 si.
2173 2237 2256 2290 85.
2292 2254 2346 2289 se
2380 2256 2469 2290 om.
2498 2241 2585 2291 FG.
2610 2242 2801 2292 Vindob.
2855 2241 3003 2294 Verba

580 2333 619 2344 -
650 2315 698 2357 et
734 2307 987 2357 oculorum
1023 2322 1110 2356 om.
1149 2307 1200 2356 F.
1242 2307 1431 2357 V'mdob.
1537 2305 1621 2355 86.
1658 2307 1809 2365 Quem
1847 2307 1992 2367 igitur
2037 2311 2173 2368 (ergo
2211 2307 2263 2356 Ε.
2299 2307 2494 2370 ΕτῙοινι.)
2530 2307 2773 2358 bominem
2809 2308 3002 2359 solum-

649 2376 797 2424 modo
831 2374 995 2436 ABEJF.
1040 2374 1230 2423 vindob.
1268 2374 1442 2436 Erfurt.
1482 2372 1631 2424 Oxos.
1749 2374 1901 2431 Quem
1950 2373 2093 2436 igitur
2139 2373 2306 2423 solnm,
2336 2374 2579 2424 bominem
2617 2376 2761 2426 modo
2797 2377 3000 2429 chede.

650 2442 805 2499 Quem
841 2441 985 2503 igitur
1018 2441 1260 2490 hominem
1302 2440 1352 2490 G.
1424 2441 1577 2499 Quem
1614 2441 1761 2501 igitur
1793 2441 2100 2491 solummodo
2138 2441 2380 2491 bominem
2416 2446 2451 2505 J.
2485 2442 2676 2494 flavere.

643 2564 1770 2711 mexipffiwthisss‘s

645 2705 947 2767 δέξασθε.“

714 2795 754 2828 a.
804 2779 862 2828 ad
898 2776 1273 2828 destructionem
1309 2778 1523 2828 veritatis
1557 2778 1771 2842 praemi-

644 2842 991 2909 nistraverint.]
1060 2845 1274 2909 Recipite
1328 2846 1547 2904 interim,
1598 2845 1770 2908 inquit,

638 2914 768 2963 banc
804 2913 1016 2963 fabulam
1052 2914 1112 2970 (si
1151 2914 1213 2962 ita
1250 2913 1382 2962 vobis
1408 2913 1569 2962 dicere
1595 2912 1773 2976 placet)

640 2981 702 3030 de
740 2980 960 3041 Christo,
1010 2994 1103 3044 qua
1139 2994 1249 3029 eum
1284 2988 1337 3029 ut
1372 2981 1534 3029 lumen
1582 2980 1643 3029 de
1690 2979 1768 3029 lu-

638 3049 772 3098 mine
806 3061 1082 3106 accensum,
1118 3054 1170 3097 ut
1204 3047 1390 3097 radium
1427 3047 1548 3096 solis
1574 3048 1635 3096 de
1659 3047 1766 3110 ipso

636 3116 748 3165 sole
784 3124 996 3175 enatum,
1034 3116 1096 3162 ita
1133 3113 1276 3164 deum
1314 3113 1375 3163 de
1411 3115 1502 3163 deo
1538 3128 1596 3162 ex
1619 3114 1767 3176 virgi-

636 3184 717 3233 nis
752 3183 957 3232 intactae
1005 3189 1142 3230 utero
1191 3188 1476 3244 prognatum
1513 3193 1764 3230 commen-

634 3251 723 3299 tati
771 3264 957 3299 sumus.
1026 3247 1197 3297 Nonne
1244 3261 1327 3296 vos
1374 3247 1579 3307 similia,
1635 3262 1763 3309 cum,

636 3326 691 3365 ut
720 3330 866 3364 unum
890 3315 1106 3373 afferam,
1142 3314 1350 3363 narratis
1371 3314 1527 3363 lovem
1552 3323 1762 3364 restrum

636 3383 730 3432 sub
766 3382 897 3431 aurei
933 3380 1104 3430 imbris
1152 3382 1317 3445 specie
1354 3382 1545 3430 Danaen
1594 3382 1763 3432 iniisse

636 3457 687 3499 et
736 3455 939 3498 matrem
988 3445 1253 3498 effecisse?
1334 3449 1546 3512 Recipite
1600 3449 1762 3511 igitur,

635 3517 862 3580 inquam,
916 3516 1045 3567 banc
1092 3515 1284 3566 interim
1346 3516 1591 3575 tabulam,
1645 3516 1761 3565 dum

635 3583 1022 3644 ostenderimus,
1086 3583 1331 3647 quomodo
1396 3583 1619 3633 Christus
1674 3597 1765 3647 per

632 3665 690 3702 se
725 3652 973 3715 probetur,
1031 3658 1079 3701 et
1114 3651 1308 3715 quinam
1355 3650 1454 3699 sint
1498 3651 1579 3715 qui
1628 3651 1763 3700 vobis

634 3718 873 3769 eiusmodi
910 3718 1102 3768 fabulas
1138 3717 1384 3779 aemulas,
1441 3732 1597 3781 eoque
1644 3732 1763 3767 con-

631 3785 746 3839 silio
807 3801 889 3835 eas
963 3786 1457 3850 praeministraveriut
1520 3794 1572 3835 ut
1638 3787 1763 3835 veri-

631 3858 778 3902 tatem
829 3853 1102 3903 istiusmodi
1155 3854 1461 3905 destruerent
1507 3861 1651 3918 atque
1687 3852 1759 3911 la-

629 3915 945 3969 befactarent.
1062 3921 1537 3971 Praemiuistratores
1597 3927 1757 3970 autem

631 3984 870 4035 eiusmodi
909 3987 1180 4037 fabularum
1230 3988 1428 4037 denotat
1475 3988 1757 4048 daemonas,

628 4051 691 4102 de
727 4052 903 4115 quibus
940 4068 1029 4116 per
1063 4063 1215 4104 totum
1246 4069 1457 4119 sequens
1485 4061 1627 4118 caput
1654 4054 1757 4104 dis-

625 4125 885 4185 putaturus
921 4127 1012 4170 est.

624 4188 631 4195 '
693 4184 745 4235 b.
782 4200 925 4251 quam
961 4185 1091 4250 quod
1140 4188 1233 4235 iam
1284 4187 1474 4237 venisse
1510 4200 1606 4236 non
1645 4202 1754 4237 cre-

625 4247 789 4317 dunt.]
826 4252 900 4302 Cf.
933 4252 1046 4302 Adv.
1083 4253 1188 4303 lud.
1223 4253 1393 4317 cap.'1.
1431 4261 1480 4303 et
1515 4254 1594 4304 14.
1634 4255 1755 4304 Gon-

621 4321 830 4383 pulsutio
868 4326 943 4369 est
979 4319 1240 4377 discordia,
1274 4320 1550 4382 dissidium,
1587 4335 1754 4371 aemu-

623 4387 763 4438 satio.
831 4385 1032 4451 Apolog.
1067 4401 1172 4451 cap.
1190 4385 1255 4437 38
1291 4387 1530 4447 „aemulis
1565 4389 1757 4439 studio·

598 4454 731 4505 ·lum
766 4455 1199 4519 sufflationibus
1235 4454 1579 4519 inquietaret.“
1633 4455 1757 4507 lbid.

622 4534 739 4638 m
755 4520 823 4614 3⁰
887 4522 1066 4586 „quod
1136 4521 1300 4585 regnis
1352 4536 1501 4586 regua
1561 4525 1756 4591 coepta-

1940 2591 1980 2624 c.
2019 2573 2342 2638 conditionis]
2388 2575 2461 2625 Cl'.
2498 2575 2661 2639 adnot.
2696 2575 2755 2626 ad
2792 2575 2861 2627 De
2898 2577 2998 2628 Co·
3094 2599 3098 2603 ·
3197 2595 3202 2605 ·

1871 2639 2196 2707 rona‘cap.6.

1940 2710 1985 2760 d.
2023 2718 2071 2759 et
2104 2710 2356 2760 oculorum
2393 2720 2442 2759 et
2474 2710 2662 2760 aurium
2711 2707 2891 2778 fruge]
2945 2713 2997 2764 V.

1873 2777 2000 2826 Esai.
2037 2777 2112 2835 vt,
2144 2776 2220 2827 10.
2259 2777 2334 2827 Cf.
2367 2777 2481 2827 Λᾶν.
2519 2778 2621 2827 lud.
2659 2793 2763 2841 cap.
2787 2778 2869 2829 11.
2907 2778 3016 2830 Εἰ·-Δ

1874 2860 1983 2894 nuc.
2019 2844 2118 2894 Fet.
2159 2845 2319 2895 Octar.
2356 2860 2463 2908 cap.
2487 2843 2553 2894 33
2621 2845 2754 2905 „Sed
2805 2845 2996 2897 ludaeis

1874 2912 1991 2962 nibil
2029 2912 2240 2975 profuit,
2288 2913 2416 2976 quod
2452 2926 2600 2962 unum
2638 2919 2686 2961 et
2720 2913 2813 2977 ipsi
2850 2913 2996 2965 deum

1869 2981 1968 3030 aris
2003 2987 2146 3043 atque
2179 2980 2376 3043 templis
2411 2980 2611 3030 maxima
2647 2981 2997 3044 superstitiose

1870 3047 2141 3098 coluerunt.
2179 3048 2449 3109 lgnorantia
2477 3047 2674 3106 laberis,
2710 3048 2751 3096 si
2773 3048 2994 3112 priorum

1867 3123 1950 3164 aut
1983 3115 2163 3164 oblitus
2210 3124 2292 3164 aut
2332 3115 2513 3164 inscius
2547 3114 2874 3178 posteriorum
2907 3129 2992 3166 ra-

1866 3182 2101 3232 cordaris.
2169 3182 2288 3232 Nem
2339 3189 2387 3231 et
2437 3182 2531 3246 ipsi
2583 3183 2725 3231 deum
2769 3190 2992 3233 nostrum

1863 3249 2010 3307 (idem
2046 3249 2172 3299 euim
2211 3248 2425 3299 omnium
2461 3249 2581 3299 deus
2613 3249 2726 3311 est),
2760 3250 2993 3313 quamdiu

1866 3330 1976 3365 eum
2013 3324 2174 3376 caste,
2228 3316 2416 3367 innoxie
2463 3315 2787 3380 religioseque
2821 3317 2992 3367 colue—

1864 3390 1992 3438 runt.
2031 3383 2257 3446 quamdiu
2293 3384 2565 3447 praeceptis
2600 3383 2879 3434 salubribus
2898 3383 2991 3434 ob—

1865 3450 2266 3510 temderaverunt‚
2302 3452 2362 3500 de
2390 3450 2557 3514 paucis
2593 3451 2830 3500 innumeri
2855 3451 2988 3512 facti,

1863 3516 1924 3567 de
1957 3518 2208 3579 egentibus
2243 3518 2428 3577 divites,
2464 3518 2524 3568 de
2558 3519 2877 3569 servientibus
2905 3532 2990 3569 re-

1863 3598 1968 3645 ges,
1993 3585 2168 3635 modici
2199 3586 2395 3644 multos,
2418 3585 2589 3634 inermi
2621 3592 2836 3635 armatos
2871 3585 2987 3635 dun

1867 3652 2072 3713 fugiunt,
2111 3653 2418 3715 insequentes
2439 3652 2514 3701 dei
2537 3653 2672 3702 iussu
2698 3660 2746 3702 et
2766 3652 2987 3703 element-

1866 3719 1927 3768 tis
1963 3718 2286 3769 adnitentibus
2320 3720 2603 3769 obruerunt.
2672 3719 2864 3783 Scripta
2899 3734 2987 3770 eo·

1863 3798 1970 3835 rum
2007 3786 2190 3848 relege,
2223 3786 2314 3846 vel,
2351 3786 2392 3835 si
2411 3785 2640 3837 Romanis
2676 3786 2829 3848 magis
2863 3800 2986 3848 gau·

1863 3851 1969 3913 des,
2006 3861 2058 3903 ut
2077 3862 2379 3904 transeamus
2399 3860 2602 3912 veteres,
2639 3853 2766 3903 Flavi
2787 3853 2985 3916 losepbi

1861 3920 1933 3969 vel
1967 3921 2158 3999 Antpnii
2205 3919 2377 3971 iuliani
2422 3921 2485 3971 de
2517 3919 2708 3971 ludaeis
2759 3921 2986 3985 require:

1861 3988 1955 4037 iam
1992 4002 2118 4037 scies
2154 3987 2363 4052 nequitia
2399 4002 2488 4039 sua
2534 3987 2662 4038 banc
2693 4002 2780 4037 eos
2817 4002 2985 4038 mern-

1859 4054 1959 4105 isae
1995 4056 2270 4114 fortunam,
2305 4070 2396 4106 nec
2429 4055 2693 4119 quidquam
2715 4054 2986 4115 “accidisse

1859 4122 1988 4184 quod
2030 4136 2126 4172 non
2163 4122 2227 4171 sit
2249 4122 2341 4181 bis,
2377 4122 2419 4172 si
2441 4123 2489 4171 in
2528 4122 2830 4173 contumacia
2866 4137 2984 4185 per-

1854 4197 2158 4250 severarent,
2207 4197 2318 4239 aute
2351 4190 2672 4252 praedictum.
2738 4189 2808 4239 lta
2845 4189 2986 4253 prius

1855 4269 1942 4306 eos
1976 4255 2253 4309 deseruisse
2299 4256 2667 4321 conprehendes
2713 4270 2858 4321 quam
2894 4270 2983 4307 eoa

1854 4323 2106 4383 desertos,
2142 4338 2260 4384 nec,
2308 4331 2362 4374 ut
2394 4324 2541 4388 impie
2577 4322 2822 4387 loqueris,
2870 4336 2983 4374 cum

1854 4390 1948 4439 deo
1982 4405 2074 4440 suo
2110 4398 2296 4454 captos,
2330 4392 2418 4441 sed
2455 4406 2481 4440 a
2517 4390 2627 4447 dee.
2676 4399 2726 4441 ut
2760 4390 2984 4454 discipli·

1856 4471 1948 4507 nae
1983 4459 2286 4520 transfugas,
2334 4456 2579 4508 deditos.“
2615 4456 2843 4522 Cypriae.
2909 4457 2980 4506 De

1854 4522 1977 4575 ldol.
2014 4525 2166 4575 Vanit.
2201 4525 2349 4589 p.15.
2386 4524 2484 4587 (ed.
2505 4525 2680 4584 Oxou.)
2714 4525 2981 4586 „Sciebant

1853 4598 1902 4641 et
1932 4590 2097 4642 ludaei
2126 4591 2372 4643 Christum
2406 4606 2516 4643 esse
2550 4599 2819 4643 venturum.
2855 4591 2977 4642 Nam
