3263 5311
1045 444 1122 486 on
1165 443 1622 488 naon-rumim
1668 445 2029 491 cisni-ms.
2595 437 2720 503 789

357 590 537 672 qnasi
577 591 677 656 ’et
718 609 934 656 mrsus
977 592 1232 656 voluerit
1267 594 1492 660 babere
1534 594 1709 676 mod·
1738 595 1859 658 iam
1883 595 2138 660 ⁹noh1it.
2213 597 2347 662 Non
2391 609 2487 666 est
2529 600 2726 666 bonae

331 701 428 756 -et
470 691 698 756 solidae
739 692 878 756 fidei
920 693 1010 756 sic
1050 695 1254 760 omnia
1293 695 1422 756 ¹⁰ad
1464 695 1827 757 voluntatem
1871 696 1968 758 dei
2009 698 2266 774 referre,
2312 708 2373 762 et
2400 701 2480 764 ita
2513 702 2550 735 ¹¹
2569 703 2722 768 adu-

359 793 476 855 lari
519 795 642 858 ribi
678 811 1163 873 unumquemque
1206 795 1458 860 dicendo
1500 796 1649 862 nihil
1690 796 1821 858 fieri
1866 796 1998 860 sine
2029 798 2236 862 ¹'nutu
2278 800 2559 877 eius,.ut
2598 822 2724 866 non

359 894 776 973 intellegamus
837 895 1032 957 ”osse
1093 895 1316 975 aliquid
1369 895 1450 958 in·
1489 896 1668 960 nobis
1721 896 1893 977 ipsis.
2002 899 2283 964 Ceterum
2345 902 2725 966 excusabitur

365 1012 547 1056 omne
590 994 904 1070 delictum,
950 996 1002 1057 si
1051 995 1090 1028 ¹⁴
1103 995 1588 1060 contenderimus
1633 996 1781 1058 nibil
1820 998 1952 1060 fieri
1994 1018 2029 1060 a
2071 998 2249 1062 nobis
2294 999 2426 1064 sine
2471 1001 2569 1066 dei
2607 1021 2721 1064 vo-

362 1095 621 1169 luntate,
669 1096 784 1158 ¹⁸et
824 1096 934 1160 ibit
974 1095 1240 1160 definitio
1283 1097 1400 1160 ista
1439 1097 1504 1160 in
1551 1096 2073 1162 ¹⁶destructionem
2117 1099 2301 1162 totius
2352 1101 2721 1183 disciplinae,

363 1197 546 1258 etiam
589 1197 786 1276 ipsius
826 1197 954 1270 dei,
1001 1197 1054 1258 si
1101 1197 1252 1260 ¹⁷aut
1292 1216 1446 1278 quae
1485 1216 1611 1259 non
1654 1197 1780 1260 vult
1818 1199 1893 1261 de
1938 1217 2049 1262 sua
2090 1199 2394 1264 voluntate
2439 1202 2719 1283 ¹'produ-

361 1305 494 1371 cat,
519 1304 640 1366 aut
679 1277 828 1358 nihil
871 1305 965 1358 est
1005 1297 1168 1376 quod
1210 1299 1359 1364 deus
1404 1316 1526 1362 non
1570 1299 1712 1361 vult.
1782 1297 1901 1362 Sed
1932 1299 2287 1380 ¹”quomodo
2333 1309 2490 1364 vetat
2530 1321 2718 1383 quae-

366 1396 500 1460 dam
547 1396 766 1476 quibus
813 1398 989 1460 etiam
1034 1397 1388 1478 supplicium
1432 1407 1741 1461 aeternum
1784 1400 2180 1476 comminatur
2233 1403 2461 1483 (utique
2502 1400 2722 1466 ²⁰enim

370 1516 523 1576 quae
565 1505 726 1560 vetat
765 1515 888 1558 non
929 1495 1084 1572 vult,
1148 1517 1180 1560 a
1226 1499 1440 1578 quibus
1498 1508 1556 1562 et
1598 1500 1977 1578 offenditur),
2043 1500 2194 1563 ²¹sic
2237 1510 2297 1566 et
2339 1520 2374 1564 e
2416 1504 2718 1568 contrario

359 1617 518 1678 quae
560 1599 686 1661 vult
726 1599 1014 1680 praecipit
1065 1608 1128 1660 et
1177 1599 1476 1681 ²²accepto
1533 1601 1673 1662 tacit
1726 1611 1787 1663 et
1841 1599 2206 1663 aeternitatis
2259 1603 2535 1666 mercede
2588 1604 2719 1670 dis·

367 1699 636 1779 pungit·.
722 1699 982 1779 ”ltaque
1047 1719 1183 1762 cum
1236 1709 1551 1780 utrumque
1606 1721 1679 1763 ex
1736 1703 2072 1782 praeceptis
2127 1702 2259 1766 eius
2317 1703 2719 1779 didicerimus,

321 1799 332 1807 '
366 1798 510 1878 quid
555 1799 761 1862 ²⁴nolit
789 1808 849 1861 et
875 1801 1020 1880 quid
1062 1801 1233 1874 velit,
1279 1802 1530 1863 ”tamen
1572 1803 1750 1864 nobis
1797 1810 1890 1864 est
1930 1803 2205 1864 voluntas
2249 1802 2370 1866 ”et
2409 1805 2721 1868 arbitrium

361 1899 620 1979 eligendi
664 1900 946 1975 alterum,
995 1901 1151 1963 siout
1190 1903 1476 1983 scriptum
1521 1910 1642 1964 est:
1688 1902 1839 1964 Ecce
1881 1902 2062 1982 posui
2104 1911 2242 1965 ante
2287 1912 2345 1966 te
2386 1904 2610 1968 bonum
2655 1912 3035 1978 emitae-mum.

362 2000 617 2061 malum:
662 2001 910 2079 gustasti
953 2000 1167 2064 ²’enim
1214 2003 1288 2064 de
1330 2002 1709 2083 ”agnitionis
1751 2002 1986 2064 arbore.
2066 2003 2143 2066 Et
2183 2004 2319 2065 ideo
2364 2024 2487 2067 non
2530 2005 2718 2068 debe-

361 2115 502 2162 mus
560 2101 723 2180 quod
786 2101 1053 2164 ¹‘'nosti-o
1124 2104 1460 2184 expositum
1537 2111 1630 2165 est
1697 2103 1942 2165 arbitrio
2009 2103 2127 2165 ”in
2203 2104 2431 2166 domini
2495 2106 2721 2167 referre

339 2200 762 2275 -voluntatem,
835 2202 1056 2284 ³¹quod
1109 2222 1235 2265 non
1292 2204 1423 2282 ipse
1478 2203 1601 2264 vult
1656 2212 1759 2265 aut
1808 2222 1932 2266 non
1978 2204 2099 2266 vult
2151 2205 2310 2284 quod
2355 2205 2582 2268 bonum
2626 2214 2725 2268 est

361 2301 471 2379 qui
513 2302 730 2364 malum
789 2320 913 2376 pon
968 2303 1108 2365 vult.
1209 2305 1294 2367 lta
1348 2312 1554 2365 nostra
1613 2313 1713 2365 est
1765 2303 2070 2376 voluntas,
2139 2323 2275 2368 cum
2330 2305 2552 2366 malum
2605 2323 2718 2365 vo-

359 2401 566 2463 lumus
608 2402 892 2465 adversus
937 2403 1033 2465 dei
1077 2404 1468 2478 voluntatem,
1513 2405 1616 2482 qui
1660 2402 1883 2464 bonum
1928 2403 2070 2464 vult.
2156 2404 2392 2466 Porrol’
2436 2404 2488 2466 si
2532 2422 2718 2483 quae-

363 2502 489 2574 ris,
553 2503 712 2564 unde
767 2503 986 2567 ³’venit
1040 2505 1154 2567 ista
1208 2505 1514 2577 voluntas,
1581 2523 1698 2583 qua
1758 2503 1898 2583 quid
1953 2504 2225 2586 volumus
2282 2504 2568 2566 adversus
2627 2503 2727 2565 dei

365 2602 766 2679 voluntatem,
813 2604 1096 2680 ”dicam‚
1139 2604 1228 2668 Ex
1273 2605 1450 2669 nobis
1495 2605 1669 2686 ipsis.
1754 2604 1878 2667 Nec
1918 2613 2165 2668 temere.
2240 2605 2465 2668 Semini
2506 2603 2725 2666 “enim

363 2713 473 2767 tuo
517 2706 890 2786 respondeas
934 2724 1188 2767 necesse
1230 2707 1413 2781 ”esu
1473 2707 1767 2787 siquidem
1825 2705 1921 2767 ille
1976 2706 2261 2787 princeps
2319 2705 2437 2767 ”et
2488 2703 2725 2785 generis

365 2814 429 2867 et
471 2804 669 2867 delicti
711 2806 898 2867 Adam
939 2804 1127 2868 voluit
1166 2806 1324 2886 quod
1371 2806 1639 2886 deliquit.
1740 2805 1946 2885 Neque
1991 2807 2151 2868 enim
2193 2804 2465 2867 diabolus
2507 2803 2725 2866 volun-

370 2912 550 2967 tatem
593 2906 708 2967 ”ei
753 2907 1042 2987 imposuit
1085 2907 1493 2988 delinquendi,
1562 2906 1672 2967 sed
1714 2905 2020 2967 materiam
2064 2905 2445 2967 ”bvohntati
2490 2902 2724 2966 submi·
2788 2954 2797 2961 .

363 3123 420 3174 8.
460 3132 507 3173 et
541 3138 711 3174 rursus
746 3140 836 3175 nos
872 3126 1077 3175 voluerit
1112 3126 1292 3175 babere
1327 3126 1409 3175 Ad.
1492 3138 1664 3173 rursus
1700 3124 1840 3173 vellet
1876 3125 1924 3173 in
1963 3137 2052 3172 nos
2086 3123 2273 3187 reliqui.
2363 3135 2536 3171 rursus
2583 3119 2728 3169 vellet

365 3192 419 3241 in
459 3192 601 3241 nobis
636 3193 768 3243 Fulv.
789 3194 998 3243 Ursinus.
1109 3193 1158 3242 9.
1198 3193 1353 3241 noluit
1388 3191 1508 3241 dens
1543 3191 1759 3241 Bcoaeo.
1883 3189 1959 3239 10.
1998 3199 2046 3239 et
2080 3191 2371 3250 voluntatem
2408 3184 2520 3251 Αφ.
2593 3193 2641 3236 et
2675 3187 2725 3235 in

366 3257 662 3308 voluntatem
699 3260 1060 3310 Hildebrandua.
1169 3259 1248 3308 11.
1287 3257 1471 3308 adulari
1509 3258 1598 3307 sibi
1638 3272 2029 3322 unumquemque
2065 3258 2129 3317 d„
2171 3272 2229 3307 ex
2246 3254 2729 3306 emendationeFulvii

368 3326 545 3374 Ursini.
617 3325 804 3376 adulari
851 3327 1090 3386 (adbulari
1127 3324 1248 3389 Αβ.)
1294 3339 1685 3389 unumquemque
1721 3326 1804 3374 Da.
1888 3324 2075 3373 adulari
2123 3324 2183 3373 ad
2230 3334 2620 3386 unumquemque
2656 3321 2727 3369 bc.

366 3392 556 3441 adulari
594 3402 853 3457 utrumque
888 3394 977 3444 ΒΟ.
1048 3393 1238 3461 adulari
1272 3394 1495 3457 utrinque
1521 3390 1569 3440 B.
1592 3407 1653 3441 m.
1676 3406 1764 3440 see.
1854 3389 1929 3441 12.
1969 3390 2186 3440 iussione
2204 3390 2415 3440 scocie.
2504 3386 2579 3436 13.
2616 3400 2728 3463 esse

365 3459 555 3521 aliquid
591 3462 674 3510 Aa.
749 3461 930 3523 aliquid
968 3475 1077 3509 esse
1113 3463 1299 3525 reliqui.
1409 3459 1486 3508 14.
1524 3459 1905 3508 continuerimus
1941 3456 2154 3507 Bonane.
2262 3456 2342 3507 15.
2379 3463 2426 3505 et
2462 3455 2549 3504 ibit
2587 3452 2731 3510 (bibit

363 3524 493 3588 Αβ.)
530 3526 743 3585 definitio
782 3528 872 3576 ista
912 3528 958 3575 in
991 3530 1076 3576 Ad.
1160 3536 1206 3576 et
1242 3526 1308 3576 ibi
1345 3526 1540 3576 definito
1577 3525 1804 3583 (diffinito
1841 3525 1950 3584 Bc.)
1986 3525 2126 3573 istam
2159 3525 2348 3588 reliqui.
2428 3523 2485 3570 At
2519 3519 2605 3569 tibi
2641 3520 2729 3569 de-

367 3594 490 3645 finio
528 3594 668 3643 istam
706 3595 837 3644 Fulv.
860 3594 1067 3643 Ursinus.
1167 3593 1246 3644 16.
1285 3592 1651 3643 distructionem
1688 3591 1775 3641 BG.
1879 3590 1959 3641 17.
1995 3598 2043 3639 et
2077 3605 2155 3640 me
2191 3590 2276 3640 BC.
2348 3596 2396 3638 et
2431 3587 2728 3664 quaedlabc.

369 3658 456 3711 18.
506 3662 732 3723 producit
762 3661 977 3711 sonabo.
1087 3658 1163 3710 19.
1213 3661 1457 3724 quomodo
1506 3657 1822 3723 AipBCDabe.
1903 3657 2096 3721 quando
2132 3655 2303 3720 (Ama.
2350 3657 2482 3706 Fulv.
2521 3654 2730 3703 Ursinus.

363 3726 458 3776 20.
495 3729 622 3777 enim
660 3730 744 3779 Ad.
816 3728 958 3776 etiam
994 3728 1180 3792 reliqui.
1271 3726 1352 3776 21.
1389 3727 1461 3775 sic
1497 3733 1545 3774 et
1579 3741 1605 3774 e
1643 3724 1886 3773 contrario
1924 3739 2048 3787 qnae
2082 3724 2180 3772 vult
2216 3739 2316 3786 eqo.
2386 3722 2513 3770 sicut
2547 3734 2573 3768 e
2610 3733 2730 3797 con·

367 3792 521 3843 trario
557 3810 681 3858 quae
717 3796 816 3844 vult
849 3797 935 3845 Ad.
1021 3796 1147 3844 sicut
1181 3802 1229 3843 et
1265 3808 1387 3857 quae
1423 3792 1522 3841 vult
1553 3794 1741 3856 reliqui.
1858 3789 1937 3839 22.
1988 3798 2188 3854 accepto
2226 3792 2341 3838 facit
2383 3789 2467 3837 Ad.
2557 3792 2735 3860 aceipit

368 3862 559 3924 reliqui.
647 3860 729 3910 23.
768 3862 934 3925 ltaque
971 3859 1272 3923 (lgitnrAss.)
1310 3874 1418 3910 cum
1454 3858 1552 3908 vult
1588 3866 1846 3920 utrumqne
1881 3859 1932 3905 A.
2021 3856 2104 3905 24.
2143 3855 2266 3905 nolit
2301 3862 2350 3903 et
2383 3852 2505 3930 wid.
2533 3850 2646 3900 velit
2678 3852 2731 3899 A.

369 3928 488 3979 velit
523 3936 571 3976 et
607 3928 719 3992 quid
759 3928 882 3978 nolit
915 3930 1101 3992 reliqui.
1209 3927 1290 3976 25.
1340 3934 1499 3975 tamen
1536 3926 1619 3975 Ad.
1707 3927 1802 3972 iam
1837 3924 1925 3972 reli
1958 3925 2024 3971 ui.
2128 3921 2209 3971 26.
2259 3929 2308 3969 et
2342 3920 2593 3968 arbitrium
2641 3932 2737 3993 oin.

367 3993 589 4045 Bcoabc.
672 3994 754 4045 27.
792 3996 920 4044 enim
958 4012 1046 4045 om.
1066 3997 1117 4044 A.
1206 3993 1286 4044 28.
1326 3991 1585 4055 agnitionis
1620 3990 1864 4050 (agnitatis
1946 3989 2019 4051 β.)
2054 3989 2230 4037 arbore
2263 3988 2315 4037 A.
2386 3985 2560 4034 arbore
2595 3997 2735 4044 agm-

369 4061 524 4110 tionis
561 4063 748 4126 reliqui.
854 4061 936 4112 29.
987 4061 1139 4111 nostri
1188 4062 1401 4111 BCDabc.
1518 4057 1600 4107 30.
1640 4058 1688 4105 in
1724 4056 1972 4105 dominnm
2020 4055 2204 4104 referre
2251 4062 2301 4103 et
2344 4052 2393 4101 in
2443 4050 2735 4099 voluntatem

367 4128 742 4179 Hildebrondus.
812 4129 862 4179 in
899 4129 1098 4178 domino
1135 4124 1257 4187 (dti'o
1295 4123 1414 4188 Αβ.)
1448 4126 1663 4176 reserrae
1699 4124 1747 4173 in
1782 4123 2075 4171 voluntatem
2109 4123 2161 4170 A.
2233 4121 2281 4169 in
2317 4119 2394 4168 dei
2430 4118 2615 4167 referre
2651 4131 2736 4165 ro·
2840 4164 2847 4171 ,

379 4194 614 4245 luntatem
650 4197 837 4259 reliqui.
932 4194 1014 4245 31.
1053 4196 1186 4259 qnod
1220 4208 1317 4244 non
1354 4194 1461 4257 ipse
1497 4191 1591 4241 vult
1626 4197 1710 4240 aut
1748 4204 1844 4239 non
1878 4189 1978 4239 vult
2011 4188 2142 4250 qnod
2178 4188 2358 4237 bonum
2382 4192 2456 4234 est
2489 4188 2541 4235 A.
2612 4196 2739 4259 quos

376 4260 478 4308 vult
514 4262 618 4324 ipse
655 4270 703 4312 et
736 4261 861 4311 velle
895 4263 1083 4327 reliqui.
1189 4260 1270 4309 32.
1307 4260 1463 4309 veniat
1497 4258 1711 4308 BGDabe.
1793 4254 1875 4305 33.
1912 4261 1965 4305 ut
1998 4255 2154 4304 dicam
2191 4254 2406 4303 BCDabc.
2488 4249 2569 4328 34.
2608 4262 2738 4325 enim

378 4338 471 4376 om.
507 4326 720 4380 sonabo.
827 4327 910 4377 35.
949 4342 1058 4378 esse
1092 4324 1208 4393 Αφ.
1313 4325 1393 4375 36.
1436 4333 1482 4374 et
1503 4340 1605 4397 ¹om.
1631 4324 1846 4374 scocie.
1940 4321 2024 4371 37.
2060 4322 2133 4371 eis
2169 4323 2246 4371 ab.
2284 4320 2561 4370 Corsicam.
2633 4329 2740 4364 eius

375 4392 724 4458 Bimiprtffl.
831 4393 960 4445 371».
997 4394 1254 4444 voluntatis
1290 4393 1504 4443 Bcoaio.
1555 4391 1804 4441 ‘volantati
1840 4389 1923 4438 Aa.
1962 4389 2189 4438 Latiitiur.

453 4562 574 4626 Cap.
611 4561 672 4611 n.
738 4576 781 4612 a.
819 4561 1117 4612 aeternitatis
1153 4559 1375 4610 mercede
1410 4558 1514 4609 dis-
1686 4558 1734 4606 b.
1772 4549 1949 4618 Porro]
1985 4553 2055 4603 De
2087 4554 2181 4603 bac
2214 4551 2452 4617 particula
2488 4548 2549 4599 ci.
2577 4547 2745 4600 adnot.

375 4624 575 4694 pungit]
611 4629 689 4679 cf.
725 4628 888 4680 adnot.
928 4629 987 4678 ad
1024 4627 1226 4691 Apolog.
1265 4642 1372 4691 cap.
1399 4624 1483 4676 37.
1621 4624 1683 4675 ad
1719 4622 1786 4672 De
1823 4621 2015 4671 Corona
2051 4634 2157 4685 cap.
2180 4619 2233 4670 Ἰ.
2321 4699 2384 4749 47
2406 4694 2438 4731 ¹*
