3263 5311
907 426 983 470 os
1029 427 1218 473 cumn
1264 398 1601 472 naniam(
1644 429 1670 470 1

585 525 619 559 Ο

212 580 556 648 incolomi.
644 576 828 639 Vobis
871 583 1071 639 autem
1113 577 1271 640 nulla
1314 577 1670 659 procedendi

218 686 258 719 ¹¹
274 682 586 747 inbecillus
631 678 905 759 ¹¹¹›aliqui
950 697 1021 739 ex
1069 678 1349 742 fratribus
1383 678 1670 741 ¹²visitatu

221 794 327 849 aut
367 784 461 846 dei
510 782 765 843 ”sermo
811 778 1274 844 administratur.
1343 780 1396 812 '⁴'
1398 780 1648 854 Quidvis

223 886 446 951 ctitatis
495 881 852 963 ²⁶negotium
898 887 1021 954 est,
1066 880 1162 942 cui
1208 900 1361 961 opus
1405 899 1527 942 non
1570 881 1650 942 sit

223 986 564 1068 composito
609 991 669 1046 et
709 983 931 1047 soluto.
1034 982 1170 1044 ¹⁸Ac
1213 981 1268 1043 si
1310 981 1643 1044 necessitas

225 1089 533 1171 gentilium
578 1104 684 1147 vos
739 1092 941 1158 vocat,
1016 1102 1122 1146 cur
1175 1101 1298 1145 non
1351 1083 1571 1145 vesu-is
1629 1102 1670 1145 a]

223 1198 398 1253 tanto
440 1188 662 1267 magis,
722 1193 943 1273 quanto
987 1184 1061 1247 ad
1105 1192 1411 1247 exn-aneas
1456 1183 1645 1247 fidei?

223 1299 292 1355 et
331 1289 550 1352 diaboli
593 1287 946 1361 discrimen,
994 1294 1061 1348 ut
1100 1286 1371 1367 exemplo
1417 1287 1550 1348 sitis
1580 1286 1665 1349 illi

218 1392 351 1467 bis,
398 1400 496 1465 ut,
541 1390 841 1470 quomodo
888 1388 969 1451 ait
1012 1389 1358 1468 apostoluS,
1416 1389 1670 1468 magnific

225 1504 382 1556 stro.
468 1491 928 1571 ²’Magnificatur
970 1498 1168 1552 autem
1210 1488 1326 1551 ”in
1372 1508 1626 1569 corpore

218 1613 333 1675 per
372 1592 639 1656 habitum
681 1591 998 1671 pudicitiae
1041 1599 1497 1671 competentem.
1572 1592 1670 1682 Sp«

224 1697 414 1769 citur,
477 1713 554 1756 ne
597 1693 1099 1773 ²”blasphemetur
1148 1673 1368 1753 nomen
1425 1691 1548 1754 ”in
1601 1710 1670 1753 nc

70 1788 150 1844 9
224 1796 433 1860 habitu
479 1804 540 1857 et
581 1794 740 1857 cultu
785 1794 1184 1856 detrahamus
1270 1792 1406 1853 Non
1448 1794 1670 1855 auferat

59 1915 67 1923 ·
220 1898 416 1960 simus
463 1906 522 1959 et
562 1895 831 1957 moribus
875 1895 1121 1969 iisdem,
1186 1894 1299 1955 ²’si
1356 1902 1415 1956 et
1472 1898 1670 1975 superi

215 2017 346 2061 non
386 1997 938 2077 ¹“blasphemabunt
989 1997 1283 2058 nationes.
1393 1996 1649 2057 Grandis
1707 1996 2075 2077 blasphemia
2131 2005 2226 2058 est
2280 1997 2408 2062 ³¹’ex
2463 2018 2579 2079 qna
2625 1980 2628 1981 ⁷

224 2101 487 2161 dicatur:
531 2098 618 2159 Ex
661 2116 781 2178 quo
827 2098 975 2159 sacta
1018 2107 1114 2159 est
1156 2096 1522 2170 Christiana,
1568 2098 1887 2177 pauperius
1932 2098 1972 2130 ³¹
1989 2098 2227 2161 incedit.
2312 2099 2575 2163 ³⁵²'l'ime-

225 2202 326 2262 bis
368 2199 689 2281 pauperior
730 2198 949 2273 videri‚
993 2216 1065 2259 ex
1109 2215 1228 2276 quo
1273 2197 1628 2276 locupletior
1657 2200 1807 2260 sacta
1836 2199 1996 2273 ⁸⁷eS‚
2043 2208 2101 2261 et
2129 2200 2461 2275 sordidior,
2509 2221 2580 2263 ex

229 2322 353 2382 quo
409 2298 737 2363 mundior?
824 2298 1200 2361 Secundum·
1226 2298 1559 2378 gentilium,
1637 2319 1711 2360 an
1768 2301 2095 2362 secundum
2150 2301 2241 2362 dei
2299 2301 2576 2381 placitum

221 2401 502 2465 incedere
547 2400 913 2462 Christianos
960 2398 1245 2480 oportet?

403 2504 693 2584 Optemus
738 2498 1147 2564 tantummodo
1211 2520 1286 2564 ne
1329 2502 1519 2563 iustae
1573 2500 2101 2581 blasphemationis
2145 2520 2321 2565 causa
2365 2503 2578 2566 simus.

224 2607 470 2679 Quanto
515 2612 711 2667 autem
744 2602 963 2682 ¹-magis
1006 2600 1472 2681 blasphemabile
1515 2610 1640 2676 est,
1686 2603 1769 2677 si,
1815 2622 1963 2684 quae
2010 2605 2355 2693 sacerdotes
2399 2605 2577 2684 pudi-

225 2706 403 2769 citiae
447 2705 743 2779 dicimini,
810 2703 1239 2784 impudicarum
1282 2702 1402 2764 ritu
1443 2705 1780 2783 procedatis
1836 2706 2027 2769 cultae
2079 2706 2178 2768 'et
2231 2705 2579 2787 expictae·?

216 2809 346 2869 Aut
386 2806 563 2887 ³quid
605 2806 804 2867 minus
848 2805 1138 2867 ⁴babeant
1176 2805 1618 2867 infelicissimae
1663 2806 1796 2866 illae
1827 2806 2228 2886 ⁶publicarum
2270 2806 2582 2869 libidinum

217 2906 588 2971 victimaeb?
659 2907 840 2988 'quas
902 2905 1014 2968 etsi
1071 2924 1220 2986 quae
1274 2906 1434 2984 leges
1493 2925 1525 2966 a
1579 2906 1979 2968 ⁸maritalibus
2039 2915 2097 2969 et
2152 2908 2581 2970 matronalibus

221 3062 310 3112 11.
348 3060 604 3111 inbecillus
640 3062 723 3111 Ad.
794 3059 1052 3109 imbecillis
1086 3060 1174 3109 reli
1207 3061 1272 3109 ui.
1366 3058 1487 3107 tib.
1528 3057 1676 3122 aliqui
1712 3062 1793 3109 Ad.
1866 3059 2042 3124 aliquis
2077 3063 2261 3126 reliqui.
2348 3060 2427 3110 12.
2469 3063 2581 3110 visi-

220 3139 363 3179 tatur
395 3131 478 3179 Ad.
549 3127 812 3178 visitandus
846 3129 1034 3192 reliqui.
1143 3127 1161 3175 1
1208 3161 1222 3175 .
1258 3138 1419 3175 sermo
1455 3129 1539 3176 Ad.
1622 3127 1817 3175 verbum
1853 3129 2038 3193 reliqui.
2150 3129 2226 3179 14.
2265 3129 2462 3187 Quidvis
2497 3131 2581 3179 Ad.

218 3196 439 3256 Quodvis
475 3196 851 3256 B(m.sec.)olic.
933 3195 1148 3258 quamvis
1186 3194 1308 3243 BCD.
1431 3193 1508 3242 15.
1559 3201 1606 3243 et
1641 3195 1906 3244 sanctitatis
1944 3211 2032 3246 om.
2058 3197 2108 3246 A.
2218 3194 2296 3245 16.
2337 3197 2579 3258 negotium

210 3273 302 3315 est
341 3265 415 3313 cui
452 3265 523 3313 AB
546 3268 624 3322 (m.
657 3262 769 3323 sec.)
795 3263 841 3312 d.
941 3262 1183 3324 negotium
1234 3269 1281 3311 et
1317 3262 1391 3311 cui
1428 3264 1528 3312 abc.
1616 3264 1861 3323 negotium
1900 3271 1947 3312 et
1982 3264 2022 3312 si
2062 3265 2137 3313 cui
2174 3263 2301 3315 ΒΘΗ.
2419 3264 2495 3313 17.
2535 3271 2583 3314 et

213 3332 409 3391 soluto,
446 3332 533 3382 sed
570 3330 839 3395 composito
866 3330 1223 3393 Auq.Neauder.
1319 3327 1393 3379 18.
1433 3330 1522 3379 hac
1549 3332 1599 3380 A.
1675 3328 1752 3378 19.
1793 3332 2065 3394 procedatis
2100 3333 2151 3381 A.
2219 3331 2471 3396 procedite
2496 3332 2584 3382 BG.

217 3399 494 3466 proceditis
527 3400 712 3463 reliqui.
816 3396 907 3447 20.
938 3398 1063 3446 inter
1100 3397 1174 3446 dei
1213 3398 1414 3446 ancillas
1468 3404 1514 3446 et
1550 3397 1729 3446 diaboli
1765 3401 1815 3448 A.
1900 3399 2023 3448 inter
2071 3399 2272 3450 ancillas
2321 3399 2499 3449 diaboli
2534 3406 2587 3448 et

218 3469 304 3518 dei
343 3469 527 3531 reliqui.
616 3465 699 3516 21.
737 3464 1047 3514 aedificentur
1084 3465 1129 3514 in
1167 3465 1320 3524 vobis,
1358 3472 1407 3513 ut
1443 3465 1688 3528 quomodo
1726 3466 1791 3516 ait
1826 3466 2078 3530 apostolus
2115 3484 2205 3518 om.
2220 3471 2269 3519 A.
2359 3467 2438 3516 22.
2479 3482 2583 3516 ma-

216 3535 482 3598 gnificetur
516 3535 566 3584 A.
672 3531 753 3582 23.
791 3532 838 3581 in
877 3546 1083 3596 corpore
1120 3547 1207 3595 per
1244 3534 1327 3583 Ad.
1409 3533 1450 3581 si
1491 3548 1577 3596 per
1610 3534 1796 3598 reliqui.
1903 3534 1982 3584 24.
2022 3550 2047 3582 a
2086 3534 2372 3599 quibusdam
2411 3537 2585 3585 dicitur

214 3604 310 3656 Ad.
383 3602 556 3651 dicitur
592 3617 616 3650 a
656 3599 939 3664 quibusdam
976 3601 1162 3664 reliqui.
1287 3599 1367 3648 25.
1420 3600 1742 3650 blasscmetur
1774 3599 1871 3664 Αβ.
1983 3601 2063 3651 26.
2103 3604 2206 3652 cius
2245 3605 2292 3652 in
2332 3603 2471 3653 nobis
2508 3605 2582 3655 ab.

221 3672 511 3723 Gorzieusis.
588 3669 801 3733 Voculam
836 3671 940 3718 eius
973 3675 1155 3731 praeter
1205 3676 1389 3718 nostros
1436 3670 1581 3719 libros
1628 3672 1840 3718 omittunt
1888 3672 2024 3722 eliam
2058 3678 2153 3722 tres
2197 3673 2415 3721 Vaticani.
2500 3669 2584 3720 27.

220 3738 373 3789 nobis
411 3741 457 3785 et
489 3737 595 3786 vitia
631 3737 845 3786 BCDubc.
963 3733 1045 3785 28.
1094 3734 1157 3784 sit
1192 3743 1238 3784 et
1288 3736 1571 3798 superficies
1628 3737 1677 3785 B.
1703 3753 1763 3787 m.
1790 3752 1880 3787 sec.
1984 3738 2066 3789 29.
2117 3739 2476 3788 blastemabunt
2509 3740 2579 3800 A..

216 3822 311 3871 pro
349 3818 489 3854 more.
596 3802 677 3853 30.
716 3818 771 3851 ex
807 3817 899 3866 qua
936 3804 1020 3853 Ad.
1101 3803 1141 3851 si
1181 3817 1272 3864 qua
1308 3804 1493 3867 reliqui.
1614 3802 1696 3852 31.
1735 3805 1913 3854 incedit
1944 3806 2171 3856 Ancona.
2252 3807 2477 3855 incedere
2507 3808 2585 3854 lie.

216 3872 310 3923 32.
352 3870 559 3921 Timebit
594 3872 805 3921 Bcoaae.
911 3868 992 3919 33.
1033 3878 1106 3918 cst
1142 3870 1354 3922 BCDabc.
1893 3886 1897 3890 ·

368 3939 504 4002 Cap„
519 3939 621 3996 xll.
697 3939 740 3988 1.
780 3938 931 4000 magis
969 3937 1288 3988 om.BCDabc.
1372 3935 1420 3986 2.
1458 3945 1538 3986 ant
1575 3937 1785 3988 BCDabc.
1875 3937 1921 3990 3.
1962 3940 2039 4002 qui
2079 3940 2182 4001 AB„
2222 3940 2586 3990 Hildebraudus.

220 4008 277 4058 4.
319 4007 530 4056 habeant
565 4009 616 4057 A.
687 4006 862 4055 habent
896 4007 1081 4070 reliqui.
1187 4004 1234 4055 6.
1273 4005 1541 4068 impudicae
1578 4005 1627 4054 B.
1722 4006 2071 4068 impudicarum
2112 4007 2193 4056 CD.
2239 4007 2443 4057 Vaticani
2478 4014 2590 4058 tres.

208 4076 280 4127 Ἴ.
326 4089 446 4138 quas
483 4075 575 4123 etsi
612 4088 732 4138 quas
766 4075 817 4123 A.
890 4074 1086 4137 quassi
1124 4088 1247 4137 quae
1281 4075 1464 4138 reliqui.
1555 4072 1601 4122 8.
1643 4073 1942 4122 maritalibus
1979 4075 2062 4123 Ad.
2135 4075 2366 4123 matronis
2401 4076 2588 4140 reliqui.

298 4175 421 4238 Cap.
458 4174 537 4224 Xl.
608 4189 650 4223 a.
690 4187 835 4223 causa
874 4187 970 4222 non
1008 4168 1217 4238 tetrica]
1262 4173 1362 4223 Hoc
1462 4171 1799 4238 expinxerat.“
1857 4175 2058 4226 Martial.
2094 4175 2412 4239 Epigr.VlI,8
2445 4178 2590 4240 „Esc-

206 4249 340 4294 ost:
375 4242 518 4292 Nulla
555 4240 851 4305 procedendi
889 4255 1032 4291 causa
1072 4255 1167 4291 non
1188 4242 1358 4304 gravis,
1457 4245 1701 4307 pinqitque
1735 4243 1938 4304 genas.“

221 4325 332 4362 non
369 4310 513 4368 seria,
552 4323 646 4358 non
684 4316 866 4358 sancta.
902 4309 975 4367 (Ri
1013 4309 1116 4367 alt.)
1531 4310 1575 4359 b.
1638 4310 1941 4374 publicarum
1996 4311 2247 4360 libidinum
2303 4308 2587 4374 victimae‘P]

303 4377 425 4440 Cap.
461 4376 559 4427 ΧΠ.
650 4392 693 4426 a.
729 4373 987 4439 expictae?
1078 4376 1160 4425 Sic
1211 4390 1360 4439 supra
1463 4375 1532 4425 lta
1572 4377 1639 4425 De
1675 4377 1827 4427 Pallio
1865 4376 2025 4441 cap-4
2073 4379 2278 4442 „Aspice
2329 4378 2469 4442 lupas
2500 4393 2590 4443 po-

224 4460 343 4509 cap.
370 4444 399 4492 7
438 4459 536 4504 „an
574 4444 735 4494 taliter
753 4447 959 4507 expictas
990 4444 1146 4505 angeli
1185 4445 1233 4492 in
1272 4458 1361 4493 nu·
1459 4445 1697 4507 pulcrium
1732 4446 1978 4497 libidinum
2022 4446 2313 4495 nundinas.“
2384 4444 2588 4495 Tertull.

225 4513 335 4564 bila
372 4511 623 4562 sublevent
659 4513 843 4561 obviam
881 4510 1073 4560 Christo
1112 4512 1159 4560 in
1198 4509 1363 4560 aere.“
1462 4511 1531 4559 De
1555 4512 1776 4574 Spectac.
1815 4527 1918 4575 cap.
1942 4512 1999 4562 17
2037 4512 2344 4576 „prostibula
2368 4513 2586 4576 publicae

221 4589 284 4632 et
335 4594 442 4643 cap.
478 4579 510 4629 2
561 4582 905 4644 „ezrpiuqamus
955 4591 1072 4638 nos,
1125 4587 1178 4627 ut
1225 4578 1363 4628 alteri
1465 4579 1679 4628 libidinis
1713 4579 1953 4630 hostiae.“
2021 4581 2296 4642 hieronym.
2333 4579 2381 4628 in
2419 4580 2584 4629 lanam

225 4646 492 4714 pereant.“
546 4647 703 4699 lutra:
741 4646 987 4709 „Thamar
1022 4647 1104 4696 illa
1141 4661 1264 4710 quac
1300 4660 1356 4697 se
1460 4660 1565 4710 cap.
1588 4644 1620 4694 3
1659 4646 1971 4707 „niffen-entia
2009 4648 2242 4698 eritinter
2268 4654 2469 4697 matrem
2489 4646 2583 4698 do·

2617 2525 2724 2580 Cap.
2737 2521 2838 2568 ΧΠ,
