3263 5311
741 413 870 476 410
1265 424 1468 476 omri
1514 421 1778 468 sanum
1821 421 2152 469 emma-ts
2199 421 2589 467 rauranum

746 573 947 642 sermo
1005 593 1182 657 quam
1212 573 1415 648 ,libem
1482 580 1545 635 et
1584 573 1754 655 prior
1794 591 2014 636 sensus
2071 592 2247 652 quam
2303 571 2509 647 stilum,
2576 579 2639 633 et
2685 573 2858 652 prior
2909 573 3089 636 homo

742 681 878 761 ipse
932 695 1108 757 quam
1153 676 1191 708 ¹⁴
1204 675 1603 755 philosophus
1649 683 1712 736 et
1750 679 1949 755 poeta.
2058 673 2358 754 Numquid
2410 691 2551 752 ergo
2594 673 2958 736 credendum
3001 683 3095 736 est

744 788 882 843 ante
921 780 1311 841 litteraturam
1356 784 1418 838 et
1457 775 1914 854 divulgationem
1958 776 2089 838 eius
2133 776 2386 837 ¹‘mutos
2443 774 2517 835 ab
2559 774 2902 837 huiusmodi
2941 794 3092 856 pro-

744 878 1254 945 nuntiationibus·
1309 875 1588 939 homiues
1647 875 1919 938 vixisse?
2003 876 2192 938 Nemo
2249 877 2426 938 deum
2471 883 2531 936 et
2568 875 2893 938 bonitatem
2935 876 3094 952 eius,

740 1000 920 1045 nemo
956 965 1252 1054 mortem,
1298 997 1478 1041 nemo
1520 977 1749 1040 inferos
1790 974 2191 1056 loquebatur?
2275 975 2643 1039 Mendicabat
2671 985 2907 1050 sermo,
2954 978 3090 1058 opi·

740 1101 887 1158 nor,
933 1082 1115 1144 immo
1160 1099 1271 1143 uec
1312 1080 1466 1142 ullus
1511 1097 1650 1141 esse
1690 1085 1953 1159 poterat,
1999 1077 2371 1140 cessantibus
2417 1077 2763 1141 etiamtunc
2790 1078 2928 1140 siue
2955 1079 3090 1159 qui-

724 1184 857 1248 'bus
903 1183 1134 1245 ¹⁸etium
1174 1181 1354 1243 hodie
1397 1180 1628 1243 beatior
1688 1187 1749 1240 et
1799 1179 2155 1259 locupletior
2208 1187 2270 1241 et
2323 1179 2726 1268 ¹⁷‘prudentior
2777 1195 2920 1241 esse
2949 1197 3094 1241 non

684 1294 974 1367 ,potest‚
1034 1284 1088 1347 si
1132 1303 1236 1357 ea,
1261 1299 1267 1308 ⁴
1297 1301 1448 1364 quae
1490 1290 1611 1343 tam
1653 1280 1873 1353 facilia,
1941 1288 2062 1342 tam
2106 1279 2376 1354 assidua,
2438 1289 2557 1342 tam
2600 1280 2872 1360 proxima
2917 1280 3092 1342 hodie

732 1396 914 1460 sunt,
954 1387 1018 1449 in
1061 1385 1213 1466 ipsis
1258 1381 1700 1464 quodammodo
1743 1380 1918 1443 labiis
1949 1379 2200 1461 ¹⁸parta,
2245 1389 2408 1443 retro
2449 1381 2624 1443 ¹⁹non
2665 1382 2938 1455 fuerunt,
2985 1399 3089 1444 an—

746 1497 982 1570 tequam
1023 1487 1253 1550 litterae
1282 1485 1347 1547 in
1375 1483 1612 1547 saeculo
1643 1482 2107 1563 germinassent,
2155 1490 2468 1563 antequam
2489 1482 2816 1546 Mercurius
2826 1481 2866 1558 ⁸,
2899 1484 3090 1565 ”opi-

742 1608 877 1664 nor‚
924 1598 1099 1651 natus
1129 1588 1365 1650 suisset.
1432 1586 1508 1647 Et
1534 1584 1811 1657 ²⁰¹’unde‚
1857 1602 1988 1657 oro,
2035 1583 2184 1664 ipsis
2209 1584 2426 1646 litteris
2451 1585 2760 1664 mcontigit
2801 1603 2996 1647 nosse
3039 1593 3096 1648 et

742 1690 863 1752 ”in
906 1707 1085 1752 usum
1137 1689 1407 1770 loquelae
1473 1685 1869 1748 disseminare
1931 1703 2083 1765 quae
2135 1684 2296 1747 nulla
2336 1685 2668 1765 ”umquam
2722 1702 2897 1747 meus
2943 1705 3092 1749 con·

745 1800 980 1871 ceperat
1023 1798 1123 1851 aut
1162 1790 1357 1867 lingua
1412 1787 1748 1868 protulerat
1777 1773 1902 1848 ‘aut
1955 1785 2114 1848 auris
2172 1786 2526 1865 exceperat?
2609 1788 2685 1848 At
2740 1787 2906 1850 enim
2961 1807 3094 1851 cum

743 1892 974 1954 divinae
1018 1890 1377 1970 scripturae,
1416 1908 1592 1969 ‚quae
1637 1907 1823 1969 penes
1865 1906 1980 1949 nos
2025 1887 2118 1949 vel
2157 1887 2408 1949 Iudaeos
2452 1896 2621 1962 sunt,
2676 1887 2793 1953 ”jn
2835 1907 3094 1968 quorum

742 1994 1004 2055 oleastro
1070 1988 1236 2052 insiti
1300 2001 1567 2065 sumus⁸‚
1640 1990 1830 2053 multo
1871 1988 2332 2072 ¹'‘saecularibus
2385 1987 2599 2049 litteris
2655 1988 2800 2050 ¹'vel
2853 1991 3094 2053 modica

740 2103 970 2157 tantum
1012 2101 1201 2155 aetate
1244 2091 1434 2171 aliqua
1477 2091 1911 2163 ²⁷antecedant,
1955 2099 2023 2153 ut
2061 2091 2198 2151 loco
2249 2107 2363 2151 suo
2395 2088 2780 2152 edocuimus*
2809 2091 2887 2152 ad
2915 2091 3092 2154 fidem

743 2213 945 2258 earum
990 2192 1547 2262 demonstrandam:
1588 2201 1650 2254 et
1693 2193 1746 2252 si
1789 2192 1937 2253 haec
1980 2191 2211 2271 eloquia
2255 2191 2329 2252 de
2371 2190 2585 2252 litteris
2619 2192 2932 2271 usurpavit
2959 2194 3090 2254 ani-
3117 2189 3130 2200 '

741 2316 868 2371 ma,
913 2297 1118 2377 utique
1161 2294 1236 2355 de
1278 2294 1507 2355 uostris
1551 2293 1913 2364 credendum
1956 2291 2101 2365 erit,
2145 2310 2268 2353 non
2297 2291 2373 2354 de
2401 2291 2644 2365 vestiis,
2690 2292 2828 2371 quia
2856 2294 3090 2374 potiora

740 2406 884 2459 sunt
925 2398 999 2458 ad
1042 2395 1449 2457 instruendam
1506 2393 1760 2455 animam
1816 2392 2017 2472 priora
2072 2410 2248 2472 quam
2301 2402 2573 2472 postera,
2639 2411 2790 2472 quae
2846 2401 2909 2455 et
2963 2395 3092 2477 ipsa

739 2516 775 2559 a
815 2497 1117 2579 prioribus
1164 2496 1380 2557 instrui
1425 2492 1858 2566 sustinebantf:
1904 2512 2072 2567 cum,
2138 2493 2249 2556 etsi
2294 2485 2380 2554 de'
2423 2492 2640 2555 vestris
2679 2494 3089 2558 ”instinctam

655 2608 677 2622 ⁹
738 2598 1169 2671 concedamuS,
1215 2597 1289 2658 ad
1332 2595 1623 2675 originem
1671 2603 1863 2658 tamen
1906 2594 2293 2676 principalem
2331 2594 2573 2657 traditio
2603 2596 2924 2677 pertineat,
2973 2615 3090 2659 no-

742 2708 1051 2779 strumque
1096 2698 1341 2760 omnino
1384 2697 1467 2759 sit
1507 2696 1902 2776 quodcunque
1945 2696 2020 2757 de
2061 2695 2290 2758 nostris
2335 2696 2630 2758 sumsisse
2667 2704 2727 2758 et
2761 2694 3094 2759 tradidisse

739 2800 986 2880 contigit
1026 2799 1218 2861 vobis,
1285 2798 1461 2872 Quod
1504 2814 1640 2859 cum
1681 2798 1762 2858 ita
1806 2797 1915 2872 sit,
1961 2816 2083 2858 non
2125 2797 2376 2859 multum
2417 2797 2636 2869 refert,
2679 2796 2767 2858 ²⁹a
2795 2796 2910 2858 deo
2958 2799 3089 2859 l’or-

742 2954 820 3004 14.
871 2953 1205 3018 phylosophus
1251 2953 1335 3016 Αβ.
1457 2950 1533 2999 15.
1584 2960 1743 3001 mutos
1795 2952 1854 3001 ab
1899 2950 2176 3001 huiusmodi
2221 2953 2304 3001 Ab.
2393 2949 2570 3000 multos
2619 2949 2678 2999 ab
2725 2948 3004 3001 huiusmodi
3040 2952 3089 3001 B.

738 3029 898 3072 mutos
934 3023 1117 3085 absque
1156 3022 1234 3071 Ca.
1341 3018 1420 3069 16.
1456 3020 1599 3069 etiam
1638 3019 1784 3069 hodie
1819 3020 2005 3068 beatior
2037 3019 2120 3068 Ab.
2189 3018 2333 3067 hodie
2367 3018 2463 3068 iam
2498 3018 2687 3066 beatior
2717 3018 2903 3082 reliqui.
3015 3017 3090 3068 17.

734 3090 1064 3154 providentior
1099 3102 1209 3138 esse
1246 3102 1342 3136 uon
1378 3093 1540 3149 potest
1572 3086 1698 3149 Bmy.
1727 3126 1738 3135 .
1771 3086 2055 3150 prudentior
2090 3098 2187 3134 nou
2223 3092 2385 3147 potest
2418 3086 2468 3135 A.
2538 3084 2823 3147 prudentior
2851 3098 2963 3134 esse
2994 3100 3091 3135 neu

738 3166 900 3220 potest
933 3158 1120 3220 reliqui.
1230 3154 1308 3204 18.
1346 3161 1498 3216 parat.
1532 3154 1678 3203 Retro
1716 3155 1767 3203 Β.
1892 3153 1971 3204 19.
2009 3166 2106 3202 non
2144 3152 2323 3202 tuerint
2357 3154 2455 3216 Αφ.
2540 3165 2635 3201 uon
2674 3152 2868 3201 fuerunt
2897 3154 3092 3217 reliqui.

739 3222 823 3273 20.
860 3225 1040 3287 opinor
1074 3222 1261 3284 om-Ass.
1350 3220 1476 3271 201).
1513 3235 1601 3270 oro
1640 3237 1739 3284 eqo.
1810 3221 1931 3271 ordo
1967 3221 2079 3270 libri
2112 3234 2283 3269 omnes.
2372 3219 2453 3269 21.
2490 3216 2735 3281 contigit?
2772 3220 2905 3269 Unde
2943 3234 3093 3270 nosse

737 3292 835 3340 meu
866 3292 1043 3341 Iunius.
1148 3288 1232 3339 22.
1268 3300 1360 3338 usu
1392 3289 1616 3353 loquelae
1651 3289 1736 3351 Αβ.
1840 3287 1920 3337 23.
1959 3301 2187 3350 umquam
2224 3287 2309 3349 Αβ.
2432 3286 2515 3336 24.
2551 3288 2599 3335 iu
2634 3301 2839 3350 quorum
2877 3287 2987 3336 olea
3037 3298 3096 3337 ex

738 3357 950 3408 oleastro
1000 3359 1046 3405 b.
1080 3358 1318 3414 Latinius,
1367 3359 1499 3421 prob.
1536 3358 1685 3405 lunio.
1807 3355 1889 3406 25.
1937 3354 2269 3404 saecularibus
2301 3354 2388 3416 Αβ.
2514 3351 2596 3403 26.
2631 3354 2704 3403 vel
2744 3353 2930 3404 modica
2967 3355 3094 3405 Am

737 3438 836 3472 non
874 3423 1061 3472 modica
1097 3425 1171 3473 ab.
1275 3423 1357 3472 27.
1395 3425 1741 3474 antecedantur
1772 3423 1823 3474 A.
1929 3421 2010 3473 28.
2046 3422 2329 3473 instructam
2369 3422 2476 3472 Gab.
2548 3422 2777 3472 instructa
2812 3422 2902 3473 AB.
3009 3420 3093 3472 29.

740 3503 766 3540 a
803 3491 894 3539 deo
929 3492 1009 3540 Ab.
1082 3505 1142 3540 an
1178 3504 1204 3540 a
1240 3490 1332 3539 deo
1373 3491 1480 3540 Gab.
2787 3522 2796 3529 -

808 3637 850 3673 e.
889 3632 1049 3673 mutos
1076 3624 1135 3674 ab
1156 3625 1858 3688 huiusmodipronuntiationi-
1963 3624 2080 3673 277.
2139 3623 2279 3673 Diod.
2331 3624 2434 3673 Sim
2474 3623 2525 3683 1,
2563 3622 2639 3673 16.
2709 3622 2930 3673 Cassiod.
2986 3623 3094 3675 var.

642 3696 651 3705 “
736 3688 854 3758 hus]
892 3692 1011 3742 Cum
1039 3691 1271 3752 „mutos“
1308 3701 1455 3756 ponat
1491 3700 1731 3755 tamquam
1770 3707 1895 3756 pro,
1963 3690 2185 3752 vttt,12.
2260 3692 2313 3740 ln
2349 3692 2549 3755 Apolog.
2589 3706 2695 3754 cap.
2718 3690 2798 3739 10.
2846 3690 2978 3740 idem
3013 3691 3093 3742 in-

737 3760 1128 3822 ‚,abstiuentes“,
1183 3759 1302 3808 illud
1370 3760 1650 3809 adiectis-um
1717 3758 1858 3809 etiam
1964 3767 2153 3809 ventum
2190 3758 2399 3808 Saturno
2435 3758 2679 3807 tribuitur.
2771 3802 2774 3805 .

738 3842 846 3883 cum
884 3827 1015 3887 ,‚ab·.‘
1054 3824 1411 3891 praepositione
1447 3826 1860 3881 struendumsibi
2031 3841 2075 3887 g.
2127 3827 2174 3876 iu
2224 3839 2429 3889 quorum
2473 3825 2692 3874 oleastro
2729 3825 2858 3875 insiti
2892 3819 3095 3890 sumus]

735 3895 958 3955 indulget
1002 3896 1226 3960 scriptor.
1296 3895 1531 3945 Similiter
1577 3895 1647 3943 De
1684 3893 1857 3944 idolol.
1962 3893 2469 3956 Rudent-apotheos.
2494 3890 2650 3943 v.338
2684 3893 2824 3952 „Heu
2855 3893 3093 3943 frondosa

738 3963 928 4027 cap.17
966 3964 1180 4026 „loseph
1203 3971 1249 4012 et
1266 3963 1434 4013 Daniel
1469 3964 1631 4012 mundi
1654 3964 1713 4012 ab
1750 3961 1858 4011 ido·
1961 3961 2099 4025 prius
2135 3961 2283 4011 ramis
2319 3960 2542 4010 felicibus
2577 3956 2752 4009 arbor!
2826 3959 3095 4022 pinguibus

738 4031 984 4081 lolatria.“
1072 4030 1142 4078 De
1194 4031 1326 4080 Orat.
1376 4045 1481 4093 cap.
1512 4029 1572 4078 11
1624 4037 1716 4088 „ut
1767 4030 1857 4091 (sc.
1963 4028 2055 4077 beu
2093 4028 2336 4092 quondam
2371 4026 2504 4077 radix
2523 4027 2744 4090 oleagino
2763 4024 2929 4078 bacis!
2965 4027 3092 4077 Ecce

736 4096 931 4155 manus)
984 4114 1012 4145 a
1049 4097 1191 4153 falso,
1240 4113 1269 4147 o
1304 4097 1469 4158 caede,
1518 4113 1547 4147 a
1582 4096 1794 4156 saevitia,
1829 4112 1861 4145 a
1962 4096 2047 4144 tibi
2070 4096 2253 4145 inserto
2282 4095 2530 4145 revirescit
2547 4109 2676 4145 nuuc
2693 4093 2908 4144 oleastro
2929 4095 3094 4145 Tru·-

735 4164 995 4223 veneficiis,
1043 4166 1101 4214 ab
1138 4163 1409 4214 idololatria
1446 4164 1718 4226 ceterisque
1755 4177 1860 4212 ma·
1961 4178 2048 4213 cus
2084 4171 2133 4212 et
2167 4163 2347 4213 externi
2385 4163 2583 4214 vestitur
2617 4162 2796 4212 cortice
2833 4162 2947 4211 libri
2963 4156 3017 4211 !“

735 4233 877 4290 culis,
933 4246 1056 4295 quae
1102 4232 1273 4295 spiritu
1322 4239 1583 4295 conceptae
1629 4244 1858 4280 manuum
2030 4230 2077 4280 li.
2126 4239 2177 4280 ut
2223 4230 2334 4280 loco
2382 4244 2474 4280 aue
2523 4224 2832 4295 edocuimus]
2882 4229 3093 4297 Apolog.

737 4312 884 4362 opera
945 4301 1290 4359 transiguntur,
1344 4315 1491 4363 purae
1540 4297 1857 4349 alleventur.⁴‘
1962 4311 2068 4363 cap.
2094 4296 2172 4347 ts.

734 4367 803 4417 Ad
840 4365 965 4418 Nati..
1003 4366 1041 4425 1,
1066 4366 1129 4415 10
1166 4380 1326 4430 „qum
1362 4365 1587 4431 superbia
1623 4365 1855 4415 severita-
1937 4383 1950 4394 ·
2029 4366 2061 4416 i.
2100 4366 2273 4416 instrui
2320 4358 2648 4430 sustinebant]
2696 4362 2746 4414 li.
2769 4378 2816 4414 e.
2863 4371 3097 4427 expecta·

730 4435 796 4485 tia
831 4443 880 4484 et
914 4434 1118 4484 duritiae
1144 4434 1428 4499 disciplinae
1453 4436 1511 4485 ab
1532 4434 1663 4482 omui
1683 4433 1858 4484 timore
1956 4433 2093 4494 baut,
2128 4440 2181 4482 ut
2213 4439 2345 4483 recte
2381 4431 3099 4509 iuterpreumsestltigaltius.

734 4500 967 4554 securos“
1002 4516 1110 4566 sqq.
1958 4501 2163 4566 Apolog.
2209 4498 2404 4565 eep.35
2452 4501 2574 4560 „Cui
2623 4509 2783 4549 autem
2831 4512 2960 4563 opus
3017 4504 3100 4549 eet

804 4570 838 4618 1.
874 4564 1162 4634 Mercurius]
1201 4567 1462 4618 Mercurius
1490 4568 1754 4619 litterarum
1782 4569 1858 4618 in·
1959 4569 2256 4633 perscrutari
2303 4581 2457 4632 super
2489 4567 2714 4618 Caesaris
2748 4564 2938 4626 utute,
2993 4566 3098 4616 nisi

734 4645 917 4686 ventor.
990 4636 1089 4687 Cic.
1124 4636 1181 4687 Ν.
1217 4636 1273 4685 D.
1312 4635 1394 4700 111,
1416 4634 1500 4686 22.
1548 4637 1718 4700 Hygia.
1743 4636 1859 4686 Fal».
1960 4651 1998 4690 a.
2023 4651 2121 4703 quo
2156 4635 2340 4703 aliquid
2386 4634 2616 4689 adversus
2661 4630 2796 4687 utam
2844 4633 3097 4698 cogit-tur
