3263 5311
1098 471 1176 513 ns
1220 470 1628 515 rasmrssru.
2405 461 2529 525 645

198 627 609 697 argumentum
678 635 995 699 perversae
1059 619 1527 684 emendationis*
1599 620 1977 698 adhiberent3
2049 625 2287 687 modum
2351 626 2526 690 deni-

190 737 315 799 qne
358 718 695 801 paenitendi
736 727 1164 801 temperarent,
1231 722 1368 803 qnia
1411 731 1471 784 et
1516 721 1891 804 delinquendi
1940 732 2259 801 tenerent⁸,
2304 728 2522 791 timen-

196 827 291 882 tes
348 819 654 883 dominum
699 820 938 885 scilicet.
1046 799 1311 886 Sed⁴ubi
1353 831 1547 886 metus
1589 824 1819 900 nullus,
1886 817 2215 889 emendatio
2269 829 2522 907 proinde

194 921 386 984 nulla:
429 921 531 984 ubi
575 923 907 985 emendatio
950 923 1138 996 nulla,
1183 924 1539 1005 paenitentia
1581 928 1916 989 necessario
1961 945 2138 1002 vana3
2184 929 2317 1008 quia
2361 939 2522 993 caret

190 1022 388 1085 fructu
430 1042 543 1086 suo
587 1025 680 1086 cui
724 1043 853 1087 eam
896 1025 1041 1087 deus
1087 1026 1268 1099 sevit,
1323 1026 1386 1088 id
1442 1035 1533 1089 est
1585 1027 1846 1090 hominis
1893 1028 2085 1091 saluti.
2183 1028 2330 1090 Nam
2372 1029 2519 1091 deus

192 1133 336 1203 post
386 1133 476 1188 tot
534 1143 601 1187 ac
656 1133 813 1188 tanta
870 1124 1076 1189 delicta
1130 1127 1421 1189 humanae
1474 1129 1822 1191 temeritatis
1879 1148 1912 1191 a
1962 1130 2228 1210 principe
2281 1130 2517 1210 generis

189 1226 374 1288 Adam
433 1227 763 1307 auspicata,
836 1237 974 1308 post
1028 1228 1481 1291 condemnatum
1533 1227 1834 1292 bominem
1878 1249 2011 1292 cum
2056 1230 2273 1292 saeculi
2316 1229 2514 1307 dote⁸,

182 1337 332 1407 post
374 1326 622 1390 eiectum
665 1327 940 1408 paradiso
984 1327 1277 1410 mortique
1334 1329 1691 1405 subiectum,
1765 1350 1896 1393 cum
1950 1351 2162 1394 rursus
2216 1332 2292 1392 ad
2346 1350 2514 1395 suam

182 1429 656 1492 misericordiam
712 1430 1179 1503 maturavisset‘,
1246 1431 1359 1493 iam
1415 1430 1550 1494 inde
1604 1432 1668 1493 in
1720 1432 2042 1512 semetipso
2098 1431 2513 1512 paenitentiam

168 1529 523 1600 dedicavit&
559 1531 854 1594 ’rescissa
897 1532 1189 1594 sententia
1233 1531 1450 1595 irarum
1492 1533 1907 1614 pristinarum,
1952 1534 2261 1613 ignoscere
2304 1541 2509 1614 pactus

168 1632 357 1713 operi
398 1641 461 1695 et
499 1631 739 1712 imagini
782 1651 942 1694 suae.
1015 1633 1216 1714 ltaque
1258 1642 1317 1696 et
1358 1634 1641 1716 populum
1672 1634 1785 1696 sibi
1816 1636 2220 1715 congregavit,
2265 1642 2324 1696 et
2352 1634 2508 1696 mul-

176 1734 265 1795 tis
306 1733 589 1795 bonitatis
635 1752 779 1796 suae
819 1733 1227 1814 largitionibus
1270 1736 1445 1807 fovit,
1503 1744 1562 1796 et
1601 1736 2067 1815 ingratissimum
2125 1736 2343 1798 totiens
2400 1754 2509 1798 ex·

168 1843 388 1917 pertus
432 1836 507 1898 ad
548 1835 968 1916 paenitentiam
1009 1854 1246 1916 semper
1286 1837 1552 1899 hortatus
1597 1846 1720 1910 est,
1779 1845 1838 1899 et
1877 1835 2327 1918 prophetandot
2366 1838 2506 1899 uni-

168 1925 491 1999 versorum
534 1936 953 2017 prophetarum
998 1939 1197 2001 emisit
1240 1957 1373 2000 ora:
1418 1957 1551 2000 mox
1582 1939 1823 2019 gratiam
1854 1938 2182 2019 pollicitus,
2227 1957 2402 2019 quam
2444 1938 2508 2000 in

170 2038 648 2101 extremitatibus
694 2047 1025 2119 temporum
1082 2058 1190 2120 per
1245 2039 1518 2120 spiritum
1575 2059 1749 2102 suum
1792 2039 2067 2102 universo
2113 2039 2245 2101 orbi
2286 2039 2507 2102 illumi-

160 2147 426 2203 naturus
472 2148 663 2212 esset,
719 2141 950 2220 praeire
989 2139 1434 2202 ³intinctionem
1476 2141 1868 2221 paenitentiae
1923 2140 2157 2216 iussit¹¹,
2222 2140 2309 2201 ⁴si
2354 2160 2507 2220 quos

166 2261 290 2324 per
334 2241 576 2321 gratiam
619 2249 856 2303 vocaret
898 2242 968 2303 ad
1011 2241 1471 2321 promissionem
1528 2242 1739 2304 semini
1782 2242 2103 2306 ‘Abrabam
2156 2241 2508 2305 destinatam

164 2363 285 2424 per
330 2342 722 2424 paenitentiae
767 2342 1271 2423 subsignationem
1298 2342 1466 2405 ‘ante
1494 2341 1925 2423 componeretf.
1987 2343 2119 2405 Non
2151 2351 2302 2406 tacet
2327 2337 2506 2406 Ioan-

1148 2523 1205 2581 ⁴3.
1253 2531 1561 2581 intentionem
1609 2531 1694 2581 AB.
1732 2531 1930 2582 florent.
2048 2530 2097 2580 4.
2132 2531 2174 2581 si
2210 2546 2332 2596 quos
2375 2532 2502 2584 AB&

1744 2598 1790 2648 6.
1839 2607 1947 2650 aute
2001 2607 2314 2665 componeret
2346 2600 2499 2662 abed„

173 2493 226 2581 2⁶,
266 2532 450 2581 recissa
485 2531 572 2581 AB.
653 2531 806 2581 recisa
842 2531 1041 2581 floreat.

175 2599 378 2650 florent.
462 2606 514 2648 ut
558 2613 680 2663 quos
728 2601 859 2649 abed.
963 2599 1011 2648 5.
1061 2598 1300 2650 habrahae
1332 2600 1641 2651 florentinus.

168 2669 443 2719 corsiensis
477 2668 610 2717 liber.
681 2676 996 2733 anteponeret
1030 2668 1149 2719 ABG.
1185 2669 1387 2719 florent.

165 2802 355 2868 pitalis,
373 2802 567 2852 nonnisi
594 2817 681 2866 per
707 2804 1033 2866 nosmetipsos
1059 2805 1287 2868 prosequi

164 2870 492 2936 possumus.“
577 2870 644 2920 ld.
699 2870 874 2931 Digest.
924 2871 1089 2931 xttx,
1131 2872 1185 2931 l,
1222 2870 1285 2920 27

168 2939 333 2999 „Post
366 2937 575 2988 redditas
610 2938 819 2987 rationes
857 2952 1011 3001 neque
1038 2946 1166 2989 tutor
1201 2953 1287 2989 ne-

162 3021 272 3070 que
313 3014 500 3056 curator
533 3007 854 3070 appellationis
887 3008 1049 3055 merita
1080 3005 1285 3070 probare

165 3074 432 3136 cogetur.“
513 3074 586 3125 ct.
642 3074 843 3124 Dirksen
903 3073 1118 3124 Manuale
1165 3089 1206 3123 a.
1243 3089 1286 3123 v.

160 3157 216 3208 p.
242 3139 366 3191 582.

235 3210 287 3259 b.
329 3206 397 3257 ad'
435 3216 765 3270 argumentum
817 3222 1071 3272 perversae
1118 3223 1285 3258 emen-

154 3274 409 3340 dationis]
460 3277 519 3325 Ut
572 3290 841 3341 perversam
903 3277 1282 3326 emendationem

156 3346 342 3396 iniisse
378 3346 571 3405 coargui
607 3350 822 3405 possent.

230 3430 277 3465 c.
318 3412 432 3476 quia
468 3420 516 3461 et
550 3411 855 3475 delinquendi
892 3407 1132 3478 tenerent]
1178 3412 1284 3462 Non

152 3488 400 3547 parantes
434 3480 525 3529 sibi
560 3479 807 3529 materiam
842 3481 984 3530 toties
1021 3487 1068 3530 et
1105 3479 1284 3529 tamdiu

152 3547 464 3615 paenitendi.

226 3617 280 3668 d.
326 3629 435 3665 cum
470 3612 651 3665 saeculi
703 3610 837 3678 dote]
888 3614 1053 3664 Dotem
1100 3615 1281 3665 saeculi

150 3685 280 3738 dicit
321 3684 515 3745 delicta,
564 3698 650 3747 per
697 3698 819 3748 qaae
869 3683 1012 3733 bomo
1049 3683 1219 3734 excidit
1254 3698 1280 3732 a

150 3755 327 3806 divina
364 3753 528 3815 gratia.
551 3752 764 3814 (Rigalt.)
815 3751 1027 3801 Miserias
1050 3752 1279 3802 humanas

146 3822 410 3882 intelligit,
447 3833 568 3883 quae
592 3826 702 3882 past
726 3825 971 3883 peccatam
998 3820 1278 3869 mortalibus

146 3891 198 3940 in
240 3890 414 3940 dotem
452 3888 719 3948 assignatae
753 3894 880 3935 suut.
915 3886 1201 3951 (Albaspin.)

219 3972 270 4007 e.
314 3968 425 4004 cum
463 3968 630 4003 rursus
655 3953 712 4003 ad
738 3967 872 4002 suam
902 3954 1276 4005 misericordiam

141 4015 524 4086 maturavisset]
576 4020 678 4070 Boc
728 4028 799 4070 est
835 4028 1017 4071 mature
1051 4036 1105 4071 se
1140 4036 1276 4072 rece-

138 4093 321 4158 pisset
361 4097 407 4139 et
443 4090 488 4138 in
524 4095 756 4152 tempore.
815 4088 895 4138 Sic
917 4088 1181 4152 Cyprianus
1215 4089 1274 4139 ad

140 4161 407 4211 Donatum
434 4157 629 4220 qratiam
649 4163 947 4205 maturantem
965 4156 1092 4205 dixit.
1129 4157 1275 4214 (Rbe-

133 4230 293 4289 nan.)
354 4224 572 4289 cyprian.
608 4223 668 4273 ad
690 4222 857 4272 Donat.
891 4238 934 4287 p.
951 4222 996 4273 2.
1034 4225 1108 4274 ed.
1124 4224 1273 4274 Oxou.

134 4295 379 4360 „Accipe
427 4291 555 4356 quod
601 4292 805 4340 sentitur
853 4299 1104 4356 antequam
1153 4291 1272 4342 dici-

130 4373 257 4421 tur,
325 4374 417 4410 nec
467 4374 554 4423 per
602 4367 873 4423 temporum
934 4373 1095 4409 moras
1131 4359 1272 4423 longa

128 4430 406 4495 agnitione
442 4427 698 4489 colligitur,
735 4427 821 4477 sed
859 4427 1142 4490 compendio
1167 4443 1272 4490 yra-

129 4504 241 4550 la‘ae
279 4497 565 4547 maturantis
602 4494 870 4544 hauritur.“

210 4568 249 4616 i'.
312 4560 573 4626 dedicavit]
638 4562 804 4611 Punite
858 4561 1022 4611 Adami
1074 4568 1271 4625 peccato

118 4648 256 4686 eum
302 4630 539 4681 mortales
585 4630 717 4680 novis
750 4629 994 4679 beneflciis
1026 4628 1272 4692 comples·-

118 4711 232 4764 set,
277 4698 454 4751 docuit
487 4699 621 4764 prius
654 4705 760 4749 acta
793 4697 1084 4763 paenitentia
1104 4710 1272 4757 emen·

1389 2803 1491 2854 dari
1528 2818 1691 2867 passe.
1728 2801 2013 2867 (Albaspin.)
2082 2801 2149 2851 De
2183 2801 2324 2852 verbo
2362 2801 2500 2852 aedt-

1389 2887 1493 2922 σανα
1526 2886 1567 2921 v.
1604 2885 1726 2934 quae
1746 2870 1961 2921 adnotavi
1984 2869 2042 2919 ad
2055 2869 2300 2933 Scarpiac.
2328 2869 2500 2933 cap-l.

1455 2953 1499 3000 g.
1537 2934 1893 3003 prophetando]
1945 2937 2043 2986 lloc
2078 2945 2151 2987 est
2186 2936 2246 2987 ad
2282 2936 2502 3001 propbe-

1387 3006 1597 3056 tandum.
1670 3004 1820 3054 Huius
1855 3004 2012 3121 dat*
2048 3004 2126 3068 qui
2164 3004 2498 3068 frequentissi-

1388 3087 1495 3122 mus
1517 3080 1589 3122 est
1610 3073 1737 3136 apud
1751 3072 1930 3122 Tertull
2016 3086 2113 3132 um,
2135 3071 2315 3136 aliquot
2334 3086 2498 3122 exem·-

1387 3142 1466 3204 pla
1503 3140 1675 3203 collegi
1712 3140 1771 3189 sd
1808 3139 1874 3189 De
1911 3139 2127 3203 Spectac.
2164 3155 2268 3204 cap.
2290 3138 2338 3189 3.

1454 3208 1501 3257 b.
1550 3210 1737 3272 praeire
1790 3208 2114 3258 intinctionem
2175 3207 2495 3272 paenitentiae

1386 3271 1547 3342 iussit]
1608 3276 1853 3336 Significat
1907 3275 2196 3339 baptismum
2249 3275 2494 3336 lobannis,

1386 3345 1466 3407 qui
1492 3344 1580 3393 snit
1603 3344 1922 3408 paenitentiae
1942 3343 2227 3407 baptismus,
2262 3350 2493 3407 praecur-

1384 3426 1469 3461 sor
1518 3411 1743 3475 baptismi
1778 3410 2050 3469 Christiani,
2098 3411 2179 3475 qui
2227 3411 2315 3461 fuit
2349 3412 2491 3462 etiam

1384 3480 1593 3544 Spiritus
1626 3479 1806 3529 Sancti.
1841 3478 2051 3541 (Rigalt.)

1451 3549 1480 3597 i.
1507 3561 1595 3610 per
1610 3547 1928 3611 paenitentiae
1947 3546 2353 3609 subsignationem
2381 3555 2490 3597 ante

1380 3611 1768 3732 salamiel.
1789 3614 2105 3732 νὶὶἱῗοίῗὴῗ.
2119 3628 2148 3664 ⁶
2181 3615 2487 3743 2:221332‘1:

1378 3751 1629 3801 facultates
1666 3749 1772 3799 ideo
1808 3749 2044 3809 dicuntur,
2081 3749 2189 3814 quia
2224 3750 2488 3799 conducto·

1378 3833 1483 3868 rum
1504 3817 1937 3882 subscriptionibus
1963 3817 2197 3879 obligatae
2218 3824 2330 3866 snut
2350 3817 2487 3875 lisca,

1380 3894 1428 3936 et
1461 3886 1737 3948 subsignata
1774 3886 1900 3951 apud
1935 3885 2170 3936 aerarium
2207 3891 2254 3932 et
2289 3889 2484 3946 praeto·
2549 3936 2554 3945 ,

1378 3968 1480 4003 rem
1528 3954 1723 4017 praedia
1770 3968 1891 4018 quae
1936 3959 2048 4002 sunt
2080 3951 2129 4000 in
2162 3963 2359 4000 censum
2395 3951 2482 4000 de-

1376 4021 1487 4071 lata.
1541 4021 1607 4071 Eo
1645 4036 1789 4071 sensu
1825 4020 2145 4070 Tertullianus
2181 4017 2293 4068 dicit
2320 4020 2486 4082 paeni-

1376 4092 1562 4139 tentiam
1595 4091 1908 4151 subsignatum
1951 4101 2042 4151 qua
2088 4101 2142 4136 se
2178 4085 2303 4151 apud
2339 4086 2480 4135 deum

1375 4156 1920 4274 23t5b¹122⁰¹335÷⁶3232335
1949 4152 2506 4286 :5202‘252232’222125-

1375 4299 1536 4341 mento
1588 4300 1827 4354 tamquam
1879 4289 2140 4350 signaculo.
2220 4290 2300 4339 Sic
2351 4289 2477 4339 enim

1374 4358 1454 4408 lib.
1478 4358 1512 4408 Ι.
1541 4358 1600 4407 ad
1622 4360 1759 4408 Uxor.
1777 4353 1907 4422 [cap.
1924 4352 1996 4421 4.]
2022 4356 2323 4415 „viduitatem
2350 4357 2476 4419 apud

1373 4427 1514 4477 deum
1549 4426 1930 4486 subsignatam.“
2005 4425 2273 4488 componere
2306 4423 2480 4472 dicitur

1369 4501 1565 4557 praetor
1599 4507 1721 4556 quos
1757 4491 2082 4542 iurisdictione
2107 4505 2192 4539 sua
2217 4489 2476 4552 compescit

1371 4563 1526 4625 deque
1562 4560 1842 4610 adversariis
1878 4559 2058 4609 amicas
2089 4566 2137 4608 et
2156 4558 2341 4621 quietos
2359 4556 2472 4605 red·

1370 4629 1453 4679 dit.
1534 4626 1792 4691 Componit
1844 4626 2155 4676 sacramentis
2208 4623 2307 4673 suis
2351 4623 2475 4672 deus

1369 4696 1589 4747 homines
1621 4694 1832 4759 pessime
1868 4695 2080 4755 meritos,
2117 4699 2163 4741 et
2197 4692 2245 4742 in
2275 4704 2476 4741 suorum
