3263 5311
1103 473 1178 516 ns
1222 469 1636 518 »anmi-euru.
2407 461 2533 524 659

192 621 533 683 drachmam
583 619 877 702 perdidit‘
927 631 988 684 et
1038 623 1288 703 requirit
1340 632 1403 686 et
1456 625 1680 704 reperit
1746 633 1806 687 et
1859 625 2075 687 amicas
2128 625 2202 687 ad
2257 626 2534 706 gaudium

194 723 432 796 invitat,
498 740 699 784 nonne
757 724 1019 786 restituti
1070 726 1400 806 peccatoris
1455 725 1785 806 exemplum
1844 724 1984 788 est?
2069 725 2243 790 Errat
2300 738 2361 790 et
2416 748 2537 791 uua

190 823 492 905 'pastoris
538 824 797 900 ovicula,
838 826 943 888 sed
989 844 1129 905 grex
1170 843 1288 888 una
1332 827 1525 889 carior
1568 846 1690 889 non
1730 836 1888 888 erat:
1931 845 2047 889 una
2090 827 2185 889 illa
2229 830 2536 909 conquiri-

196 934 321 1000 tur,
366 944 486 988 una
526 945 637 1006 pro
682 925 959 989 omnibus
1003 925 1405 999 desideratur,
1450 938 1511 990 et
1550 927 1820 991 ⁹tandem
1856 929 2153 990 invenitur
2179 936 2243 991 et
2267 929 2533 992 humeris

194 1027 459 1109 pastoris
500 1027 693 1108 ipsius
735 1028 1022 1102 refertum
1078 1028 1326 1114 multum
1381 1029 1539 1091 enim
1596 1029 1851 1092 errando
1894 1029 2277 1091 laboraverat.
2367 1029 2536 1092 illum

194 1128 372 1191 etiam
415 1128 798 1190 mitissimum
842 1137 1068 1210 patrem
1114 1148 1238 1192 non
1303 1139 1429 1193 tace
1526 1178 1542 1206 ,
1608 1131 1765 1211 ¹⁰qui
1822 1131 2135 1212 prodigum
2192 1130 2375 1193 tilium
2430 1149 2532 1192 re-

197 1237 396 1300 vocat,
442 1239 503 1291 et
542 1240 686 1310 post
727 1231 989 1311 inopiam
1021 1231 1058 1264 ¹¹
1077 1232 1477 1312 paenitentem
1520 1231 1712 1294 libens
1758 1232 2037 1313 suscipit,
2082 1232 2347 1294 immolat
2373 1233 2531 1294 vitu-
2613 1307 2630 1322 ι

197 1329 317 1393 lum
349 1329 829 1412 ¹’praeopimum
860 1333 1129 1394 convivio
1159 1334 1434 1414 gaudium
1464 1353 1638 1396 suum
1671 1343 1935 1396 exornat.
1981 1332 2250 1414 Quidni?
2296 1332 2534 1396 ¹³filium

194 1432 355 1493 enim
398 1432 702 1495 invenerat
744 1453 917 1513 quem
962 1435 1269 1507 amiserat,
1313 1435 1605 1498 cariorem
1650 1445 1925 1498 senserat
1965 1454 2140 1515 quem
2183 1435 2326 1497 lucri
2370 1437 2531 1497 fece-

196 1541 307 1594 rat.
376 1533 527 1606 Quis
571 1534 669 1596 ille
711 1534 886 1596 nobis
931 1535 1358 1616 intellegendus
1403 1535 1617 1617 pater?
1683 1537 1842 1599 Deus
1886 1536 2129 1599 scilicet.
2193 1536 2337 1598 Tam
2365 1547 2535 1616 pater

195 1653 373 1698 nemo
396 1682 412 1710 ,
456 1645 575 1697 tam
618 1636 754 1716 pius
796 1655 996 1699 nemo.
1084 1637 1141 1698 Is
1185 1655 1326 1717 ergo
1372 1646 1430 1700 te
1472 1637 1658 1699 tilium
1702 1653 1909 1712 suum,
1955 1638 2070 1700 etsi
2111 1645 2414 1717 acceptum
2458 1637 2531 1699 ab

194 1753 270 1798 eo
298 1736 679 1815 prodegeris,
724 1739 837 1800 etsi
881 1738 1077 1800 nudus
1121 1738 1400 1812 redieris,
1445 1739 1721 1820 recipiet,
1766 1739 1901 1819 quia
1944 1738 2180 1812 redisti,
2225 1740 2531 1820 magisque

192 1837 271 1899 de
313 1855 594 1917 regressu
638 1847 741 1900 tuo
785 1859 959 1921 quam
1004 1840 1077 1901 de
1119 1839 1359 1903 alterius
1403 1840 1722 1903 sobrietate
1764 1839 2109 1915 laetabitur3
2153 1841 2261 1903 sed
2291 1840 2342 1901 si
2384 1859 2529 1921 pae-

191 1938 379 2001 niteat
435 1958 504 2001 ex
561 1940 792 2013 animo,
865 1942 919 2004 si
974 1944 1186 2004 famem
1244 1950 1401 2004 tuam
1459 1960 1592 2004 cum
1661 1941 1970 2004 saturitate
2025 1941 2529 2004 mercenariorum

193 2048 579 2121 paternorum
622 2060 961 2122 compares,
1026 2043 1080 2105 si
1136 2061 1356 2124 porcos
1412 2043 1782 2105 immundum
1843 2043 2144 2123 relinquas
2199 2061 2413 2123 pecuS,
2477 2042 2531 2104 si

190 2150 424 2224 patrem
464 2151 701 2223 repetas
756 2143 847 2206 vel
891 2145 1209 2218 offensum,
1267 2143 1525 2224 Deliqui,
1583 2145 1822 2214 dicens.
1887 2156 2085 2225 pater,
2149 2163 2259 2206 nec
2312 2143 2526 2223 dignus
2544 2158 2820 2209 Lucam.

194 2243 362 2324 “ego
406 2245 523 2306 iam
551 2244 748 2307 vocari
779 2255 937 2308 tuus.
1004 2245 1257 2307 Tantum
1284 2246 1506 2307 relevat
1533 2246 1830 2308 confessio
1862 2245 2292 2320 ¹³delictorum,
2339 2262 2529 2324 quan·
2667 2237 2678 2246 ¹

192 2355 320 2408 tum
363 2345 754 2409 dissimulatio
800 2348 1183 2427 “exaggerat.
1291 2345 1606 2408 Confessio
1664 2347 1819 2410 enim
1875 2346 2335 2409 satisfactionis⁸
2379 2364 2528 2407 cou-

195 2446 397 2509 siiium
441 2455 566 2522 est,
610 2447 1002 2511 dissimulatio
1047 2449 1467 2512 contumaciae.

362 2541 565 2627 Huius.
607 2566 785 2646 igitur
838 2567 1233 2647 paenitentiae
1287 2565 1581 2629 secundae
1648 2573 1709 2627 et
1768 2565 1947 2627 unius
2014 2573 2232 2645 quanto
2290 2565 2351 2627 in
2402 2573 2531 2626 arto
2568 2589 2773 2646 cmix,
2839 2563 2850 2622 Γ

194 2666 498 2747 negotium
543 2676 666 2743 est,
713 2679 875 2731 tanto
924 2671 1237 2751 operosior
1281 2667 1642 2750 ¹probatio·,
1699 2676 1767 2729 ut
1820 2686 1942 2729 non
2000 2667 2126 2729 sola
2170 2667 2533 2729 conscientia

188 2768 625 2851 'praesentum
691 2770 796 2832 sed
852 2771 1046 2852 aliquo
1106 2771 1281 2833 etiam
1336 2780 1468 2833 actu
1510 2770 1977 2831 administretur.
2066 2768 2123 2830 Is
2168 2776 2363 2841 actua,
2431 2766 2532 2846 qui

190 2955 251 3007 8.
286 2957 469 3020 pastori
501 2958 588 3009 AB.
674 2958 724 3009 9.
762 2966 920 3009 umen
956 2959 1042 3010 BC.
1126 2959 1206 3010 to.
1244 2959 1372 3024 quod
1406 2959 1493 3008 AB.
1593 2957 1675 3008 11.
1711 2955 2028 3022 paenitentiae
2061 2954 2183 3005 Aac.
2273 2952 2352 3003 12.
2387 2968 2531 3018 prae·
2598 3006 2602 3010 ,

190 3024 436 3089 optimum
469 3027 554 3076 AB.
597 3028 802 3077 Vaticani
837 3034 944 3077 tres.
1058 3025 1132 3077 13.
1170 3035 1217 3077 et
1252 3027 1403 3076 titium
1439 3026 1565 3075 enim
1601 3028 1654 3076 A.
1762 3023 1840 3073 14.
1877 3037 1965 3085 ego
2000 3037 2107 3072 sum
2146 3024 2240 3072 iam
2272 3022 2360 3073 AB.
2453 3022 2531 3072 15.

190 3092 485 3142 delictorum
530 3094 728 3155 Micca„
772 3096 981 3145 Vaticani
1014 3102 1121 3145 tres.
1217 3094 1445 3144 delictum
1481 3096 1573 3152 ab..
1624 3099 1668 3142 et
1702 3093 1750 3142 d.
1786 3094 1836 3140 in
1869 3091 2066 3140 Erratis.
2104 3091 2364 3140 corsiensis
2401 3091 2534 3141 liber.

198 3158 283 3210 16.
319 3170 567 3223 exaggerat
602 3186 668 3198 -
702 3188 769 3199 —
804 3161 1124 3215 dissimulatio
1160 3178 1249 3213 om.
1288 3162 1338 3212 B.

334 3246 451 3309 Cap.
488 3245 563 3296 tx.
653 3247 699 3297 1.
736 3246 956 3310 probatio
1003 3256 1095 3307 est,
1143 3256 1195 3299 ut
1228 3249 1331 3299 bcd.
1456 3245 1504 3296 2.
1555 3245 1856 3310 praeferatur
1887 3244 2059 3294 Babcd.
2139 3243 2415 3308 proferatur
2446 3242 2534 3294 Ac,

188 3313 472 3379 perferatur
508 3315 622 3364 Pctr.
664 3315 949 3366 ciacconius.

186 3490 459 3548 praecepto
520 3484 759 3549 serpentis
824 3485 1174 3534 similitudinem
1237 3484 1313 3533 iu·
1414 3482 1696 3533 drachmam
1733 3482 1910 3532 invenit
1956 3481 2130 3531 mulier
2178 3490 2223 3531 et
2270 3478 2537 3543 gratulatur

187 3550 365 3601 dixiv‘
454 3550 571 3601 ibid.
624 3566 727 3615 cap.
753 3549 814 3601 12
872 3566 963 3612 „ex
1009 3553 1314 3601 similitudine
1416 3552 1671 3609 inventam,
1742 3549 1870 3614 quod
1925 3557 2094 3614 pastor,
2138 3562 2272 3599 ovem
2319 3554 2537 3613 reportat

186 3618 600 3682 providentissimi
637 3619 849 3668 aediticis
892 3619 1023 3668 illius
1059 3620 1139 3683 qui
1178 3619 1311 3683 prius
1415 3620 1687 3678 erraticam,
1724 3617 1853 3682 quod
1887 3618 1992 3677 ,tilio
2013 3617 2262 3667 revertenti
2286 3623 2531 3680 postpro-

189 3693 420 3750 sumptus
455 3687 617 3750 operis
670 3701 778 3736 cum
816 3687 994 3737 ritibus
1039 3687 1141 3736 suis
1192 3700 1311 3749 sup·
1414 3686 1551 3736 dacta
1587 3686 1749 3736 omnia
1786 3686 1910 3734 bona
1961 3694 2008 3736 et
2054 3699 2162 3736 cum
2200 3683 2533 3734 meretricibus

184 3761 348 3817 putat,
385 3768 463 3814 ue,
499 3754 579 3804 ubi
616 3755 846 3818 coeperit,
892 3755 1108 3805 defectus
1142 3761 1312 3818 postea
1413 3762 1463 3805 et
1497 3752 1771 3804 fornicariis
1807 3761 1995 3817 epotata
2033 3761 2170 3817 pater
2205 3752 2410 3801 blandus
2446 3764 2532 3799 oc-

185 3820 501 3871 erubescam·
550 3821 617 3871 De
653 3823 850 3872 Patient.
889 3837 992 3887 cap.
1016 3820 1075 3871 12
1112 3822 1229 3880 „Sic
1264 3829 1313 3872 et
1414 3822 1580 3879 currit,
1635 3828 1683 3870 et
1730 3820 1937 3871 invidum
1988 3820 2183 3870 fratrem
2221 3826 2415 3869 ostensa
2451 3830 2532 3865 ra-

184 3890 242 3941 in
279 3888 379 3938 illis
404 3890 751 3940 dominicarum
772 3892 1129 3941 similitudimem
1148 3902 1312 3938 exem·
1413 3889 1543 3939 tione
1580 3887 1780 3949 castigat
1793 3883 1859 3937 ‘3⁸‘

182 3955 292 4021 ptis
328 3956 391 4006 de
425 3957 650 4022 patientia
685 3958 865 4007 sanctis
900 3958 1091 4008 adest.“

263 4024 300 4073 f.
349 4024 488 4083 Quod
534 4025 708 4075 mulier
756 4026 1032 4075 drachmam
1079 4019 1312 4090 perdidit]

186 4090 431 4142 Paeianus
457 4093 651 4143 Par-aen.
691 4093 750 4143 ad
772 4093 950 4142 Paenit.
975 4109 1023 4157 p.
1042 4091 1139 4143 317
1178 4091 1313 4152 „Ne-

180 4159 377 4209 minem
424 4167 642 4210 nostrum
702 4160 863 4225 perire
911 4161 1010 4212 vult
1056 4161 1310 4222 domiuus;

183 4227 340 4276 etiam
379 4228 555 4278 modici
592 4236 641 4279 et
675 4228 857 4279 minimi
880 4228 1206 4293 requiruntur.
1259 4228 1311 4277 Si

176 4308 293 4346 non
329 4296 543 4353 creditis,
579 4296 844 4346 intuemini.
914 4295 1035 4346 Ecce
1082 4296 1130 4346 in
1168 4310 1313 4349 eran·

174 4364 322 4425 getio
360 4364 589 4412 drachma
624 4364 899 4428 requiritur,
952 4371 1000 4413 et
1033 4364 1201 4413 ricinis
1235 4363 1312 4413 in·

172 4440 329 4479 venta
369 4439 691 4492 monstratum
727 4432 912 4481 ovicula
942 4431 1209 4495 suppositis
1230 4444 1309 4480 ro·

172 4498 429 4563 portanda
487 4497 749 4549 cervicibus
805 4510 901 4548 nou
967 4506 1041 4547 est
1102 4512 1310 4548 onerosa

178 4566 432 4631 pastori.“
520 4564 589 4614 id.
623 4565 773 4629 Epist.
808 4566 843 4615 1.
880 4566 938 4615 ad
975 4564 1309 4630 sympronlau.

173 4631 360 4699 p.306
395 4632 556 4693 „Quid
593 4632 675 4682 illa
709 4641 782 4683 tot
816 4632 1182 4683 similitudinum
1218 4633 1313 4682 do·

165 4701 475 4751 minii-arum
499 4700 776 4765 argumenta
796 4696 1134 4766 respondent?
1170 4699 1310 4760 Quod

1480 3971 1525 4018 g.
1564 3948 1934 4020 satisfactionis]
1991 3952 2058 4002 De
2092 3951 2412 4017 paenitentiae
2447 3964 2531 4000 ro-

1412 4023 1599 4074 cabulis
1634 4024 1892 4086 satisfactio
1929 4028 1977 4070 et
2010 4023 2277 4084 satisfacere
2322 4018 2535 4081 disputat

1412 4090 1829 4141 Desid.fleraldus
1854 4089 2066 4151 Digress.
2103 4087 2162 4147 11,
2190 4087 2240 4137 4.
2275 4102 2323 4151 p.
2338 4084 2436 4136 279
2456 4101 2532 4150 sq.

1482 4159 1599 4223 Cap.
1638 4158 1712 4208 tx.
1762 4172 1804 4207 a.
1843 4166 1974 4207 tanto
2010 4155 2264 4220 operosior
2287 4149 2532 4221 probatio]

1414 4227 1602 4287 Quanto
1656 4225 1902 4276 difficilius
1955 4224 2199 4287 negotium
2253 4230 2344 4281 est,
2400 4229 2532 4272 tanto

1413 4294 1671 4359 operosius
1707 4301 1782 4343 est
1817 4301 1869 4343 ut
1904 4294 2136 4357 probetur
2182 4300 2229 4342 et
2264 4305 2413 4355 opere
2450 4303 2531 4339 ex-

1412 4363 1620 4428 pleatur.
1689 4361 1959 4411 Notandum
2010 4367 2084 4410 est
2120 4361 2262 4409 etiam
2300 4358 2427 4423 quod
2464 4357 2533 4406 De

1415 4430 1613 4480 Pudicit.
1653 4444 1755 4493 cap.
1780 4427 1864 4479 20.
1909 4429 2103 4478 statuit:
2152 4427 2291 4487 „Hoc
2342 4426 2421 4488 qui
2471 4423 2531 4472 ab

1412 4496 1650 4561 apostolis
1687 4497 1853 4546 didicit
1887 4505 1936 4546 et
1970 4508 2078 4546 cum
2097 4494 2330 4558 apostolis
2352 4490 2533 4549 docuit,

1412 4576 1657 4627 nunquam
1709 4564 1910 4613 moecho
1959 4571 2006 4613 et
2042 4560 2320 4613 fornicatori
2355 4571 2532 4607 secun·

1413 4633 1524 4682 dam
1560 4630 1900 4695 paenitentiam
1928 4631 2220 4696 promissam
2252 4627 2309 4676 ab
2330 4632 2535 4691 aposto·

1413 4699 1475 4750 tis
1510 4699 1703 4750 uorat.“

2114 4777 2233 4830 42*
