3263 5311
520 633 668 681 nrm

535 685 686 740 nris.

512 1159 607 1206 Iud.
623 1162 686 1203 u.

480 1268 590 1327 Cap.
607 1268 678 1313 tv.

505 2467 612 2527 cap.
631 2468 681 2514 V.

713 370 841 434 706
1206 386 1407 438 Quum
1453 385 1717 430 sse-rrum
1758 384 2088 430 noan-ris
2131 383 2524 429 rennuunt

712 535 960 598 domino
1011 534 1391 616 praedicarit,
1458 554 1495 598 a
1546 534 1724 598 nobis
1781 534 2020 617 quidem
2072 534 2221 597 nibil
2273 535 2516 597 omnino
2556 533 2924 597 reiciendum
2966 536 3070 598 est

610 634 622 645 ’
672 662 686 676 ·
713 637 871 717 quod
913 636 1203 716 pertineat
1246 637 1318 698 ad
1362 654 1501 699 nos.
1577 637 1656 699 Et
1695 637 1947 717 legimus
1991 654 2228 699 omnem
2275 623 2628 715 scripturam
2667 635 3066 698 aedificatiom‘

715 737 970 800 habilem
1016 736 1297 800 divinitus
1341 736 1644 818 inspirari.
1711 737 1760 798 A
1803 738 2035 801 Iudaeis
2076 738 2316 819 ‘potest
2356 737 2473 798 iam
2513 735 2700 798 videri
2739 745 3068 818 propterea

712 838 998 914 ‘reiecta,
1060 838 1216 901 sicut
1269 847 1328 901 et
1380 846 1577 901 cetera
1631 841 1756 901 fere
1798 859 1949 921 qnae
1991 840 2297 902 Christum
2341 845 2578 899 sonant.
2679 837 2802 900 Nec
2856 838 3068 919 utique

712 941 930 1002 mimm
973 940 1119 1016 hoc,
1189 939 1243 1001 si
1288 939 1613 1019 scripturas
1671 941 1897 1021 aliquas
1955 955 2080 1003 non
2135 947 2482 1019 receperunt
2536 938 2612 1000 de
2662 938 2773 1000 'eo
2828 938 3066 1001 locutas

714 1061 892 1123 quem
937 1049 998 1103 et
1040 1041 1238 1123 ipsum
1272 1060 1471 1104 coram
1515 1041 1857 1123 loquentem
1902 1061 2023 1105 non
2069 1049 2239 1104 erant
2278 1040 2591 1121 recepturi.
2662 1039 2750 1101 Eo
2780 1035 3067 1116 ‘accedia

713 1143 875 1224 quod
915 1143 1121 1206 Enoch
1164 1142 1319 1223 apud
1362 1142 1566 1205 ludam
1609 1144 1946 1223 apostolum
1992 1143 2392 1206 testimonium
2434 1139 2765 1222 possidet¹¹.

880 1244 1053 1307 Nulla
1095 1262 1253 1305 nunc
1295 1244 1599 1308 ¹muliebri
1643 1263 1896 1326 pompae
1939 1253 2080 1308 nota
2121 1244 2350 1306 'inusta
2400 1244 2480 1304 sit
2519 1243 3068 1322 praedamnationis

715 1346 790 1410 de
832 1345 992 1409 exitu
1034 1353 1363 1408 auctorum.
1423 1345 1577 1408 Nihil
1623 1348 1847 1427 angelis
1883 1346 2392 1426 illis·³imputetur
2433 1344 2704 1425 “praeter
2743 1346 3068 1426 repudium

712 1447 860 1511 caeli
903 1455 963 1510 et
1005 1447 1447 1510 matrimonium
1492 1449 1716 1511 carnis:
1760 1466 1964 1511 rerum
1998 1447 2264 1528 ipsarum
2292 1445 2604 1525 qualitates
2634 1446 3068 1518 examinemus,

714 1558 781 1611 ut
821 1547 1067 1612 consilia
1109 1567 1342 1629 quoque
1387 1550 1900 1630 concupiscentiae
1944 1567 2147 1611 earum
2189 1546 2722 1628 deprehendamus.
2807 1548 3067 1613 Habitus

714 1650 969 1712 feminae
1013 1650 1306 1731 duplicem
1347 1652 1608 1730 speciem
1651 1653 2015 1724 circumfert,
2063 1650 2280 1712 cultum
2323 1658 2387 1711 et
2427 1657 2756 1711 ornatum·.
2824 1650 3066 1712 Cultum

716 1751 963 1813 dicimus
1006 1770 1181 1831 quem
1224 1753 1509 1815 mundum
1540 1754 1920 1816 ³muliebrem
1949 1764 2190 1823 vocant,
2238 1758 2541 1823 ornatum,
2587 1769 2766 1830 quem
2793 1750 3069 1813 immun-

715 1853 858 1915 dum
898 1852 1285 1913 muliebrem*
1330 1855 1606 1916 convenit
1645 1855 1781 1917 dici.
1871 1853 1974 1916 Ille
2018 1852 2079 1913 in
2123 1870 2268 1914 auro
2313 1859 2375 1912 et
2415 1860 2659 1931 argento
2704 1859 2766 1912 et
2805 1853 3062 1931 gemmis

716 1958 776 2014 et
816 1952 1080 2015 vestibus
1126 1953 1468 2034 deputatur,
1513 1955 1627 2016 iste
1672 1955 1733 2016 in
1777 1974 1917 2017 cura
1959 1954 2152 2035 capilli
2197 1962 2258 2014 et
2283 1953 2437 2014 cutis
2481 1964 2540 2014 et
2569 1971 2770 2016 earum
2799 1954 3062 2033 partium

716 2053 988 2132 corporis
1034 2072 1186 2133 quae
1229 2055 1436 2117 oculos
1481 2055 1739 2118 trahunt.
1805 2056 1988 2117 Alteri
2030 2054 2368 2117 ambitionis
2410 2054 2632 2115 crimen
2673 2053 3062 2125 intendimus.

715 2152 882 2216 alteri
925 2155 1398 2234 prostitutionis:
1457 2164 1524 2220 ut
1565 2157 1681 2219 iam
1724 2157 1866 2219 hinc
1906 2155 2270 2237 prospicias,
2337 2155 2431 2217 dei
2488 2154 2721 2229 ancilla,
2791 2156 2938 2235 quid
2989 2174 3067 2218 ex

712 2253 808 2316 his
850 2254 1195 2336 disciplinae
1236 2265 1373 2319 tuae
1418 2258 1757 2331 conveniat,
1803 2276 1953 2339 quae
1996 2258 2071 2319 de
2115 2257 2366 2319 diversis
2412 2256 2696 2319 institutis
2725 2257 3064 2332 censearis,

715 2355 941 2418 scilicet
982 2357 1330 2420 humilitatis
1374 2366 1435 2420 et
1476 2359 1783 2422 castitatis.

881 2460 1107 2521 Aurum
1161 2467 1221 2521 et
1274 2469 1577 2540 argentum
1634 2462 1935 2541 principes
1996 2460 2278 2523 materiae
2332 2458 2524 2521 cultus
2580 2459 2905 2521 saecularis
2971 2460 3066 2522 'id

716 2557 837 2621 sint
878 2577 1127 2621 necesse
1173 2568 1268 2623 est
1307 2562 1465 2624 unde
1508 2570 1679 2637 sunt,
1746 2573 1906 2625 terra
1960 2562 2212 2637 scilicet,
2270 2561 2440 2642 plane
2484 2560 2837 2640 gloriosior,
2900 2579 3066 2640 quo·

714 2661 871 2721 niam
916 2661 979 2722 in
1020 2662 1469 2725 maledictorum
1514 2664 1882 2725 metallorum
1923 2663 2234 2727 'feralibus
2282 2662 2531 2725 officinis
2581 2662 2816 2742 poenali
2875 2681 3067 2742 oper-a

715 2760 1085 2842 'deplorata‘¹
1128 2782 1349 2825 nomen
1395 2772 1587 2826 terrae
1629 2765 1693 2826 in
1733 2764 1852 2844 igni
1895 2765 2161 2845 reliquit,
2208 2772 2383 2844 atque
2426 2764 2635 2826 exinde
2677 2764 2752 2825 de
2781 2772 3064 2828 tormen·

713 2914 763 2964 5.
798 2923 959 2980 potest
996 2916 1087 2965 iam
1126 2918 1191 2979 d„
1212 2915 1340 2968 Fata.
1359 2919 1569 2969 Ursinus.
1639 2925 1800 2984 potest
1825 2919 2128 2970 etB.m.sec.
2196 2926 2365 2983 postu
2403 2920 2494 2968 iam
2529 2918 2718 2984 reliqui.
2786 2917 2839 2967 6.
2877 2919 3064 2969 reiecta

713 2984 777 3045 4.,
813 2984 945 3034 Fulv.
976 2985 1183 3035 Ursinus.
1256 2986 1495 3036 reiectam.
1532 2988 1716 3052 reliqui.
1820 2987 1864 3035 7.
1905 2988 1996 3037 deo
2034 2988 2117 3037 Da.
2222 2986 2270 3036 8.
2307 2987 2492 3049 accepit
2529 2986 2613 3036 Bc.
2684 2987 2862 3036 accidit
2895 2987 2958 3036 D.

848 3051 963 3115 Cap.
1002 3052 1073 3101 lv,
1151 3052 1193 3102 l.
1233 3053 1483 3103 muliebris
1519 3055 1643 3104 BCD.
1732 3052 1779 3104 2.
1814 3055 1988 3105 iniusta
2025 3054 2111 3105 BC.
2208 3054 2255 3104 3.
2296 3056 2556 3119 imputatur
2588 3053 2677 3107 BG.
2766 3053 2818 3103 4.
2855 3064 3062 3119 propter

712 3119 779 3179 d„
818 3119 946 3170 Fulv.
983 3120 1191 3171 Ursinus.
1296 3121 1343 3171 5.
1384 3122 1610 3171 mulieres
1645 3122 1733 3172 BG.
2151 3176 2162 3181 ,

849 3188 965 3251 Cap.
1003 3187 1051 3237 V.
1151 3188 1195 3239 l.
1231 3189 1277 3239 id
1313 3191 1412 3239 sint
1457 3190 1684 3240 Latinius.
1717 3191 1797 3241 Fr.
1821 3191 1995 3241 Iunius.
2079 3190 2232 3240 assint
2262 3190 2446 3255 reliqui.

714 3250 763 3305 3.
797 3253 1028 3319 depurata
1066 3256 1142 3305 Fr.
1160 3256 1338 3308 Iunius.

780 3386 825 3435 d.
864 3387 992 3451 quod
1032 3387 1193 3439 Enoch
1243 3392 1369 3455 apud
1409 3392 1572 3441 ludam
1627 3399 1826 3456 aposto·

713 3452 812 3503 lum
840 3456 1165 3505 testimoninm
1192 3455 1446 3523 possidet]
1486 3460 1682 3510 Paulum
1706 3476 1830 3525 quo·

710 3535 807 3584 qne
842 3535 899 3569 ex
934 3525 1222 3586 apocryphis
1257 3528 1491 3589 quaedam
1528 3529 1702 3577 citasse
1741 3528 1830 3577 ob·

712 3596 871 3638 servat
908 3588 1223 3653 Hieronymus
1275 3595 1320 3642 in
1360 3593 1506 3657 Epist.
1557 3596 1614 3645 ad
1655 3597 1829 3661 Ephes.

714 3670 818 3719 cap.
846 3655 892 3705 5.
964 3656 1074 3721 lpse
1123 3668 1280 3710 antem
1328 3669 1374 3710 et
1412 3676 1465 3711 ex
1504 3661 1627 3712 libro
1665 3664 1829 3714 Enoch

712 3724 961 3773 historiam
1002 3726 1186 3787 profert
1221 3731 1502 3791 angelorum
1529 3731 1829 3781 descenden-

711 3793 829 3841 tium
869 3793 916 3841 in
955 3804 1162 3844 montem
1203 3796 1411 3846 Hermon
1460 3798 1517 3847 ad
1568 3799 1692 3847 illias
1742 3802 1831 3847 lio—

714 3860 893 3909 minum
942 3861 1209 3914 Commeat.
1261 3865 1306 3914 in
1357 3866 1530 3915 Psalm.
1581 3867 1831 3927 exunt„

714 3941 808 3977 non
846 3928 891 3977 in
925 3932 1272 3989 anctoritatem,
1311 3933 1479 3996 inquit,
1517 3934 1600 3983 sed
1625 3937 1670 3984 in
1696 3949 1830 3984 com·

713 3996 1109 4059 memorationem
1183 4000 1237 4049 Et
1273 3999 1319 4049 in
1359 4002 1505 4065 Epist.
1544 4003 1601 4050 ad
1638 4003 1828 4053 Laetam

713 4063 773 4112 de
794 4065 1088 4115 institutione
1112 4066 1238 4116 tiliae
1266 4071 1537 4133 apocrypha
1567 4070 1656 4131 legi
1686 4085 1830 4132 posse

714 4131 796 4185 ait.
836 4145 929 4180 non
967 4135 1025 4182 ad
1065 4135 1336 4197 dogmatum
1360 4137 1620 4189 veritatem.
1657 4139 1741 4186 sed
1769 4138 1827 4188 ad

713 4197 960 4259 signorum
1011 4207 1322 4254 reverentiam
1424 4203 1554 4253 lde-m
1594 4205 1639 4255 in
1679 4205 1827 4268 Epist.

714 4265 773 4314 ad
827 4265 980 4315 Titum
1032 4271 1222 4332 cap.1:
1277 4273 1403 4332 ..Qui
1459 4282 1623 4336 putant
1678 4283 1827 4323 totum

714 4331 888 4383 librum
926 4336 1102 4385 debere
1137 4341 1272 4404 sequi
1310 4354 1418 4389 eum
1446 4343 1525 4404 qai
1560 4341 1666 4390 libri
1694 4354 1830 4405 parte

712 4415 830 4450 nens
866 4404 946 4462 sit,
982 4404 1196 4455 videntur
1245 4408 1357 4456 mibi
1406 4418 1454 4459 et
1500 4413 1828 4474 apocryphum

713 4467 896 4527 Enoch,
934 4469 992 4520 de
1029 4488 1123 4536 quo
1159 4475 1411 4536 apostolus
1450 4476 1589 4527 ludas
1640 4479 1686 4528 in
1723 4479 1829 4542 epi-

708 4537 837 4586 stola
874 4554 960 4587 sua
998 4542 1323 4591 testimoninm
1362 4546 1538 4607 posuit,
1578 4546 1701 4595 inter
1739 4547 1828 4596 Ec-

712 4603 888 4654 clesiae
922 4608 1187 4673 scripturas
1214 4610 1449 4675 recipere,
1485 4621 1533 4662 et
1561 4614 1708 4664 multa
1733 4614 1828 4664 alia

744 4734 763 4769 Ι

2552 3187 2600 3238 2.
2640 3189 2892 3240 ferialibus
2927 3190 3061 3240 BGD.

1932 3406 2055 3456 qnae
2091 3391 2342 3456 apostolus
2373 3390 2548 3441 Paulus
2584 3391 2646 3442 de
2680 3392 2941 3443 reconditis
2981 3401 3061 3442 est

1933 3460 2175 3509 locutus.‘·
2213 3460 2425 3522 (Rigalt)

2000 3528 2114 3592 Cap.
2154 3528 2225 3576 tv,
2287 3544 2326 3576 a.
2366 3527 2543 3577 cultum
2581 3534 2629 3576 et
2663 3522 2911 3595 ornatum]
2953 3528 3058 3578 Βι-

1933 3596 2064 3645 iusce
2100 3596 2421 3646 distinctionis
2468 3594 2654 3644 ratione
2703 3596 2895 3645 dnobus
2949 3596 3057 3645 istis

1933 3663 2111 3713 libellis
2159 3664 2254 3712 duo
2303 3664 2425 3713 tituli
2462 3662 2788 3721 convenirent,
2839 3664 2954 3713 baie
2991 3664 3056 3713 De

1932 3732 2074 3781 Cultu
2114 3731 2432 3787 Feminauum,
2469 3744 2643 3794 nempe
2673 3746 2811 3790 auro,
2849 3733 3056 3793 gemnis

1932 3807 1977 3848 et
2014 3800 2241 3857 vestibus,
2295 3801 2512 3863 sequenti
2568 3799 2635 3848 De
2670 3799 2855 3849 Ornata
2893 3800 3054 3849 Feni-

1934 3881 2119 3926 narum,
2155 3882 2269 3917 cura
2308 3868 2522 3917 videlicet
2545 3867 2921 3931 capillietcntis
2943 3874 3056 3919 cett.

1929 3935 2144 3997 (Rigalt.)

2001 4004 2046 4052 b.
2084 4003 2381 4053 immundum
2419 3997 2729 4066 muliebrem]
2767 4003 3054 4052 Clenna-

1930 4072 2096 4120 xandr.
2136 4071 2334 4132 l’aeclag.
2375 4070 2456 4127 ΙΙΙ,
2482 4071 2570 4119 ll:
2605 4066 2865 4137 ,μύομεν
2893 4062 3052 4119 ὅπου·

1928 4151 2058 4204 μον,
2095 4132 2187 4185 καὶ
2210 4128 2561 4205 ἀνελεύθερον
2591 4133 2683 4186 καὶ
2708 4132 3050 4206 ἑταιρικῶν*

1931 4209 2098 4256 senec.
2122 4208 2423 4257 controvers.
2450 4207 2498 4255 1:
2533 4208 2966 4267 „immundissimis
2997 4221 3046 4255 ss

1929 4275 2150 4323 excolere
2188 4276 2430 4324 munditiis
2458 4284 2734 4327 nostrorum
2759 4276 3040 4326 adulescen-

1923 4343 2045 4392 tium
2080 4345 2326 4406 specimen
2362 4342 2489 4392 θεν·

2000 4411 2114 4474 Cap.
2154 4410 2201 4458 V.
2273 4427 2316 4461 a.
2353 4410 2547 4474 poenali
2583 4426 2732 4475 opera
2769 4405 3037 4476 deptonu]

1929 4478 2270 4528 Damnatomm
2309 4479 2518 4529 lacrimis
2565 4489 2615 4529 et
2650 4479 2843 4539 ploratu
2881 4482 3037 4541 dpu-

1926 4547 2139 4609 (Rigalt.)
2209 4547 2280 4597 (ΣΙ.
2317 4548 2538 4611 cyprian.
2575 4547 2723 4612 Epist.
2764 4548 2914 4609 XXV„
2967 4544 3042 4596 ιΕ

1927 4614 2267 4666 describuntur
2299 4616 2607 4666 metallorum
2641 4615 2884 4666 miseriae.
