3263 5311
535 350 542 361 '
579 370 706 437 220

579 538 778 601 dimus
819 537 1120 599 Romanos
1161 554 1275 599 nec
1315 533 1565 598 Romani
1608 534 1900 599 habemur
1940 535 2098 617 ⁸‘qui
2138 554 2263 599 non
2304 535 2710 601 Romanorum
2752 537 2935 602 deum

578 639 852 702 colimus.
935 639 1098 701 Bene
1140 638 1333 718 quod·
1378 638 1645 719 omnium
1700 637 1849 702 deus
1905 646 2030 713 est,
2085 638 2252 701 cuius
2310 638 2560 701 velimus
2602 638 2760 702 ⁸⁸aut
2809 658 2934 703 no·

576 742 757 809 limus
804 750 1011 804 omnes
1053 757 1283 803 sumus.
1370 739 1489 803 Sed
1532 740 1687 820 apud
1728 757 1840 803 vos
1883 738 2134 819 quodvis
2178 739 2375 804 colere
2416 740 2512 801 ius
2556 747 2653 803 est
2692 739 2933 822 “prae-

521 884 532 925 ,
577 849 675 906 ter
728 844 902 906 deum
958 860 1196 916 verum,
1261 841 1431 922 quasi
1474 826 1594 904 non
1662 841 1759 904 bic
1799 840 2043 921 “magis
2100 841 2364 905 omnium
2422 842 2503 903 sit
2557 841 2705 906 deus
2759 842 2933 905 cuim

537 950 793 1035 ¹&omnes
840 960 1066 1006 sumus.
2490 980 2521 1009 ο

293 1065 399 1120 cap.
422 1062 546 1111 m.
577 1042 612 1089 N
752 1044 942 1107 ¹Satis
997 1044 1234 1124 quidem
1288 1043 1433 1106 mihi
1489 1043 1698 1105 videor
1760 1041 2051 1124 probasse
2090 1043 2201 1105 'de
2244 1042 2392 1105 salsa
2434 1051 2496 1105 et
2536 1062 2671 1107 vera
2715 1044 2932 1107 divini-

579 1154 732 1222 tate,
809 1165 944 1209 cum
1008 1145 1409 1209 demonstravi
1471 1142 2003 1226 'quemadmodum
2067 1144 2344 1224 probatio
2412 1144 2735 1221 consistat,
2806 1164 2932 1209 non

577 1248 760 1312 modo
806 1248 1339 1328 disputationibus,
1393 1247 1545 1309 ⁴nec
1586 1245 2224 1326 argumentationibus,
2288 1246 2394 1309 sed
2439 1246 2709 1327 ipsorum
2754 1247 2933 1313 etiam

579 1350 975 1417 ‘testimoniis
1019 1367 1172 1430 quos
1217 1346 1367 1411 deos
1413 1346 1690 1422 creditis,
1753 1355 1820 1409 ut
1873 1346 2021 1409 nihil
2074 1347 2191 1415 iam
2246 1347 2320 1409 ad
2362 1347 2517 1410 hanc
2557 1366 2797 1412 causam
2851 1348 2938 1412 sit

580 1452 1037 1517 retractandum.
1146 1448 1446 1522 Quoniam
1498 1456 1698 1511 tamen
1741 1447 1993 1510 Romani
2048 1447 2307 1511 nominis
2363 1448 2643 1530 ‘proprie
2704 1450 2935 1512 mentio

582 1555 878 1629 occurrit,
950 1571 1071 1615 non
1129 1550 1395 1614 omittam
1453 1549 1972 1629 congressionem,
2046 1567 2222 1630 quam
2275 1558 2559 1630 provocat
2610 1549 2709 1612 illa
2748 1569 2934 1632 prae-

581 1656 843 1738 sumptio
889 1653 1209 1716 dicentium
1230 1652 1531 1715 Romanos
1558 1670 1673 1732 pro
1704 1650 1916 1713 merito
1946 1650 2348 1731 religiositatis
2377 1651 2933 1732 ''diligentissimae‘'

580 1758 643 1820 in
685 1765 915 1819 tantum
959 1753 1333 1816 sublimitatis
1376 1752 1628 1827 ‘elatos,
1674 1761 1741 1815 ut
1782 1751 1987 1815 orbem
2034 1752 2409 1832 occuparint,
2452 1752 2548 1815 ’et
2588 1753 2738 1816 adeo
2778 1753 2932 1815 deos

581 1877 752 1932 esse,
819 1865 887 1919 ut
923 1864 1164 1937 praeter
1207 1863 1438 1917 ceteros
1483 1855 1736 1916 floreant
1790 1853 1890 1934 qui
1946 1853 2061 1916 illis
2117 1852 2375 1916 officium
2416 1860 2655 1934 praeter
2696 1862 2932 1927 ceteros

579 1959 812 2023 faciant.
900 1958 943 1990 ¹⁰
956 1956 1190 2019 Scilicet
1227 1955 1342 2018 ista
1383 1973 1614 2018 merces
1661 1955 1746 2017 ”a
1787 1944 2072 2017 Romanis
2117 1954 2246 2018 deis
2287 1973 2398 2036 pro
2442 1955 2626 2036 gratia
2669 1972 2932 2037 expensa

1071 387 1275 437 emm-1
1319 384 1587 430 serrium
1630 385 1963 431 rmnsnrrs
2009 360 2401 431 martiuum

579 2181 662 2233 52.
699 2181 780 2246 qui
817 2194 912 2230 non
947 2177 1188 2230 ABDEFG.
1223 2177 1411 2227 Vindob.
1429 2177 1602 2241 Errare.
1674 2177 1786 2240 quia
1823 2191 1913 2227 uec
1944 2172 1990 2224 λ.
2068 2176 2179 2241 quia
2217 2190 2312 2227 non
2348 2178 2532 2242 obedes.
2555 2177 2744 2229 flavere.
2841 2176 2930 2230 53.

577 2257 659 2300 aut
706 2249 918 2298 nolimus
964 2247 1165 2310 ΒΕαάεῘ.
1203 2244 1351 2295 Oxou.
1386 2244 1450 2294 E
1425 2248 1562 2358 {nrt
1609 2244 1801 2295 Panaetii
1832 2246 1959 2295 libri.
2039 2260 2097 2296 ac
2146 2243 2358 2295 nolimus
2402 2246 2529 2296 AFG.
2565 2245 2788 2309 Bonoors.
2870 2261 2932 2299 ac

577 2318 805 2367 nolumus
839 2315 890 2365 B.
915 2314 1107 2364 vindob.
1177 2311 1388 2362 nolimus
1423 2314 1439 2371 (
1473 2314 1563 2369 loc.
1667 2311 1750 2361 54.
1786 2319 1981 2376 praeter
2013 2314 2155 2364 deum
2192 2326 2354 2363 verum
2390 2313 2698 2376 ABoktfates.
2736 2314 2929 2366 Vindob.

577 2386 783 2435 Ambros.
823 2383 971 2433 Oson-
1006 2382 1181 2445 Erfurt.
1270 2386 1462 2443 praeter
1496 2392 1660 2428 verum
1697 2378 1839 2429 deum
1877 2382 1950 2431 cd.
2043 2387 2237 2447 praeter
2271 2380 2413 2430 deum
2452 2381 2502 2431 G.
2641 2380 2725 2431 55.
2773 2383 2930 2445 magis

577 2451 792 2501 omnium
828 2450 892 2499 sit
927 2449 1046 2498 deus
1082 2447 1218 2498 cuius
1252 2448 1536 2498 ABEFche.
1570 2447 1746 2511 Erfurt.
1787 2447 1936 2500 Onon.
1981 2450 2168 2499 Vindob.
2254 2450 2404 2510 magis
2438 2449 2653 2498 omnium
2690 2450 2755 2499 sit
2789 2450 2933 2501 cuius

578 2512 643 2582 λῙ.
713 2531 915 2579 magnus
953 2517 1169 2565 omnium
1204 2515 1270 2565 sit
1304 2515 1424 2564 deus
1460 2514 1596 2564 cuius
1630 2515 1745 2566 Dob-

714 2619 830 2683 Cap.
868 2617 1016 2668 XXV.
1071 2617 1211 2682 Caput
1244 2618 1510 2682 oiqesimuin
1545 2618 1769 2682 quintam,
1808 2617 1933 2683 quod
1967 2618 2018 2667 in
2050 2617 2163 2669 Aob.
2195 2616 2385 2669 Vindob.
2421 2564 2622 2683 aliisque
2655 2624 2723 2669 est
2754 2621 2931 2683 vigesi-

578 2704 702 2740 mum
736 2694 964 2753 quartum,
1003 2687 1054 2736 in
1086 2686 1141 2735 Ε.
1178 2686 1379 2750 aliisque
1411 2686 1677 2748 eiyesimum
1713 2687 1912 2745 tertiam,
1965 2687 2017 2735 in
2049 2686 2214 2735 ABEG.
2255 2686 2403 2736 Oxou.
2446 2687 2636 2737 Vindob.
2671 2687 2845 2750 Erssrt.
2883 2695 2929 2739 et

577 2757 690 2808 aliis
723 2756 1066 2819 inscriptionem
1100 2756 1266 2805 habet:
1302 2752 1378 2801 nt:
1400 2751 1863 2804 tit-:Ltclost‘rnss
1881 2751 2287 2813 nommant,
2322 2756 2373 2803 in
2400 2756 2473 2804 ab.
2500 2753 2574 2802 ΒΕ
2594 2753 2927 2806 ammom-2

579 2821 1001 2880 Romanunm„
1051 2821 1303 2886 pleniorem
1348 2822 1400 2870 in
1443 2835 1535 2871 uno
1591 2821 1838 2871 Vaticano.-
1892 2820 2052 2878 Qvon
2108 2819 2306 2871 MAGM
2344 2817 2475 2871 thT
2513 2822 2927 2874 PRAEsvuPTto

577 2889 947 2941 nomimavit
985 2885 1364 2938 CREDENTIVM
1403 2886 1482 2936 ΟΒ
1518 2886 1887 2939 RELthONEu
1925 2887 2166 2937 DEORUM
2201 2888 2433 2939 SVORVM
2488 2889 2671 2938 uvam
2720 2889 2793 2939 st:
2828 2890 2928 2940 ΙΙ-

579 2956 795 3008 Pssntvnt
830 2956 1178 3007 OCCVPASSE.
1322 2954 1366 3005 1.
1418 2956 1544 3006 Satis
1592 2955 1786 3020 quidem
1824 2955 1940 3004 mibi
1985 2955 2149 3006 ABEG.
2184 2956 2357 3020 Erfurt.
2460 2955 2589 3006 Satis
2637 2956 2753 3023 quid
2806 2957 2928 3009 mihi

583 3026 774 3077 vindob.
843 3026 972 3076 Satis
1008 3024 1123 3074 milii
1160 3023 1355 3088 quidem
1391 3024 1607 3088 Dabedes.
1684 3023 1786 3073 γοα.
1823 3022 1986 3072 videor
2022 3024 2316 3086 Μενίππη
2352 3041 2449 3075 voc.
2486 3024 2723 3088 probasse
2758 3026 2928 3076 οηι.Β.

578 3091 627 3142 2.
664 3093 724 3142 de
758 3106 867 3142 vera
904 3100 951 3142 et
988 3091 1109 3141 falsa
1148 3092 1197 3142 G.
1274 3092 1375 3142 Vos.
1414 3105 1522 3141 cum
1558 3106 1649 3141 om.
1689 3090 1837 3141 Oxou.
1959 3089 2007 3139 3.
2045 3092 2469 3154 quemammodum
2505 3089 2604 3156 Ap.
2646 3097 2930 3145 constanter.

582 3161 685 3212 Voc-
722 3159 944 3223 probatio
980 3175 1069 3209 om.
1107 3175 1147 3209 c.
1226 3159 1312 3210 Pro
1350 3159 1581 3208 consistat
1626 3160 1676 3207 in
1709 3158 1762 3207 F.
1798 3164 1865 3207 est
1901 3164 2103 3207 constat.
2220 3158 2268 3208 4.
2306 3174 2396 3209 nec
2428 3160 2929 3222 argumentationibus

577 3244 668 3279 ost.
706 3229 756 3277 G.
828 3242 885 3276 ac
919 3225 1414 3288 argumentationibus
1449 3226 1501 3276 F.
1607 3225 1657 3275 5.
1694 3224 1981 3275 testimoniis
2028 3227 2089 3276 de
2125 3226 2354 3276 Romanis
2406 3241 2529 3292 quos
2564 3228 2685 3278 deos
2717 3222 2764 3275 λ.
2875 3223 2928 3279 6.

576 3295 780 3359 proprie
815 3293 994 3342 mentio
1044 3292 1256 3342 occurrit
1290 3290 1613 3358 (ΑφΒφΒφ
1663 3292 1874 3350 Vindob.)
1921 3295 2099 3357 obedes.
2136 3294 2325 3346 Hooero.
2428 3295 2659 3358 propriae
2703 3294 2929 3360 (proprio

573 3361 672 3478 ff
705 3360 901 3423 Errare.)
949 3360 1094 3409 menti
1143 3360 1352 3409 occurrit
1395 3362 1433 3411 Α
1456 3361 1669 3438 (testibus
1704 3360 1859 3423 steph.
1897 3360 2086 3411 Balasio
2137 3368 2180 3411 et
2214 3362 2370 3414 Desid.
2413 3362 2633 3419 Heraldo)
2656 3363 2710 3413 Ε.
2748 3363 2930 3426 ΕνῙκή.

675 3443 798 3490 yon.
883 3428 1109 3491 propriae
1145 3427 1320 3477 mentis
1355 3428 1568 3477 occurrit
1603 3429 1653 3478 G.
1744 3428 1943 3491 proprie
1980 3428 2233 3479 intercedit
2277 3429 2537 3480 auctoritas
2569 3423 2616 3477 λ.
2727 3429 2776 3479 7.
2810 3430 2929 3492 dili·

1765 3493 1811 3544 8.
1849 3493 2006 3545 elatos
2041 3504 2090 3545 et
2123 3497 2170 3546 io
2208 3495 2393 3560 positos
2428 3505 2483 3547 ut
2515 3497 2682 3547 orbem
2716 3492 2764 3545 λ.
2875 3498 2933 3550 9.-

577 3493 886 3556 geutissimae
922 3510 1011 3544 om.
1048 3495 1102 3545 Β.
1173 3494 1539 3555 diligentissime
1571 3489 1644 3546 λο.

1789 3561 1867 3611 11.
1905 3577 1931 3611 ιι
1969 3562 2194 3614 Romanis
2231 3564 2335 3614 deis
2380 3564 2493 3626 (diis
2529 3566 2583 3616 Β.
2642 3566 2703 3615 de
2739 3565 2816 3615 bis
2852 3563 2929 3626 B.)

576 3568 625 3611 et
659 3561 769 3612 ideo
805 3561 924 3612 deos
961 3569 1013 3610 ut
1045 3562 1096 3612 F.
1205 3561 1283 3611 10.
1321 3562 1372 3613 Si
1409 3564 1500 3612 ista
1535 3563 1670 3613 abed.

575 3643 665 3694 pro
701 3630 852 3693 gratia
885 3629 1109 3694 ABDEGs.
1146 3629 1368 3693 Bonqars.
1392 3630 1539 3679 Oxos.
1575 3630 1750 3693 Erfurt.
1820 3628 2047 3681 Romanis
2084 3646 2111 3681 a
2145 3631 2238 3681 diis
2274 3645 2363 3696 pro
2398 3633 2549 3696 gratia
2584 3633 2781 3684 Fobcde.
2812 3632 2927 3684 Vis-

574 3699 682 3749 dob.
750 3698 967 3748 Romano
1004 3696 1188 3747 nomini
1225 3712 1252 3746 a
1288 3696 1391 3747 deis
1428 3697 1758 3762 praerogativa
1791 3691 1836 3744 2.

572 3879 763 3916 namen.
803 3865 1234 3930 Breviloquentiam
1254 3866 1443 3916 adverte
1457 3865 1699 3930 Septimii,

573 3947 681 3982 cum
721 3934 814 3982 boc
846 3933 1008 3984 dicere
1041 3934 1179 3984 velit:
1218 3933 1515 3984 Faliscorum
1552 3933 1696 3982 deum

573 4013 683 4049 osse
731 4000 917 4050 Patrem
956 3998 1147 4062 Curim‚
1201 4008 1248 4050 et
1297 4001 1490 4077 quidem
1537 4008 1698 4049 tantae

571 4064 869 4117 auctoritatis
915 4068 1089 4128 deum,
1139 4069 1271 4118 utin
1308 4068 1412 4118 eius
1462 4069 1699 4116 honorem

570 4133 644 4183 vel
680 4133 784 4196 ipsa
821 4133 941 4183 luno
977 4149 1245 4197 cognomen
1281 4135 1450 4185 sortita
1483 4134 1564 4184 sit.
1615 4135 1699 4191 De

571 4201 757 4250 lunone
794 4200 943 4251 Curiti
979 4217 1022 4253 v.
1059 4201 1254 4254 Festum
1301 4216 1342 4252 s.
1377 4217 1418 4251 v.
1457 4200 1699 4252 caelibari

570 4267 717 4317 Basta
753 4267 917 4332 (p.62.
943 4267 1125 4330 Muell.)
1161 4283 1268 4318 cum
1304 4269 1534 4334 interprr.
1571 4268 1695 4320 Plut.

571 4335 765 4393 Quaest.
814 4336 950 4386 Rom.
987 4335 1069 4387 87.
1119 4337 1251 4387 ovid.
1301 4336 1428 4387 Fast.
1478 4336 1537 4397 ll,
1576 4335 1694 4387 560.

568 4403 700 4453 Serv.
738 4402 797 4453 ad
833 4403 967 4466 Verg.
1004 4404 1117 4454 Aen.
1155 4404 1193 4465 1,
1217 4403 1301 4455 21.
1338 4404 1488 4456 Orell.
1538 4405 1692 4456 luscr.

567 4470 608 4530 1,
593 4469 794 4589 ,42303
830 4471 1044 4536 Hartuug
1080 4472 1228 4535 Relig.
1265 4471 1353 4523 der
1387 4473 1596 4524 Roemer
1630 4472 1692 4534 ll,

1866 3879 1907 3914 s.
1891 3864 2076 3982 5,Βειιο
2110 3863 2263 3934 quod]
2302 3866 2374 3917 Cr.
2410 3866 2573 3918 adnot.
2611 3867 2672 3918 ad
2707 3867 2777 3918 De
2796 3866 2935 3920 idol.-

1867 3999 1967 4064 Cap
1973 4000 2130 4054 .ΧΧἿ.
2167 4016 2212 4051 a.
2247 4000 2577 4065 religiositatis
2602 4001 2928 4066 diligentissi-

1798 4015 1967 4146 maelp
1995 4068 2148 4120 valer.
2182 4067 2369 4120 Maxim.
2406 4068 2445 4129 1,
2480 4068 2529 4120 8.
2566 4070 2710 4132 „Non
2747 4072 2929 4122 mirum

1797 4133 1967 4197 igitur,
2013 4136 2055 4185 si
2092 4150 2181 4200 pro
2220 4152 2278 4187 eo
2316 4137 2520 4202 imperio
2567 4137 2789 4200 augendo
2839 4153 2931 4190 cu-

1797 4202 2150 4268 stodieudoque
2185 4205 2404 4269 pertinax
2437 4204 2641 4255 deorum
2666 4204 2929 4269 indulgen·

1796 4269 1860 4320 tia
1898 4284 2095 4335 semper
2129 4272 2378 4335 excubuit,
2415 4271 2543 4337 quod
2580 4280 2677 4322 tam
2713 4287 2929 4338 scrupu-

1798 4337 1903 4388 losa
1942 4353 2055 4388 cura
2093 4340 2290 4403 parvula
2327 4354 2524 4404 quoque
2559 4348 2803 4419 momenta
2840 4355 2925 4391 re-

1797 4405 1992 4468 ligionis
2012 4408 2285 4458 examinare
2309 4407 2512 4468 videtur,
2536 4408 2645 4472 quia
2676 4422 2927 4473 nunquam

1794 4480 2011 4523 remotos
2029 4474 2090 4524 ab
2119 4476 2424 4526 exactissimo
2462 4474 2593 4525 cultu
2630 4476 2926 4527 cerimonia

1792 4553 1901 4590 rum
1939 4540 2110 4590 oculos
2146 4542 2375 4594 babuisse
2413 4549 2579 4593 nostra
2617 4543 2782 4595 civitas
2818 4544 2924 4594 ul·
2958 4550 2966 4558 ‘

1791 4607 2032 4659 stimanda
2066 4609 2197 4660 est.“
