3263 5311
670 417 800 483 854
1175 428 1377 480 Qum‘rt
1423 425 1687 470 saprum
1729 423 2062 471 noma-rs
2099 425 2500 500 :raa-ruamur

671 583 931 665 mythico
972 579 1130 660 apud
1168 583 1385 659 poctas
1427 576 1665 658 plenius
1710 594 1824 640 suo
1867 577 2002 640 loco
2047 574 2541 648 examinabimus,
2595 581 2824 650 tamen,
2868 575 3034 655 quod

673 687 753 748 de
804 683 956 765 ipsis
1016 679 1257 743 interim
1311 679 1749 741 retractandum
1805 686 1902 740 est
1951 677 2150 757 ‘quod
2202 678 2278 740 ad
2329 683 2708 757 praesentem
2765 676 3033 756 speciem

671 785 841 858 facit,
890 782 1069 846 simul
1114 788 1173 842 et
1215 781 1290 842 de
1332 779 1637 860 praesenti
1680 779 1880 859 specie
1906 779 2011 841 'ad
2054 779 2226 859 ipsos
2260 783 2543 842 conversi
2563 772 2790 858 forken
2817 784 3030 839 osten-

675 886 803 950 suri
847 899 1061 946 sumus
1104 881 1252 944 deos
1310 881 1474 943 nullo
1527 880 1712 943 modo
1766 879 1954 942 videri
2008 898 2196 960 posse
2250 880 2352 960 qui
2409 879 2487 942 de
2541 878 2850 941 elementis
2906 879 3032 940 nati

673 977 983 1059 dicuntur,
1024 984 1127 1047 ’ut
1169 984 1285 1045 iam
1329 983 1469 1045 hinc
1506 982 1970 1063 praeiudicatum
2009 981 2097 1043 ‘sit
2138 980 2286 1043 deos
2330 981 2624 1043 elementa
2669 998 2791 1041 non
2830 979 3029 1052 ⁸esse,

674 1106 808 1152 cum
853 1087 954 1168 qui
998 1086 1071 1148 de
1116 1083 1432 1147 elementis
1475 1084 1599 1146 nati
1642 1082 1947 1156 dicuntur,
1995 1081 2090 1144 dei
2123 1100 2249 1144 non
2279 1091 2454 1157 sunt3
2496 1100 2683 1162 aeque
2715 1080 3028 1143 ”demon-

673 1196 930 1252 strantes
993 1186 1275 1249 elementa
1336 1186 1484 1249 deos
1549 1202 1674 1247 non
1741 1202 1880 1245 esse
1945 1182 2019 1244 ad
2073 1183 2233 1245 illam
2299 1184 2338 1216 ¹⁸
2353 1190 2704 1262 agnatorum
2767 1182 3031 1263 speciem

674 1290 1174 1370 ¹²praestruemus
1219 1298 1381 1350 recte
1422 1287 1564 1349 deos
1607 1303 1731 1347 non
1775 1285 1955 1346 esse*
2011 1284 2246 1346 defendi
2302 1291 2908 1365 quorum-parentes,
2967 1283 3032 1345 id

676 1398 768 1453 est
810 1389 1132 1461 elementa,
1179 1387 1273 1448 dei
1312 1404 1439 1448 non
1484 1395 1646 1449 sunt.
1715 1385 1997 1452 ”Scitum
2038 1386 2215 1448 deum
2260 1405 2294 1449 e
2336 1386 2470 1448 deo·
2496 1386 2692 1459 nasci,
2737 1384 3028 1465 quemad-

674 1490 921 1553 modum
959 1490 1037 1552 de
1079 1507 1203 1551 non
1248 1487 1363 1550 deo
1406 1504 1531 1549 non
1575 1488 1807 1558 deumf.
1907 1487 2095 1567 Igitur
2138 1487 2299 1566 quod
2344 1487 2630 1550 elementa
2674 1486 3032 1548 ¹‘contineat

675 1592 933 1655 mundus
976 1591 1126 1664 iste,
1171 1597 1239 1651 ut
1275 1587 1681 1650 summaliter⁴¹
1712 1595 1957 1651 tractem
1999 1588 2077 1650 de
2120 1588 2537 1661 universitate,
2581 1587 2850 1669 partibus
2896 1587 3031 1650 eius
3128 1631 3140 1644 ,

674 1692 1205 1775 praeministrans⁸
1249 1693 1411 1763 (nam
1465 1707 1616 1769 quae
1662 1689 1986 1751 ¹⁶oondicio
2043 1689 2207 1761 eius,
2281 1690 2484 1751 eadem
2539 1689 2743 1770 utique
2801 1689 2914 1750 erit
2973 1696 3034 1750 et

676 1794 1111 1858 elementorum
1152 1791 1266 1852 ¹⁶et
1306 1790 1763 1868 membrorum),
1808 1798 1911 1853 aut
1949 1790 2024 1853 ab
2068 1790 2266 1869 aliquo
2309 1790 2614 1852 institutus
2657 1791 2738 1853 sit
2775 1808 3033 1853 necesse

678 1901 804 1968 est,
848 1911 965 1972 qua
1007 1891 1272 1954 Platonis
1314 1891 1682 1966 humanitas,
1728 1899 1832 1953 aut
1871 1910 1904 1953 a
1946 1891 2144 1966 nullo,
2191 1891 2361 1970 ¹⁷qua
2397 1891 2634 1971 Epicuri
2677 1891 2922 1965 duritia3
2955 1900 3036 1953 -et

679 1995 735 2058 si
777 1994 1090 2056 institutus
1136 2001 1263 2067 est,
1308 1992 1583 2055 habendo
1625 1993 1860 2055 initium
1903 1992 2144 2055 habebit
2186 1971 2420 2054 ”etiasn
2461 1993 2657 2055 finem.
2731 1993 2820 2054 na
2865 1993 3034 2072 quod

677 2094 993 2175 aliquando
1035 2111 1159 2155 non
1202 2094 1314 2156 fuit
1354 2103 1492 2156 ante
1533 2094 1770 2157 initium
1812 2102 1874 2156 et
1913 2092 2270 2174 quandoque
2324 2112 2448 2154 non
2491 2094 2603 2155 erit
2644 2101 2787 2174 post
2825 2094 3032 2167 finem,

676 2214 801 2259 non
844 2195 1002 2275 capit
1042 2194 1247 2274 utique
1302 2195 1487 2257 videri
1541 2196 1725 2270 deus,
1794 2213 2004 2258 carens
2058 2195 2390 2257 substantia
2444 2194 2761 2257 divinitatis
2815 2194 2879 2255 id
2935 2203 3036 2256 est

678 2296 1054 2368 aeternitate,
1123 2314 1274 2377 quae
1330 2296 1461 2357 sine
1515 2296 1685 2358 initio
1743 2305 1804 2357 et
1857 2297 1978 2358 fine
2019 2303 2317 2357 censetur.
2425 2294 2490 2355 Si
2533 2312 2673 2357 vero
2717 2295 3030 2358 institutus

679 2398 923 2458 omnino
968 2413 1090 2458 non
1135 2404 1233 2458 est
1269 2415 1340 2459 ac
1378 2406 1698 2477 propterea
1737 2398 1888 2460 deus
1932 2396 2271 2472 habendus,
2335 2397 2496 2476 quod
2538 2404 2604 2458 ut
2646 2397 2793 2458 deus
2835 2416 3033 2477 neque

674 2497 910 2560 initium
952 2516 1147 2577 neque
1191 2498 1392 2560 finem.
1428 2499 1522 2561 sui
1574 2499 1828 2579 patitur,
1882 2498 2185 2578 quomodo
2244 2498 2486 2578 quidam
2540 2497 2848 2577 assignant
2901 2499 3031 2561 ele-

676 2598 928 2674 mentiS,
975 2618 1127 2680 quae
1168 2599 1319 2662 deos
1362 2600 1599 2675 volunt,
1673 2600 2145 2679 generationem,
2191 2619 2325 2662 cum
2370 2600 2554 2663 Stoici
2596 2606 2815 2679 negent
2858 2598 3031 2680 quic—

679 2719 855 2782 quam
894 2700 1068 2764 ”deo
1116 2699 1326 2762 nasci?
1398 2702 1547 2763 Item
1591 2702 1893 2780 quomodo
1936 2701 2144 2763 volunt
2186 2720 2341 2782 quos
2384 2702 2459 2763 de
2503 2700 2810 2763 elementis
2856 2708 3032 2764 natos

675 2804 877 2865 ferunt
903 2801 1109 2864 ”deos
1151 2801 1389 2877 haberi,
1437 2820 1570 2864 cum
1614 2802 1793 2865 deum
1838 2810 2059 2882 negent
2098 2800 2311 2863 nasci?
2374 2803 2579 2882 Itaque
2621 2802 2780 2882 quod
2821 2801 3032 2864 mundi

677 2904 822 2979 erit,
868 2903 984 2964 hoc
1027 2892 1335 2966 elementis
1379 2903 1840 2979 ”adscribetun
1900 2903 2062 2964 caelo
2105 2903 2239 2964 dico
2286 2910 2345 2965 et
2389 2910 2582 2964 terrae
2627 2910 2686 2964 et
2729 2901 3034 2965 sideribus

676 3056 725 3107 6.
764 3048 893 3121 q'uod
930 3055 988 3105 ad
1026 3064 1332 3121 praesentem
1369 3059 1444 3107 ab.
1516 3056 1976 3121 quod....aesentem
1999 3055 2103 3118 Ati.
2175 3055 2305 3121 quod
2343 3053 2401 3105 ad
2418 3064 2638 3106 ..sentem
2659 3052 2778 3121 Acp.
2884 3056 2936 3106 7.
2974 3056 3037 3107 ad

677 3125 815 3189 ipsos
851 3124 1068 3174 conversi
1106 3124 1271 3174 forsan
1308 3140 1406 3188 eqo.
1495 3126 1555 3175 ad
1588 3126 1724 3189 ipsos
1751 3139 1971 3175 ...........an
2008 3123 2130 3187 Αφ.
2214 3123 2272 3173 ad
2310 3123 2445 3187 ipsos
2473 3161 2538 3171 .....
2553 3139 2612 3173 an
2648 3125 2722 3174 ab.
2794 3124 2854 3174 ad
2893 3122 3034 3187 ipsos

678 3191 925 3254 arguendo
963 3192 1057 3241 iam
1092 3207 1145 3255 γ.
1249 3190 1298 3241 8.
1336 3200 1385 3241 ut
1421 3193 1517 3243 iam
1554 3195 1627 3243 ab.
1698 3194 1794 3242 iam
1829 3193 1881 3242 A.
1984 3190 2033 3242 9.
2071 3206 2180 3241 esse
2217 3205 2325 3243 cum
2364 3191 2444 3255 qui
2480 3190 2541 3241 de
2575 3194 2650 3241 ab.
2733 3206 2843 3240 esse
2869 3229 2953 3241 ......
2972 3193 3034 3243 de

677 3259 800 3323 Αφ.
837 3265 880 3307 et
913 3258 1019 3319 Αβ.
1128 3258 1207 3307 10.
1245 3259 1634 3310 demonstrantes
1670 3261 1906 3310 elementa
1941 3260 2024 3320 A„
2088 3266 2202 3310 leste
2240 3260 2515 3323 Gotholredo
2551 3260 2600 3308 in
2637 3260 2852 3309 secundis
2887 3263 3036 3311 curii.

679 3324 1058 3375 demonstrando
1107 3333 1212 3375 orta
1258 3328 1331 3375 ob.
1425 3327 1737 3377 demonstran
1756 3365 1822 3377 .....
1825 3335 1926 3377 ...ta
1963 3327 2013 3377 A.
2158 3326 2233 3376 11.
2290 3335 2572 3388 agnatorum
2624 3328 2666 3375 b.
2706 3328 3035 3391 Gomon-edus.

678 3399 1015 3453 magnatorum
1049 3392 1130 3442 Aa.
1256 3390 1332 3443 12.
1369 3402 1735 3459 praestruemus
1770 3402 1899 3446 recte
1936 3394 2054 3444 deos
2091 3409 2187 3444 non
2225 3409 2333 3444 esse
2367 3408 2420 3459 y.
2503 3401 2863 3458 praestruemus
2900 3404 3038 3446 reete

679 3472 779 3508 non
814 3472 924 3507 esse
960 3461 1001 3508 b.
1073 3466 1326 3523 praestrue
1342 3497 1449 3509 ........
1475 3476 1572 3511 uon
1611 3477 1721 3512 esse
1743 3463 1833 3527 Aq
1847 3479 1890 3513 a.
1960 3470 2213 3526 praestrue
2230 3499 2364 3511 .........
2381 3477 2443 3511 on
2482 3476 2590 3511 esse
2607 3460 2712 3523 Ap.
2804 3462 2882 3512 13.
2922 3463 3035 3513 Sci-

679 3531 780 3573 tum
816 3526 1091 3577 vocabulum
1127 3529 1433 3591 Gothosredus
1469 3537 1511 3579 et
1546 3530 1893 3580 Hildebrandus
1928 3532 1978 3579 in
2012 3531 2065 3581 A.
2101 3532 2193 3580 sibi
2226 3532 2316 3579 viai
2352 3537 2458 3580 sunt
2494 3531 2642 3580 oculis
2679 3533 2871 3582 misse.
2930 3532 3038 3582 Non

678 3592 977 3656 deprehendit
1010 3592 1248 3644 Baluzius.
1355 3594 1435 3645 14.
1475 3598 1688 3646 continet
1724 3599 2043 3661 Gothosredus.
2152 3597 2230 3646 15.
2270 3598 2489 3648 condicio
2523 3601 2574 3647 Α.
2671 3596 2749 3649 16.
2787 3606 2840 3649 ut
2874 3612 3036 3649 mem·

677 3660 879 3709 brorum
917 3661 1240 3725 Gothofredus.
1368 3662 1441 3711 17.
1480 3677 1574 3727 qua
1610 3663 1734 3725 (Αβ.
1774 3672 1815 3714 et
1849 3665 2038 3729 Λφ.)ὁ.
2131 3680 2252 3729 quae
2289 3681 2332 3715 a.
2453 3663 2530 3715 18.
2568 3666 2709 3715 etiam
2748 3666 2890 3715 linem
2930 3680 3034 3730 eqo.

678 3735 727 3778 et
760 3728 904 3777 flnem
942 3728 985 3778 b.
1056 3736 1103 3778 et
1138 3729 1333 3778 inflnem
1354 3730 1436 3782 Aa.
1545 3730 1622 3781 19.
1661 3732 1752 3785 deo
1782 3733 1913 3782 nasci
1951 3735 2032 3797 by.
2104 3732 2425 3783 d..nasciAa.
2514 3732 2595 3783 20.
2632 3734 2750 3783 deos
2768 3734 3034 3787 haberieb.

678 3795 954 3847 deos..beri
990 3796 1096 3859 Αβ.
1135 3802 1177 3847 et
1210 3796 1330 3863 A‹p.
1435 3795 1518 3849 21.
1555 3798 1857 3850 adscribetur
1891 3801 1969 3850 ab.
2038 3799 2098 3849 ad
2115 3837 2165 3850 ....
2184 3806 2289 3851 etur
2323 3802 2429 3864 Λβ.
2459 3808 2502 3851 et
2524 3802 2641 3866 Αφ.

744 3897 790 3946 b.
829 3912 926 3948 non
963 3894 1095 3962 esse]
1169 3898 1215 3947 b.
1257 3913 1299 3948 e.
1336 3913 1432 3949 non
1483 3901 1657 3961 licere,
1706 3915 1803 3951 non
1906 3900 1956 3951 iu
1993 3902 2088 3952 isto
2124 3909 2284 3951 autem
2321 3901 2625 3964 intellegatur
2660 3910 2709 3952 et
2739 3903 2871 3966 qaod
2909 3917 3033 3954 con·

677 3978 843 4028 posse.
877 3964 1079 4029 Apolog.
1118 3981 1224 4030 cap.
1247 3966 1275 4014 7
1317 3975 1363 4016 et
1398 3966 1466 4017 De
1493 3968 1690 4018 Testim.
1717 3974 1804 4019 An.
1905 3969 2103 4029 tiaetur,
2140 3984 2232 4033 qua
2271 3969 2597 4034 portionale-‘⁸
2668 3969 2784 4020 'l'ale
2826 3979 2875 4020 et
2909 3969 3038 4050 illud

679 4046 784 4095 cap.
809 4030 856 4079 5.
896 4041 1001 4092 „est
1036 4032 1342 4083 aestimare.“
1374 4034 1442 4085 De
1466 4036 1660 4086 Corona
1697 4051 1804 4099 cap.
1907 4036 2035 4098 apud
2096 4046 2317 4088 nostrum
2379 4050 2476 4089 nou
2526 4037 2680 4087 semel
2745 4040 3034 4090 amau-r.

679 4096 710 4147 8
743 4102 1051 4161 „recognosci
1085 4100 1213 4149 eat.“
1249 4101 1367 4151 lbid.
1406 4117 1509 4168 cap.
1531 4103 1592 4152 10
1630 4104 1804 4163 „llori-
1905 4104 2170 4166 (Gothol'r.)

676 4165 768 4214 bns
803 4167 902 4228 frui
955 4166 1076 4215 est.“
1145 4168 1322 4218 Arnob.
1360 4168 1471 4219 Λᾶν.
1509 4170 1633 4220 Natt.
1671 4171 1734 4230 V,
1776 4171 1800 4221 1
1976 4189 2020 4222 e.
2043 4166 2464 4236 praeministrans]
2493 4171 2587 4221 Pro
2606 4179 2713 4223 onte
2728 4175 3036 4225 mm:

678 4232 1002 4296 „quibusnam
1034 4233 1190 4284 modis
1225 4236 1684 4306 essertintractabilis
1719 4237 1802 4288 illa
1904 4239 1974 4290 Ad
1997 4240 2141 4290 Uxor.
2165 4240 2201 4299 l,
2224 4239 2256 4289 2
2292 4240 2478 4301 „Igitur
2515 4254 2604 4303 per
2639 4241 2880 4291 licentiam
2919 4250 3035 4293 tunc

676 4300 843 4349 feritas
880 4302 1197 4352 edominari.“
1901 4309 2143 4371 passivam
2180 4308 2410 4357 materiae
2428 4308 2825 4372 subsequentium
2863 4322 3034 4360 emen·

742 4380 786 4414 c.
823 4366 884 4417 de
921 4382 1017 4417 non
1056 4368 1146 4419 deo
1185 4384 1280 4420 non
1318 4366 1503 4437 deum]
1541 4371 1615 4422 Cl.
1636 4371 1799 4423 adnot.
1903 4375 2153 4425 dationum
2184 4375 2743 4441 praeministrabonuerf‘
2790 4378 3034 4441 simpliei-

679 4432 737 4485 ad
770 4434 972 4499 Apoleg.
1013 4451 1115 4501 cap.
1134 4436 1181 4487 2.
1900 4450 1978 4493 ter
2014 4459 2102 4508 pro
2140 4443 2495 4503 „ministerium
2534 4444 2813 4493 exhibere-‘⁸
2851 4444 2924 4495 De
2941 4444 3036 4494 sn-

744 4501 791 4551 d.
827 4501 1153 4569 summaliter]
1189 4505 1298 4554 Adv.
1336 4505 1562 4571 Hermog.
1590 4507 1796 4573 cap.81.
1900 4512 2081 4575 ptismo
2129 4526 2234 4574 cap.
2277 4511 2333 4560 11
2385 4525 2618 4576 „semper
2666 4511 2708 4560 is
2743 4511 2923 4563 dicitur
2958 4513 3036 4563 l'a·

674 4568 770 4629 „Et
816 4570 877 4619 ita
929 4586 1100 4622 novam
1151 4586 1247 4621 non
1295 4579 1397 4634 est,
1452 4582 1504 4625 ut
1549 4576 1599 4625 id
1635 4577 1798 4626 solum
1902 4592 2033 4641 cere,
2069 4579 2145 4629 cui
2178 4577 2646 4643 praenimistmtur.“
2677 4578 2946 4642 (Gomon.)

675 4637 804 4698 quod
841 4638 1055 4689 eontinet
1089 4641 1381 4702 nominetur,
1420 4654 1513 4706 qua
1549 4646 1791 4707 annale,
