3263 5311
496 410 501 415 .
617 447 675 490 Π
1607 447 1932 492 PRAEFATIO
1942 473 1955 490 .

615 596 875 676 periisse
919 614 1131 658 omnes
1177 594 1248 659 eo
1293 596 1614 660 dolendum
1658 597 1880 676 magis,
1938 598 2095 677 quod
2153 599 2216 660 in
2271 598 2365 661 his
2407 619 2643 681 quoque
2689 603 2958 664 nonnulli

616 697 740 759 sint
782 697 883 776 qui
928 699 1253 761 etiamnum
1297 717 1330 760 e
1374 698 1722 762 Tertulliani
1762 698 1934 760 libris
1992 699 2438 771 desiderantur,
2496 710 2638 781 puta
2681 701 2833 765 liber
2873 703 2959 765 De

618 798 738 878 Spe
780 797 1104 874 Fidelium,
1171 799 1338 860 cuius
1380 798 1643 880 alioquin
1686 817 1811 860 non
1853 799 2254 880 Hieronymus
2314 811 2570 873 tantum,
2627 807 2844 865 'verum
2902 812 2966 865 et

613 898 749 980 ipse
793 899 1192 962 Tertullianus
1234 900 1523 962 meminit.
1595 900 1982 962 Desidet-atur
2026 908 2084 963 et
2124 901 2275 963 liber
2317 902 2403 964 De
2431 903 2744 978 Paradiso,
2790 905 2959 966 cuius
3001 984 3010 989 η

572 996 840 1079 'pariter
883 1009 944 1063 et
986 1001 1115 1081 ipse
1157 1000 1440 1062 indicium
1483 1000 1697 1063 alicubi
1742 1003 1896 1063 facit.
1970 1001 2285 1063 Postremo
2317 1002 2693 1066 desideratur
2723 1014 2782 1066 et
2806 1006 2961 1083 liber

613 1100 701 1162 De
742 1100 986 1163 Animae
1031 1101 1498 1176 Summissione,
1563 1102 1708 1164 item
1760 1101 1847 1164 De
1892 1102 2327 1182 Superstitione
2371 1103 2636 1179 Saeculi,
2704 1124 2962 1185 quorum

612 1200 823 1276 nulla,
852 1202 1009 1282 quod
1056 1203 1267 1277 sciam,
1325 1202 1464 1265 alibi
1507 1202 1753 1265 mentio.
1862 1203 1948 1264 Ex
1993 1222 2110 1283 quo
2155 1205 2616 1284 praeiudicatum
2662 1224 2802 1269 esse
2843 1226 2960 1288 po-

612 1310 735 1364 test
777 1302 996 1365 multos
1040 1302 1360 1365 etiamnum
1406 1303 1752 1366 Tertulliani
1793 1303 1979 1366 libros
2024 1304 2380 1380 desiderari,
2445 1307 2663 1369 mirum
2718 1318 2788 1370 ut
2842 1309 2962 1370 iam

606 1403 798 1489 yideri
860 1394 1056 1466 minus
1110 1403 1323 1466 debeat
1377 1413 1437 1466 et
1489 1404 1605 1466 hos
1651 1406 1748 1477 ,Ad
1791 1406 2075 1468 Nationes
2131 1405 2397 1481 libellos,
2461 1406 2615 1469 hanc
2670 1408 2741 1470 ad
2798 1409 2960 1487 diem

611 1495 1020 1579 ἀνεκδότους,
1068 1523 1100 1566 a
1144 1523 1240 1567 me
1282 1523 1441 1567 nunc
1482 1506 1735 1568 demum»
1765 1506 2087 1587 publicari,
2132 1526 2201 1568 ac
2243 1507 2526 1581 maxime,
2572 1527 2707 1570 cum
2735 1509 2954 1572 Hiero-

609 1624 822 1686 nymus
868 1623 978 1667 sua
1019 1605 1139 1667 iam
1180 1614 1534 1685 tempestate
1578 1607 1663 1683 (id
1709 1616 1802 1668 est
1844 1608 2031 1687 quinti
2069 1626 2100 1668 a
2125 1607 2364 1669 Christo
2398 1609 2620 1671 saeculi
2648 1611 2955 1690 ingressu)

608 1705 792 1767 multa
817 1705 1159 1768 Tertulliani
1207 1708 1490 1787 opuscula
1534 1726 1658 1770 non
1702 1716 1902 1771 extare
1945 1709 2285 1788 scripserit,
2331 1709 2439 1771 sed
2485 1719 2545 1772 et
2574 1710 2838 1791 Epistola
2882 1711 2956 1773 ad

607 1790 907 1868 Fabiolam
950 1805 1165 1870 librum
1210 1807 1293 1870 De
1336 1808 1612 1871 Vestibus
1656 1807 1886 1883 Aaron,
1945 1808 2046 1890 qui
2092 1817 2151 1871 et
2193 1810 2326 1890 ipse
2365 1811 2430 1872 in
2476 1806 2672 1873 indice
2713 1808 2958 1874 Tertul-

605 1908 750 1970 liani
792 1908 1122 1983 ferebatur,
1168 1927 1361 1988 usque
1404 1917 1529 1970 tum
1573 1927 1605 1971 a
1652 1928 1720 1971 se
1763 1928 1886 1971 non
1929 1918 2234 1990 repertum
2277 1911 2337 1972 in
2382 1910 2531 1972 ‘urbe
2575 1911 2766 1973 Roma
2803 1930 2956 1992 pro-

604 2016 742 2089 pter
783 2009 913 2071 eius
955 2009 1123 2072 urbis
1169 2009 1568 2071 celebritatem
1611 2010 1885 2090 conquiri
1914 2030 1948 2072 a
1974 2006 2215 2073 Fabiola
2244 2012 2730 2092 depoposcerit.“
2795 2013 2962 2075 Haec

555 2115 562 2125 '
608 2108 1028 2195 Gothofredus.
1126 2110 1212 2172 De
1268 2112 1384 2172 hoc
1438 2110 1813 2191 Agobardino
1869 2111 1931 2173 in
1986 2111 2145 2174 calce
2199 2113 2451 2192 exempli
2507 2113 2755 2175 alicuius
2809 2112 2955 2176 edit.

605 2208 968 2289 Rigaltianae
1011 2228 1064 2272 a.
1093 2211 1504 2274 MDCXXXIV.
1561 2212 1723 2291 quod
1778 2231 1889 2292 ego
1946 2212 2230 2294 possideo
2286 2230 2496 2275 manus
2552 2214 2758 2275 nescio
2802 2234 2956 2295 quae

605 2310 780 2373 docta
823 2311 1152 2374 adnotavit:
1220 2312 1478 2392 „Papire
1529 2313 1773 2375 Masson
1828 2321 2149 2377 rencontra
2193 2312 2578 2393 l’Agobardus
2624 2315 2761 2393 (sic)
2806 2316 2952 2377 cbez

607 2430 689 2474 un
722 2411 977 2486 relieur,
1023 2410 1124 2493 qui
1167 2432 1242 2475 en
1286 2414 1507 2477 voulait
1549 2414 1845 2475 endosser
1886 2432 1985 2475 ses
2030 2413 2247 2488 livres,
2294 2433 2525 2477 comme
2554 2414 2803 2495 Pogius‚
2851 2417 2956 2497 qui
3089 2498 3100 2507 .

606 2521 814 2577 trouva
856 2513 912 2574 le
959 2513 1319 2587 Quinctilian
1363 2532 1469 2577 sur
1510 2515 1566 2576 le
1610 2514 1906 2594 comptoir
1947 2515 2089 2577 d’un
2132 2516 2463 2578 charentier
2503 2516 2767 2595 pendant
2808 2518 2958 2597 qu’il

607 2613 751 2677 etait
793 2632 867 2677 au
910 2613 1136 2677 concile
1179 2613 1254 2677 de
1297 2613 1671 2678 Constance“
1717 2623 1856 2677 cett.
1941 2614 2074 2678 Hoc
2111 2616 2298 2692 libro,
2342 2617 2476 2696 qui,
2524 2618 2792 2697 quamvis
2836 2637 2955 2682 ne·-

604 2715 894 2796 glegentia
948 2715 1177 2778 librarii
1233 2715 1390 2779 haud
1443 2713 1582 2778 raro
1639 2716 1899 2795 integras
1953 2717 2141 2780 lineas
2197 2735 2266 2779 ac
2307 2718 2485 2780 verba
2527 2721 2956 2800 suppresserit,

601 2816 780 2896 longe
822 2824 1020 2879 tamen
1066 2817 1333 2879 omnium
1375 2817 1475 2898 qui
1520 2825 1720 2880 extant
1760 2817 2311 2898 praestantissimus
2357 2827 2479 2895 est,
2532 2827 2674 2899 post
2716 2819 2956 2882 Gotho·

603 2917 868 2994 fredum,
925 2918 1026 2998 qui
1070 2917 1157 2980 Ad
1199 2919 1484 2981 Nationes
1537 2918 1726 2980 libros
1771 2918 1910 2980 inde
1953 2919 2136 2993 eruit,
2203 2919 2480 2982 Nicolaus
2524 2919 2810 3000 Rigaltius
2856 2931 2960 2985 est

602 3036 784 3094 usus,
857 3018 1131 3099 interque
1174 3019 1289 3082 alia
1330 3018 1602 3099 inprimis
1648 3018 1734 3080 De
1782 3017 2212 3082 Exhortatione
2254 3019 2550 3083 Castitatis
2595 3023 2952 3102 opusculum

603 3136 720 3199 ope
765 3119 894 3181 eius
940 3119 1021 3181 ita
1063 3120 1410 3183 emaculavit
1452 3120 1538 3183 uti
1582 3120 1722 3181 inde
1763 3120 1880 3198 legi
1924 3128 2100 3200 atque
2143 3120 2404 3199 intellegi
2448 3130 2676 3200 posset.
2766 3119 2952 3186 Solus

550 3290 571 3302 Ο
603 3220 795 3294 enim,
840 3225 908 3280 ut
948 3219 1107 3281 idem
1148 3219 1238 3281 vir
1280 3220 1499 3281 doctus'
1536 3220 1693 3282 bene
1729 3221 2042 3295 iudicavit,
2079 3219 2387 3299 superstes
2434 3220 2611 3282 nobis
2656 3217 2806 3285 liber
2847 3224 2950 3286 in-

596 3327 788 3381 tactus
833 3336 871 3380 a,
911 3318 1263 3381 correctrice
1304 3320 1722 3400 magistrorum
1778 3305 1988 3394 manu,
2045 3321 2205 3402 quod
2249 3320 2337 3382 vel
2383 3340 2456 3383 ex
2498 3340 2621 3384 uno
2665 3323 2767 3386 illo
2812 3324 2954 3387 loco

598 3427 844 3500 apparet
861 3419 946 3480 De
969 3418 1217 3482 Exhort.
1242 3419 1443 3483 Castit.
1476 3439 1602 3502 cap.
1631 3425 1729 3486 10.
1777 3422 1854 3484 de
1882 3422 2088 3488 Prisca
2120 3422 2509 3503 prophetide,
2556 3423 2658 3503 qui
2688 3425 2751 3486 in
2781 3433 2949 3487 cete-

596 3520 683 3581 ris
726 3519 1117 3584 desideratur.
1204 3520 1331 3582 Nisi
1378 3522 1538 3602 quod
1581 3523 1851 3602 egregiae
1895 3523 2074 3585 huius
2130 3531 2193 3585 et
2232 3524 2600 3603 reliquorum
2655 3525 2946 3588 librorum

472 3655 481 3672 ·
562 3622 931 3701 ‘scripturae
988 3620 1416 3702 discrepantiae
1471 3623 1788 3704 praecipua
1842 3641 2021 3686 causa
2075 3623 2222 3685 haec
2276 3625 2385 3699 sit,
2454 3625 2614 3704 quod
2674 3625 2948 3690 diversas

597 3740 853 3802 prorsus
896 3741 1143 3803 operum
1174 3723 1709 3834 Tertullianeorum
1745 3720 2149 3808 διορθώσεις
2191 3733 2367 3805 atque
2411 3726 2793 3790 recensiones
2840 3745 2947 3790 se-

601 3831 876 3902 quantur.

771 3926 832 3987 2.
879 3923 1078 3986 Codex
1120 3923 1245 3986 MS.
1276 3924 1755 3988 vindobonensis
1801 3944 1862 3986 n.
1886 3927 2033 3990 282.
2078 3925 2262 3989 chart.
2297 3943 2453 3988 saec.
2487 3926 2607 3989 XV.
2665 3870 2952 3990 Continet

598 4032 836 4104 praeter
878 4024 1128 4088 Carmen
1172 4025 1246 4088 de
1287 4025 1434 4088 Iona
1475 4026 1808 4107 Propheta,
1871 4044 2050 4089 manu
2095 4027 2221 4089 lani
2264 4026 2565 4089 Parrhasii
2620 4045 2692 4089 ex
2735 4028 2944 4089 codice

596 4126 911 4200 Bobiensi,
971 4144 1130 4189 nunc
1171 4126 1615 4189 vindobonensi
1658 4145 1719 4188 n.
1759 4130 1939 4203 322„
2001 4127 2449 4206 transcriptum,
2508 4127 2695 4189 libros
2756 4134 2811 4191 1.
2858 4130 2950 4192 De

599 4226 787 4289 Carne
831 4227 1069 4289 Christi.
1158 4229 1219 4291 2.
1264 4226 1351 4288 De
1392 4227 1850 4290 Resurrectione
1895 4229 2126 4291 CarniS.
2214 4230 2275 4292 3.
2320 4228 2405 4289 De
2448 4227 2682 4288 Corona
2717 4228 2951 4292 Militis..

595 4332 658 4391 4.
712 4327 802 4388 Ad
852 4328 1154 4407 Martyres.
1260 4331 1319 4391 5.
1375 4326 1461 4390 De
1516 4327 1901 4393 Paenitentia.
2019 4332 2078 4393 6.
2133 4328 2218 4390 De
2261 4327 2598 4407 Virginibus
2641 4328 2941 4393 velandis.

599 4432 656 4491 7.
713 4427 800 4489 De
851 4427 1072 4490 Habitu
1123 4426 1422 4503 Muliebri,
1481 4438 1543 4490 et
1583 4429 1671 4490 De
1716 4430 1887 4492 Cultu
1931 4429 2324 4492 Feminarum.
2421 4431 2483 4494 8.
2539 4429 2629 4491 Ad
2683 4430 2950 4493 Uxorem

594 4528 783 4590 libros
814 4528 886 4591 11.
967 4531 1026 4593 9.
1071 4529 1158 4592 De
1199 4529 1360 4609 Fuga
1404 4530 1465 4591 in
1507 4529 1948 4594 persecutione.
2023 4535 2121 4595 10.
2166 4528 2252 4590 Ad
2297 4529 2629 4610 Scapulam.
2708 4536 2806 4595 11.
2837 4531 2949 4592 De

600 4628 1019 4694 Exhortatione
1060 4630 1381 4694 Castitatis.
1452 4633 1550 4694 12.
1594 4631 1680 4693 De
1708 4630 2098 4709 monogamia.
2171 4633 2270 4695 13.
2314 4631 2400 4694 De
2427 4630 2632 4695 Pallio.
2705 4635 2804 4695 14.
2850 4630 2950 4694 Dei
