3263 5311
1243 443 1319 488 nt
1365 443 1684 488 omnuim.

2518 431 2638 493 571

288 596 493 668 domi,
560 595 630 688 si·
666 595 852 669 forte,
920 595 1076 657 inter
1133 613 1286 675 quoe
1340 595 1525 657 latere
1582 590 1878 656 ieiunium
1908 591 2010 655 'iu
2047 601 2243 655 totum
2285 612 2410 655 non
2452 594 2644 670 datur,

292 699 540 759 differre
569 714 794 777 pacem.
865 696 1278 776 ¹⁰Ubicumque
1320 704 1516 758 autem
1560 694 1697 757 alibi
1743 693 2150 776 operationem
2191 701 2356 756 mam
2384 695 2645 762 abscon·

292 799 440 860 dere
481 806 656 878 potes
676 844 690 871 ‚

748 798 788 830 ²¹
804 796 989 860 debes
1032 797 1401 873 meminisse,
1434 796 1798 889 praeceptig
1835 796 1915 857 ita
1958 804 2022 857 et
2059 795 2406 875 disciphae
2450 795 2647 858 ”forie

297 907 363 960 et
404 898 821 962 consuetudini
868 897 1029 960 domi
1072 897 1477 961 ¹⁸satissacies.

1574 896 1678 960 Sic
1720 906 1781 959 et
1821 897 1917 959 die
1957 895 2248 970 Paschae,
2314 915 2432 977 quo
2477 914 2646 959 com-

296 999 500 1062 munis
546 1006 607 1061 et
648 999 817 1079 quasi
847 999 1078 1079 publica
1108 998 1367 1089 ¹⁴ieiunii
1408 995 1616 1078 religio
1663 1006 1788 1070 est,
1833 998 2048 1060 merito
2078 998 2434 1078 deponimus
2465 1016 2646 1060 oscu-
2740 990 2744 993 ’

296 1099 485 1174 Ιιιιιιδ,
558 1099 706 1161 nibil
749 1109 1023 1162 curantes
1069 1100 1144 1163 de
1188 1099 1595 1162 ¹⁵occultando
1641 1098 1801 1180 quod
1844 1117 1976 1161 oum
2021 1098 2299 1161 omnibus
2342 1099 2648 1162 faciamus.

472 1199 754 1262 Similiter
798 1202 889 1263 ¹et
932 1202 1006 1263 de
1051 1203 1370 1264 stationum
1404 1194 1651 1262 diebus·
1694 1200 1855 1262 'non
1897 1208 2107 1281 putant
2147 1200 2415 1281 plerique
2458 1200 2647 1263 sacri-

293 1387 349 1438 9.
387 1387 434 1437 in
471 1393 623 1437 totum
661 1386 846 1438 ACch.
916 1393 1069 1437 totum
1108 1387 1158 1438 Β.

240 1499 253 1508 .
302 1453 383 1505 12.
424 1455 545 1505 loris
580 1455 695 1505 Dab-
781 1455 902 1504 iuria
937 1455 1058 1505 ABG.
1182 1453 1257 1504 13.

299 1529 437 1587 caput
472 1522 583 1571 XIX.
706 1521 780 1571 14.
820 1523 1010 1574 ieiuniis
1045 1523 1096 1572 Β.

298 1589 448 1639 lando
488 1589 605 1639 coa.

1260 1387 1337 1436 10.
1374 1387 1670 1451 Ubicumque
1705 1388 1755 1437 A.
1829 1386 2107 1451 Ubicunque
2141 1385 2231 1437 ΒΟ.
2317 1386 2396 1436 11.
2433 1387 2576 1439 debet
2596 1388 2648 1438 Β.

1295 1456 1558 1505 satisfaciet
1593 1455 1645 1504 Β.
1726 1455 1831 1505 Poat
1876 1469 1973 1506 voc.

1208 1523 1285 1572 15.
1334 1522 1620 1573 occultando
1672 1520 1900 1585 (Asslflbc.
1985 1522 2269 1572 occultando
2306 1521 2422 1588 Αφ.
2504 1537 2651 1573 oscu-

2011 1454 2282 1505 aatiaiaciee
2328 1458 2378 1504 in
2412 1472 2452 1505 c.
2487 1458 2651 1520 incipit

440 1657 558 1720 Cap.
594 1656 711 1707 ΧΙΧ.
794 1656 1037 1720 Inscriptio
1072 1656 1175 1706 DE
1187 1656 1581 1708 STATlONIBVS
1633 1664 1760 1709 extet
1793 1660 1842 1707 in
1876 1656 2030 1708 ncnc.
2099 1657 2153 1706 In
2183 1659 2236 1707 A.
2273 1664 2341 1707 est
2375 1659 2538 1708 vitiose
2571 1656 2650 1706 DE

298 1721 795 1774 TESTATIONlBVS.
873 1723 1034 1773 Carent
1070 1725 1291 1790 inscripto
1330 1727 1401 1777 ab.

300 1795 393 1852 bc„
435 1807 534 1842 cum
568 1791 696 1842 Fulv-
738 1790 921 1841 Ursino.
1024 1788 1071 1841 2.
1108 1805 1197 1842 noa
1237 1792 1286 1842 Β.

302 1957 490 2008 iunium
526 1960 661 2005 tuum
701 1964 865 2006 contra
903 1956 1082 2008 Christi
1116 1965 1427 2023 praeceptum

302 2024 596 2089 publicetur,
636 2024 726 2072 nisi
764 2024 825 2073 eit
861 2024 1107 2088 publicum
1148 2034 1323 2076 etcum
1348 2042 1428 2076 ce·

300 2094 426 2142 teria
482 2103 755 2149 commune,
819 2105 987 2155 pacem
1037 2107 1144 2142 cum
1198 2094 1429 2144 iratribus

303 2160 654 2210 communices.
692 2158 950 2216 (sseraldue
986 2159 1114 2221 Digr.
1154 2160 1305 2222 lt,3.)

377 2227 424 2276 d.
462 2225 633 2275 merito
670 2225 963 2289 deponimus
1000 2224 1246 2294 osculum]
1285 2228 1429 2277 Alba-

300 2295 539 2360 spinaeua
574 2292 771 2342 observ.
809 2293 868 2343 de
893 2293 990 2342 Vet.
1028 2294 1158 2344 Eccl.
1179 2296 1268 2346 Rit.
1294 2295 1431 2357 t,17.

304 2375 367 2411 ex
402 2362 477 2410 bie
513 2360 796 2411 Tertulliani
849 2363 1006 2411 verbis
1054 2363 1238 2425 colligit
1284 2377 1429 2413 oecu-

305 2430 408 2479 lum
446 2428 580 2493 pacis
610 2429 873 2491 antiquitus
908 2443 933 2478 a
963 2429 1246 2480 Christiania
1276 2431 1429 2480 omia·

304 2510 417 2546 sum
468 2496 566 2544 illis
624 2495 812 2557 diebus,
879 2497 1055 2559 quibus
1106 2497 1335 2547 indictum
1384 2507 1431 2547 et

306 2562 667 2629 promulgatum
719 2571 849 2612 eaeet
884 2565 1081 2627 plenum
1129 2573 1271 2629 atque
1307 2567 1431 2615 inte-

306 2644 447 2696 grum
485 2630 731 2680 ieiunium.
814 2630 961 2681 Cuius
1010 2632 1287 2696 opinionem
1337 2634 1430 2683 im-

306 2707 492 2765 pugnat
540 2697 826 2747 Hui-aterius
877 2700 936 2747 ad
989 2699 1035 2748 b.
1073 2701 1104 2749 Ι.
1169 2715 1223 2751 ex
1276 2702 1430 2765 ipsius

309 2768 515 2817 maxime
534 2765 817 2815 Tertulliani
854 2767 1012 2816 verbis
1048 2767 1115 2817 De
1138 2768 1286 2817 leiun.
1325 2784 1429 2833 cap.

310 2833 350 2884 2
385 2842 431 2882 et
470 2831 546 2882 13.
627 2833 676 2881 V.
732 2834 875 2882 etiam
925 2835 1179 2896 Rigaltium
1235 2850 1288 2884 ex
1338 2836 1433 2885 boc

315 2901 428 2950 libri
464 2901 523 2949 de
559 2899 790 2949 Oratione
837 2901 949 2950 loco
994 2902 1279 2965 probantem
1316 2916 1431 2952 aevo

314 2967 597 3017 Tertulliani
632 2969 679 3017 in
714 2969 867 3017 Africa
906 2970 1143 3031 integrum
1179 2970 1275 3018 eive
1311 2971 1432 3019 soli-

312 3036 432 3085 dum
483 3035 727 3093 ieiunium,
776 3049 1030 3085 commune
1078 3051 1134 3086 ac
1184 3037 1433 3100 publicum

311 3117 412 3154 nou
452 3101 620 3161 fuisse,
657 3103 749 3152 nisi
784 3103 1052 3153 dominicae
1071 3104 1314 3168 passionis
1338 3104 1433 3163 die,

311 3184 469 3235 eoque
506 3170 583 3219 die
620 3185 677 3220 ac
710 3172 888 3220 ieiunio
927 3173 1134 3221 omissae
1172 3173 1321 3222 luisse
1351 3187 1434 3221 sa-

311 3238 605 3288 crificiorum
633 3239 897 3299 orationes,
932 3240 1110 3289 omissa
1133 3240 1265 3302 pacis
1288 3255 1435 3289 oscu-

310 3307 382 3365 la,
418 3304 504 3355 sed
541 3305 852 3355 usitatissima
889 3307 1033 3356 certis
1067 3321 1157 3369 per
1197 3308 1437 3371 reliquum

312 3387 493 3422 annum
532 3372 703 3421 diebus
738 3380 1005 3437 spontanea
1054 3388 1139 3422 seu
1177 3375 1357 3437 privata
1394 3382 1462 3425 et.

312 3440 516 3506 propria
554 3441 725 3503 cuique
762 3454 850 3504 pro
890 3454 978 3489 sua
1029 3440 1261 3501 religione
1316 3441 1439 3493 ieiu-

311 3509 414 3567 nia,
451 3507 607 3556 solida
647 3508 838 3569 quidem
878 3515 925 3557 et
961 3507 1006 3556 iu
1044 3522 1292 3571 vesperam
1322 3524 1440 3572 pro-

312 3576 479 3635 ducta,
539 3573 713 3637 quibus
761 3581 919 3624 tamen
986 3574 1045 3623 ad
1093 3577 1438 3625 sacrificiorum

314 3644 565 3692 orationes
612 3648 661 3690 et
706 3643 840 3704 pacis
887 3641 1053 3691 oscula
1103 3644 1439 3704 convenirent3

314 3718 568 3774 praeterea
606 3716 758 3757 statos
796 3709 944 3758 luisse
993 3709 1116 3768 dies,
1169 3710 1344 3774 quibus
1381 3710 1443 3758 ad

316 3785 581 3841 martyrum
640 3776 896 3839 sepulchra
947 3782 1205 3826 conventus
1259 3777 1441 3826 indice-

314 3852 489 3894 rentur
522 3850 663 3906 atque
701 3842 763 3891 ibi
801 3844 963 3892 statim
1012 3842 1071 3890 ab
1120 3852 1283 3893 exortu
1321 3843 1444 3894 solis

318 3909 623 3961 orationibus
659 3918 879 3959 vacantes
917 3916 963 3958 et
997 3907 1162 3970 ieiuni,
1223 3912 1307 3961 sed
1345 3923 1442 3960 uon

316 3978 448 4028 ultra
484 3991 662 4026 nonam
700 3984 989 4041 perstarent,
1027 3977 1145 4026 hora
1184 3992 1309 4028 nona
1332 3986 1446 4042 poet

319 4044 662 4095 eucharistiam
699 4052 746 4094 ct
770 4043 935 4093 oscula
960 4052 1219 4096 conventus
1251 4054 1298 4095 et
1324 4045 1444 4094 ieiu-

318 4112 404 4163 nia
440 4111 697 4161 solverent.

394 4178 511 4242 Cap.
532 4177 649 4229 xlx.
699 4192 742 4226 a.
778 4178 1036 4227 stationum
1068 4174 1260 4245 diebus]
1304 4178 1446 4229 Chri-

320 4247 592 4297 stianorum
631 4244 805 4294 ieiunia
843 4245 1079 4309 quaedam
1118 4254 1240 4297 stata
1280 4262 1336 4296 ac
1360 4261 1445 4295 eo-

319 4314 502 4364 lemnia
540 4318 694 4372 erant,
749 4311 842 4361 alia
887 4312 1109 4363 indictiva
1158 4314 1446 4364 necessitate

322 4381 558 4442 exigente.
612 4380 681 4428 De
701 4378 991 4429 bla'l'ertull.
1018 4379 1250 4431 deiciun.
1272 4394 1377 4444 cap.
1384 4378 1446 4430 13

322 4446 490 4511 „Bene
526 4456 686 4497 antem
725 4447 854 4526 quod
888 4455 932 4496 et
954 4449 1170 4512 episcopi
1199 4450 1448 4497 universae

320 4515 457 4582 plebi
487 4512 748 4564 mandare
736 4514 913 4563 ieiunia
939 4515 1169 4574 assolent,
1210 4515 1447 4564 interdum

320 4597 382 4632 ex
402 4583 562 4647 aliqua
585 4580 929 4631 sollicitudinis
953 4581 1307 4632 ecclesiasticae
1335 4595 1449 4631 cau-

321 4664 397 4701 ea.
402 4652 435 4677 ‘⁸
507 4649 578 4700 ld.
630 4647 704 4699 ad
730 4647 870 4701 Uxor.
907 4648 967 4709 n,
987 4647 1023 4696 4
1076 4650 1171 4709 „Ut
1214 4650 1258 4699 ai
1306 4648 1449 4699 statio

1515 4312 1760 4374 'nostrae,
1817 4322 1866 4363 ut
1915 4313 2152 4375 indignae,

1531 1725 1575 1775 1.
1614 1723 1756 1775 etde
1792 1723 1845 1778 Β.
1935 1724 2015 1774 det
2048 1721 2163 1789 Αφ.
2236 1722 2296 1774 de
2330 1722 2533 1787 Asscoa.
2605 1732 2653 1774 et

2686 1203 2792 1260 Cap.
2812 1203 2917 1247 xlx.

1532 1959 1749 2010 iacienda
1788 1966 1879 2018 est,
1915 1961 2116 2009 maritus
2153 1959 2212 2009 de
2247 1960 2326 2010 die
2349 1960 2570 2009 condicat
2593 1959 2654 2010 ad
2699 1963 2704 1968 “

1530 2028 1750 2089 balneae,
1785 2029 1827 2076 ei
1865 2027 2038 2077 ieiunia
2065 2027 2357 2077 observanda
2380 2035 2510 2085 aunt,
2548 2041 2653 2076 ma-

1533 2096 1653 2144 ritus
1702 2095 1873 2144 eodem
1932 2095 2012 2144 die
2064 2096 2326 2145 convivium
2379 2093 2653 2145 exerceat.“

1533 2166 1693 2221 Quare
1731 2163 1918 2212 furente
1951 2163 2290 2227 peraecutione
2334 2163 2510 2212 ieiunia
2546 2176 2654 2212 cre-

1530 2230 1667 2279 briue
1704 2230 2003 2293 frequentata
2054 2238 2101 2279 et
2148 2229 2424 2291 religiosius
2480 2230 2654 2279 obser-

1534 2304 1637 2346 vata
1675 2297 1886 2346 ostendit
1921 2297 2048 2345 idem
2085 2296 2151 2346 De
2179 2298 2306 2360 Fuga
2338 2298 2386 2347 in
2412 2298 2655 2347 persecut.

1535 2379 1639 2428 cap.
1665 2365 1743 2423 1,
1749 2363 1819 2422 ,ln
1856 2372 2075 2427 tempore
2109 2364 2466 2428 persecutionis
2497 2364 2655 2414 eccle-

1534 2433 1605 2480 sia
1644 2432 1690 2481 in
1728 2433 1928 2481 attonito
1965 2440 2054 2481 eet.
2137 2433 2272 2481 Tunc
2318 2439 2365 2481 et
2410 2432 2569 2482 fidelia
2605 2432 2654 2481 in

1534 2500 1838 2578 expeditione
1883 2498 2141 2549 sollicitior
2199 2506 2247 2548 et
2301 2498 2655 2564 disciplinatior

1536 2568 1584 2617 in
1621 2557 1814 2620 ieiuniis
1848 2574 1898 2617 et
1930 2566 2217 2618 stationibus
2254 2574 2301 2615 et
2316 2565 2655 2616 orationibus

1534 2642 1644 2685 cett.
1731 2634 1825 2685 Sed
1873 2642 2066 2699 praeter
2113 2634 2285 2683 ieiunia
2339 2642 2477 2683 erant
2509 2634 2653 2683 etiam

1533 2702 1627 2753 alia
1676 2710 1797 2752 stata
1845 2710 1892 2751 et
1926 2702 2199 2760 sollemnia,
2247 2700 2655 2764 quemadmodum

1535 2784 1659 2834 quae
1695 2777 1804 2819 ante
1841 2769 2022 2819 Paecba
2062 2777 2108 2818 et
2144 2769 2221 2817 die
2239 2768 2470 2826 Paschae,
2506 2768 2554 2816 id
2582 2773 2658 2816 eat

1534 2838 1612 2885 die
1647 2836 1908 2899 passionis,
1945 2843 1997 2885 ut
2033 2844 2161 2885 recte
2197 2835 2538 2898 interpretatur
2564 2834 2656 2882 Pa-

1538 2902 1727 2962 meliue‚
1764 2917 1822 2952 ac
1855 2911 2104 2965 praeterea
2140 2901 2561 2961 stationumdiea,
2606 2908 2658 2950 ut

1535 2971 1679 3020 docet
1713 2970 1912 3019 Tertull.
1952 2969 2011 3019 de
2049 2969 2458 3019 Oratione.—-·
2496 2968 2655 3018 Habea

1536 3039 1679 3100 igitur
1715 3037 1793 3087 liic
1826 3036 2047 3086 solemne
2083 3044 2131 3086 et
2165 3036 2408 3100 publicum
2446 3036 2657 3100 paschae

1534 3106 1764 3155 ieiunium
1815 3119 1870 3153 ac
1916 3105 2175 3154 stationum
2214 3103 2335 3163 dies,
2388 3104 2434 3153 id
2473 3111 2549 3153 eet
2582 3103 2655 3152 l'e-

1536 3175 1658 3223 riam
1695 3180 1915 3237 quartam
1951 3181 2000 3221 et
2034 3179 2231 3221 sextam.
2282 3171 2365 3221 llis
2391 3171 2519 3220 enim
2550 3170 2655 3219 die-

1540 3244 1633 3291 bus
1669 3241 2039 3289 celebrabantur
2084 3242 2130 3288 in
2157 3233 2373 3288 ecclesia
2409 3239 2663 3299 stationes,

1542 3311 1591 3358 iu
1630 3308 1805 3371 quibua
1826 3307 2005 3357 Christi
2041 3306 2218 3356 milites
2253 3305 2396 3356 veluti
2434 3306 2482 3355 iu
2518 3319 2663 3356 excu-

1542 3376 1636 3425 biis
1696 3376 1913 3434 stabant,
1986 3374 2392 3438 quemadmodum
2453 3372 2665 3423 ostendit

1541 3443 1869 3492 Tertullianus
1919 3442 1950 3489 Ι.
1982 3441 2013 3490 Ι.
2079 3441 2292 3490 Lactaut.
2353 3440 2452 3489 Div.
2508 3439 2663 3490 lnetit.

1540 3508 1719 3567 vtt‚27
1760 3509 1853 3569 „Et
1886 3508 1999 3558 dum
2025 3508 2226 3571 spiritua
2253 3508 2344 3557 boe
2363 3508 2486 3569 regit
2511 3514 2665 3568 artus,

1543 3575 1889 3639 infatigabilem
1946 3575 2167 3625 militiam
2233 3575 2323 3625 deo
2387 3574 2668 3636 militemus,

1542 3645 1777 3693 stationes
1827 3642 2107 3707 vigiliaeque
2157 3641 2494 3692 celebremua“
2553 3648 2667 3690 cett.

1545 3710 1816 3760 stationum
1854 3719 2012 3759 autem
2050 3710 2252 3759 istarum
2289 3717 2476 3773 partem
2515 3708 2667 3757 maxi-

1547 3791 1674 3826 mam
1711 3777 1941 3826 ieiunium
1970 3776 2355 3838 efficiebat,'quo
2393 3775 2564 3837 religio
2601 3782 2666 3832 et,

1546 3852 1598 3894 ut
1618 3844 1900 3907 loquuntur
1937 3844 2124 3892 devotio
2147 3841 2513 3894 accendebatur
2546 3855 2667 3904 qua-

1544 3920 1750 3975 propter
1796 3909 1940 3959 simul
1995 3922 2102 3959 cum
2150 3909 2355 3958 statione
2391 3907 2669 3957 aolvebatur

1545 3978 1795 4036 ieiunium,
1831 3977 1878 4025 id
1915 3985 1992 4027 eat
2026 3977 2142 4025 bora
2180 3988 2308 4024 nona
2343 3974 2470 4038 apud
2498 3974 2669 4024 catho-

1547 4046 1683 4095 licoe.
1731 4044 1852 4093 Nam
1890 4044 1948 4093 ad
1983 4055 2232 4108 vesperam
2263 4055 2416 4107 usquc
2435 4042 2671 4093 stationes

1545 4126 1661 4161 eune
1685 4110 2005 4161 montanistae
2041 4109 2375 4169 extendebant,
2411 4123 2504 4172 qua
2528 4109 2588 4158 de
2615 4123 2670 4158 re
2702 4134 2712 4147 =

1546 4179 1750 4229 Tertull.
1804 4179 1863 4228 de
1911 4179 2105 4228 ieiuniis
2152 4177 2274 4226 locis
2320 4176 2671 4240 compluribus.

1548 4247 1644 4297 Sed
1701 4247 1820 4296 baec
1866 4259 1973 4308 cap.
2008 4245 2069 4294 10
2124 4245 2378 4308 „Namque
2437 4244 2671 4293 stationes

2205 4310 2439 4376 quaedam
2475 4323 2588 4359 vero
2623 4316 2674 4359 et

1550 4383 1597 4430 in
1651 4395 1814 4430 aerum
1864 4382 2149 4430 constitutae
2208 4378 2429 4427 novitati·
2476 4375 2672 4425 nomine

1552 4449 1790 4505 incusant,
1851 4448 1943 4496 hoc
1977 4460 2168 4510 quoque
2206 4458 2384 4493 munus
2416 4450 2464 4491 et
2499 4456 2554 4490 ex
2590 4455 2672 4491 ar-

1550 4515 1696 4563 bitrio
1733 4528 1841 4564 cese
1878 4514 2108 4573 dicentes,
2145 4521 2194 4563 et
2229 4525 2324 4560 non
2345 4508 2467 4560 ultra
2495 4521 2674 4558 nouam

1555 4581 1894 4648 detinendum,
1955 4581 2016 4630 de
2079 4592 2168 4629 auo
2233 4577 2421 4626 scilicet
2481 4575 2652 4625 more.⁸

1556 4638 1710 4708 Quem
1765 4647 1813 4697 in
1850 4647 2011 4697 iocum
2047 4645 2289 4697 Pameliue
2324 4641 2674 4693 Tertullianum
