3263 5311
1195 430 1274 476 nn
1315 428 1685 480 annonam.
2493 416 2611 478 771

253 595 394 646 nem
439 575 570 640 iam.
602 577 976 642 ‘mesanum
1019 596 1093 642 ex
1137 577 1226 644 ais
1271 596 1410 642 ease
1451 596 1603 658 «prae
1647 587 1920 644 evacuata
1962 578 2142 644 ’aunt
2181 578 2396 659 lagia&
2459 578 2616 643 ’Ne-

255 678 525 742 cessario
586 678 1024 742 succedendum
1080 687 1210 742 erat
1258 679 1320 742 in
1380 678 1876 744 ¹⁰matrimonium
1944 679 2145 741 fratris
2212 680 2344 744 sine
2406 679 2613 742 liberis

257 780 544 846 decimati.
614 779 882 846 Primum
923 779 1059 859 quia
1101 780 1295 846 adhuc
1335 789 1508 844 vetus
1555 780 1651 841 illa
1691 780 2027 846 benedictio
2071 780 2387 846 decurrere
2420 781 2612 844 habe-

256 881 412 955 bat·,
459 879 725 944 Crescite
769 891 830 943 et
870 880 1228 955 redundate,
1293 879 1509 946 dehinc
1564 882 1845 962 quoniam
1896 891 2133 962 patrum
2178 881 2387 944 delicta
2431 883 2608 946 etiam
2636 898 2874 951 Gemma.

257 983 334 1045 de
377 982 515 1044 filiis
559 981 978 1062 exigebantur,
1028 980 1064 1012 ¹¹
1082 981 1256 1046 tertio
1302 981 1582 1061 quoniam
1626 983 1931 1063 spadones
1974 991 2035 1044 et
2076 982 2313 1046 steriles
2347 983 2608 1062 ignomi-
2623 999 2918 1052 Exod.xx‚s.

257 1082 421 1146 niosi
461 1081 847 1148 habebantur.
914 1083 1118 1162 Itaque
1160 1082 1534 1162 naz-proinde
1573 1083 1870 1148 maledieti
1915 1083 2314 1148 iudicarentur
2357 1083 2456 1162 qui
2489 1065 2871 1172 noncessffl‘J’

258 1192 508 1248 naturae
547 1182 767 1257 reatu‘,
814 1192 872 1244 at
913 1182 1128 1246 mortis
1167 1191 1491 1262 praeventu
1533 1184 1665 1248 orbi
1710 1185 2144 1254 decessissent,
2198 1183 2335 1245 ideo
2380 1184 2497 1246 iuis
2542 1203 2613 1247 ex
2639 1168 2839 1271 x¹3131¹¹1¹‚1‚

261 1304 378 1352 suo
419 1303 635 1365 genere
677 1283 892 1364 vicaria
936 1293 996 1346 et
1038 1283 1208 1363 quasi
1251 1284 1572 1364 posthum
1617 1285 1867 1348 suboles
1895 1284 2345 1366 supparabatur.
2409 1287 2488 1348 At
2514 1285 2616 1350 uhi

257 1394 341 1459 et,
389 1385 652 1448 Crescite
684 1395 743 1447 et
772 1385 1130 1459 redundate,
1177 1386 1476 1448 evaeuavit
1506 1387 1853 1449 extremitas
1882 1395 2252 1466 temporum,
2296 1386 2614 1449 inducente

256 1486 570 1568 apostolo,
615 1487 904 1568 Superest
945 1495 1013 1548 nt
1054 1494 1115 1548 et
1157 1486 1258 1566 qui
1298 1486 1532 1550 habent.
1561 1505 1781 1550 uxores
1826 1487 1918 1548 sic
1958 1487 2082 1549 sint
2124 1505 2191 1548 ae
2230 1486 2281 1548 si
2324 1506 2446 1550 non
2498 1488 2919 1558 ha-1cor.v11,29.

251 1588 466 1662 beant,
514 1588 652 1668 quia
693 1596 930 1669 tempus
974 1588 1036 1652 in
1083 1586 1384 1649 ¹²cosseeto
1427 1600 1558 1661 est,
1623 1596 1688 1650 et
1731 1587 1773 1620 ²⁸
1788 1588 1968 1651 desiit
2008 1606 2119 1649 uva
2164 1589 2376 1652 acerba
2419 1608 2452 1651 a
2494 1608 2606 1669 pa-

257 1689 446 1754 tribus
491 1689 838 1752 manducata
880 1688 1138 1752 filiorum
1182 1673 1392 1750 dentes
1440 1688 1922 1768 obstupefacere,
1985 1688 2395 1769 unusquisque
2450 1653 2876 1766 enim¹3fzi1⁸s¹<1¹fx¹⁹

255 1790 322 1852 in
363 1809 475 1854 suo
521 1790 734 1853 delicto
777 1789 1100 1863 morietur,
1147 1797 1208 1852 et
1250 1789 1549 1869 spadones
1590 1807 1715 1851 non
1763 1799 1989 1852 tantum
2032 1789 2353 1869 ignominia
2399 1779 2610 1852 earne-

249 1900 427 1966 rnnt,
486 1910 690 1953 verum
735 1899 796 1953 et
836 1890 1082 1970 gratiam
1125 1899 1473 1953 meruerunt
1514 1889 1740 1958 invitati
1784 1890 1847 1952 in
1890 1908 2073 1970 regna
2117 1891 2449 1966 caelorum,
2508 1911 2611 1955 se-

252 1992 418 2073 pulta
461 1992 592 2072 lege
638 1991 992 2056 succedendi
1033 1991 1096 2053 in
1139 1991 1583 2054 matrimonium
1637 1991 1835 2056 fratris
1891 1991 2255 2056 eontrarium
2317 1992 2447 2054 eins
2492 1992 2606 2055 oh-

253 2092 466 2168 tinuit,
512 2111 634 2154 non
679 2093 1030 2156 succedendi
1078 2092 1137 2153 in
1181 2091 1623 2156 matrimonium
1668 2092 1888 2154 tran-is.
1951 2092 2023 2153 Et
2054 2093 2165 2166 ita,
2212 2101 2279 2154 ut
2304 2092 2607 2172 praedixi·-

249 2213 420 2269 mus,
465 2194 624 2274 quod
668 2194 922 2257 cessavit
963 2193 1190 2268 valere,
1234 2199 1505 2255 cessante
1547 2192 1812 2267 ratione,
1871 2212 1993 2254 non
2035 2200 2240 2273 potest
2281 2193 2378 2254 alii
2423 2212 2602 2274 argu-

247 2297 680 2360 mentationem
720 2295 1187 2362 accommodare.
1294 2292 1452 2372 Ergo
1509 2311 1631 2355 non
1689 2293 1875 2355 nubet
1930 2293 2211 2356 defuncto
2255 2293 2385 2355 viro
2432 2312 2601 2368 uxor,

249 2396 422 2458 tratri
464 2397 667 2477 utique
711 2404 999 2476 nuptura,
1046 2395 1097 2457 si
1143 2394 1434 2474 nupserit.
1509 2393 1736 2457 Omnes
1781 2394 1953 2456 enim.
1984 2412 2098 2458 nos
2126 2394 2342 2456 fratres
2375 2411 2603 2458 snmus.

249 2496 329 2559 Et
372 2497 470 2560 illa
513 2506 768 2579 nuptura
811 2498 875 2562 in
920 2497 1163 2559 domino
1209 2494 1389 2560 habet
1430 2494 1691 2567 nubere,
1762 2493 1823 2558 id
1867 2502 1961 2558 est
2000 2512 2125 2558 non
2169 2494 2437 2569 ethnico,
2496 2494 2607 2558 sed

248 2599 453 2674 tratri,
518 2599 655 2680 quia
711 2607 771 2662 et
814 2606 982 2665 vetus
1037 2598 1133 2665 lex
1191 2596 1230 2628 ¹⁴
1245 2594 1451 2659 adimit
1505 2594 1844 2676 coniugium
1897 2595 2351 2677 allophylorum.
2453 2594 2602 2669 Cum

245 2709 446 2763 autem
491 2696 656 2763 et'in
697 2701 958 2767 Levitico
1005 2708 1240 2765 nautum
1283 2698 1392 2771 sit,
1438 2696 1790 2777 Quicunque
1835 2697 2161 2776 sumpserit
2200 2697 2397 2759 {ratris
2442 2715 2596 2757 uxo-
2616 2711 2911 2766 Lemxxm.

244 2821 409 2875 rem,
454 2802 826 2867 immunditia
858 2811 982 2876 est,
1029 2799 1370 2880 turpitudo,
1416 2798 1548 2861 sine
1575 2798 1779 2861 liberis
1814 2798 2184 2872 ¹⁵morietur,
2233 2798 2364 2859 sine
2398 2797 2603 2870 dubio,

241 2903 393 2966 dum
435 2903 532 2966 ille
573 2903 925 2984 prohibetur
968 2902 1165 2967 denuo
1211 2900 1472 2970 nubere,
1537 2908 1597 2961 et
1642 2899 1737 2961 illa
1778 2898 2162 2978 prohibetur,
2207 2914 2328 2959 non
2373 2897 2601 2961 habens

247 3004 478 3069 nubere
535 3004 650 3066 nisi
705 3004 894 3067 fratri.
935 3062 946 3075 ,
1005 3001 1325 3077 Quomodo
1393 3018 1536 3079 ergo
1595 2999 1877 3081 apostolo
1934 2998 2301 3061 ¹⁶conveniet
2353 3007 2413 3060 et
2464 2998 2601 3077 legi,

249 3104 483 3186 ”quam
526 3125 648 3167 non
691 3106 754 3166 in
799 3112 989 3166 totum
1033 3104 1370 3183 impugnat,
1416 3119 1548 3165 eum
1592 3101 1667 3162 ad
1712 3099 2025 3180 epistolam
2071 3099 2262 3180 ipsius
2308 3099 2602 3161 ¹⁸veneri-

241 3225 413 3281 mus,
472 3206 842 3271 ostendetur.
929 3205 1172 3269 Interim
1219 3201 1376 3282 quod
1418 3203 1717 3283 pertineat
1771 3201 1841 3262 ad
1884 3200 2108 3280 legem,
2176 3200 2365 3281 magis
2421 3198 2599 3263 nobis

241 3316 594 3388 competunt
634 3306 1176 3387 argumentationes
1218 3303 1371 3366 eins.
1478 3302 1745 3382 Denique
1798 3300 2079 3382 prohihet
2131 3301 2333 3367 eadem
2393 3298 2904 3367 saner-Limnen.

239 3410 420 3471 dotes
465 3409 661 3473 denuo
705 3408 989 3473 nuberet.
1075 3405 1284 3469 Filiam
1327 3422 1566 3484 quoque
1610 3402 1940 3467 sacerdotis
1996 3402 2162 3467 iubet
2218 3402 2450 3465 viduam
2506 3399 2601 3465 vel

243 3511 526 3584 eiectam,
573 3510 626 3571 si
672 3527 880 3571 semen
921 3526 1045 3571 non
1086 3507 1264 3571 fuerit
1306 3505 1420 3579 ini,
1477 3505 1540 3567 in
1592 3484 1837 3565 dimum
1878 3504 2066 3584 patris
2112 3502 2206 3564 sui
2250 3502 2487 3583 regredi
2529 3510 2906 3571 ottemxxnua.

237 3611 323 3673 de
365 3601 519 3692 pan'e
562 3611 689 3672 eius
733 3610 827 3671 ali.
916 3609 1058 3670 Ideo
1104 3609 1159 3672 si
1191 3624 1413 3681 ,semen
1455 3624 1581 3668 non
1621 3606 1804 3668 fuerit
1845 3605 1959 3679 illi,
2027 3623 2151 3667 non
2193 3613 2261 3665 ut
2304 3604 2356 3665 si
2398 3603 2597 3677 suerit,

237 3765 296 3814 8.
335 3772 602 3814 cessantem
638 3763 881 3824 (cessante
915 3760 986 3821 A.)
1023 3776 1077 3811 ex
1113 3762 1216 3811 eins
1251 3759 1340 3811 ΑΒ.
1455 3758 1506 3809 9.
1554 3766 1668 3808 sunt
1714 3757 1851 3821 legis.
1912 3758 2197 3808 Necessario
2235 3758 2306 3808 cd.
2344 3758 2462 3807 liber
2499 3756 2601 3806 Cle·

240 3835 427 3882 mentis.
513 3832 626 3881 sint.
677 3831 963 3881 Necessario
1003 3829 1110 3880 Gab.
1193 3830 1270 3877 sit.
1320 3827 1605 3876 Necessario
1642 3826 1730 3876 AB.
1852 3825 1930 3874 10.
1980 3826 2287 3874 matrimonio
2334 3825 2420 3873 AB.
2518 3822 2598 3873 tt.

241 3901 388 3949 tertio
424 3924 491 3936 -
524 3922 595 3934 --
630 3898 928 3947 habebantur
962 3913 1051 3947 om.
1086 3897 1137 3946 B.
1244 3894 1322 3944 12.
1362 3894 1617 3944 collectum
1654 3893 1741 3943 AB.
1850 3891 1927 3941 13.
1966 3892 2109 3941 desiit
2143 3890 2339 3951 (desinit
2366 3890 2475 3951 M.)
2512 3904 2598 3939 uva

237 3967 419 4017 acerba
470 3981 496 4014 a
546 3968 762 4030 patribus
812 3966 1096 4014 manducata
1148 3963 1330 4014 anecd.
1380 3962 1499 4011 liber
1536 3961 1777 4009 Clementia
1824 3967 1866 4009 et
1911 3966 2002 4009 tres
2047 3960 2263 4008 Vaticani.
2353 3957 2601 4007 desierunt

239 4048 364 4084 uvae
399 4034 604 4084 aeerbae
638 4049 664 4082 a
700 4034 920 4097 patribus
955 4031 1270 4082 manducatae
1319 4031 1393 4078 ab.
1443 4029 1705 4078 Gorzienais
1742 4028 1874 4076 liber.
1994 4026 2071 4075 14.
2109 4025 2315 4075 admittit
2346 4024 2432 4074 AB.
2519 4024 2599 4076 15.

237 4098 516 4152 morientur
550 4103 623 4152 cd.
731 4100 809 4151 16.
847 4102 1097 4150 conveniat
1131 4098 1181 4148 B.
1290 4096 1369 4146 1⁶1.
1406 4108 1549 4160 qnam
1597 4095 1842 4159 quomodo
1892 4095 1939 4143 in
1978 4102 2131 4144 totum
2170 4110 2215 4143 a.
2324 4091 2401 4142 18.
2449 4106 2595 4142 vene-

243 4170 318 4219 ria
351 4170 505 4220 Aeon.

320 4302 368 4353 d.
404 4312 622 4353 evacuata
659 4308 774 4352 aunt
808 4296 969 4367 legia]
1005 4302 1236 4353 Evaenata
1257 4299 1305 4350 h.
1327 4314 1369 4348 e.
1475 4300 1546 4347 bet
1567 4295 1780 4348 nubere“
1814 4304 1862 4346 ct
1887 4297 2088 4345 deinde:
2124 4297 2339 4357 „habens
2364 4290 2599 4355 nubere,“

235 4370 504 4423 infirmata.
574 4371 656 4421 Sic
702 4370 847 4434 paulo
898 4371 1048 4419 infra:
1096 4372 1375 4431 „evacuavit
1475 4372 1524 4415 et
1556 4379 1705 4428 supra
1743 4364 1901 4430 0⁸9.ss
1936 4365 2207 4425 „habebant
2245 4359 2516 4426 deputariss

237 4439 525 4488 extremitas
561 4440 889 4500 temporum.“
939 4439 987 4486 V.
1023 4437 1185 4487 adnot.
1221 4436 1281 4486 ad
1306 4435 1372 4485 De
1543 4430 1580 4483 f.
1612 4431 1774 4495 reatu]
1816 4433 1882 4481 De
1919 4433 2013 4481 boc
2046 4430 2277 4480 vocabulo
2315 4430 2594 4483 adnotatum

237 4507 451 4560 Patient.
489 4521 597 4570 cap.
623 4504 701 4555 12.
1475 4508 1552 4551 est
1585 4500 1646 4548 ad
1683 4501 1885 4564 Apolog.
1925 4514 2031 4562 cap.
2050 4498 2098 4549 3.

315 4590 358 4625 e.
398 4575 660 4627 decurrere
690 4567 920 4638 habebat]
957 4572 1038 4625 Sic
1056 4572 1210 4625 infra:
1245 4572 1375 4633 „ha-
1544 4581 1590 4628 g.
1627 4563 1853 4633 nubere]
1905 4567 1978 4619 Cf.
2017 4566 2178 4617 adnot.
2215 4563 2275 4613 ad
2312 4560 2493 4613 turum
2526 4557 2599 4613 Ad

1476 4633 1619 4686 Uxor.
1641 4633 1743 4696 1,7.
1790 4635 1920 4687 Adde
1948 4634 2015 4683 De
2029 4628 2402 4682 Exhort.Castit.
2426 4642 2532 4692 esp.
2549 4612 2611 4677 de

2178 4710 2290 4763 49*
