3263 5311
488 797 598 853 Gap.
610 796 661 839 V.

697 411 826 475 426

1202 426 1404 478 QUINTI
1448 425 1710 469 saprum
1751 423 2081 474 nonanus
2126 424 2516 468 warunnam

694 561 838 639 ⁴⁶'sit
878 577 1126 639 rationis
1170 577 1496 654 interpres„
1539 584 1635 647 ut,
1694 575 1746 635 si
1792 583 1866 636 et=
1893 576 2233 636 hanc‘deus
2278 573 2544 646 dederit,
2603 581 2741 633 tunc
2784 572 3035 636 ”discas

699 695 823 740 non
865 696 939 740 an
984 675 1352 738 observanda
1396 675 1476 737 sit
1516 675 1626 736 tibi
1671 676 2071 748 cousuetudo,
2121 675 2230 737 sed
2269 693 2396 736 mr.

867 779 1087 840 ²Maior
1127 776 1414 838 'efficitur
1455 776 1604 837 ratio
1648 774 2117 838 Christianarum
2162 774 2671 844 observationum,
2731 791 2866 835 cnm
2892 773 3036 840 ,illas

610 877 611 880 ’
699 880 874 941 etiam
915 887 1123 940 natura
1164 876 1492 951 ³defendit,
1539 895 1690 955 quae
1718 875 1942 955 ⁴prima
1969 877 2235 938 omnium
2265 874 2572 954 disciplina
2603 883 2717 936 est.
2781 873 3038 954 Ideoque

694 980 843 1041 haee
882 977 1071 1058 prima
1113 977 1498 1057 ‘’praesa-ibit
1539 994 1823 1038 coronam
1866 976 2040 1055 capiti
2081 989 2208 1064 non
2247 974 2587 1038 convenire.
2658 975 2809 1036 Puto
2839 982 3036 1037 autem

695 1080 976 1141 ‘naturae
1018 1078 1165 1140 deus
1210 1085 1417 1142 noster
1460 1085 1582 1151 est,
1630 1076 1731 1156 qui
1771 1077 2046 1156 figuravit
2083 1076 2385 1138 hominem
2430 1073 2803 1139 sumus
2835 1093 3036 1137 rerum

696 1179 1111 1259 ''appetendis,
1164 1178 1528 1253 iudicandis,
1584 1177 2020 1257 consequendis
2065 1175 2295 1239 ‘certos
2352 1177 2414 1238 in
2458 1196 2531 1239 eo
2574 1194 2791 1238 sensus
2831 1175 3032 1238 ¹'ordi-

694 1280 855 1343 navit
895 1298 1004 1360 per
1057 1280 1297 1359 propria
1352 1278 1786 1354 membrorum,
1813 1277 2249 1356 quodammodo
2305 1295 2544 1356 organa.
2635 1276 2922 1340 Auditum
2973 1278 3033 1337 iu

695 1381 939 1443 auribus
968 1380 1149 1449 fodit,
1198 1379 1442 1456 ¹⁰,visum
1484 1380 1549 1440 in
1594 1376 1781 1439 oculis
1825 1379 2142 1453 accendiv,
2188 1386 2427 1458 gustum
2469 1377 2532 1439 in
2575 1396 2682 1438 ore
2725 1378 3031 1456 congrait,

696 1483 1009 1544 odoratum
1052 1482 1114 1542 in
1157 1480 1398 1542 naribus
1440 1478 1767 1551 ventilavit,
1820 1486 2156 1541 contactum
2200 1479 2262 1540 in
2305 1478 2579 1540 manibus
2623 1477 3033 1540 “extimavitffi

692 1583 811 1645 Per
864 1583 1010 1644 haec
1063 1580 1377 1643 exterioris
1430 1579 1694 1641 hominis
1748 1578 2078 1641 ministeria
2131 1578 2456 1640 ¹²interiori
2511 1578 2742 1640 homini
2781 1577 3032 1640 admini-

695 1684 979 1745 strantia·
1030 1682 1257 1743 fructus
1314 1698 1628 1744 munerum
1685 1679 2022 1743 divinorum
2080 1679 2204 1741 aad
2259 1671 2513 1742 animam
2578 1679 2952 1741 deducuntur
3001 1697 3034 1740 a

693 1834 776 1885 46.
814 1834 877 1884 sit
911 1801 1129 1883 trationis
1164 1830 1261 1895 Αβ.
1376 1832 1459 1882 47.
1498 1832 1658 1882 discas
1706 1847 1801 1882 non
1838 1846 1898 1882 an
1933 1833 2019 1882 An.
2109 1832 2269 1882 discas
2316 1829 2446 1896 quod
2493 1846 2588 1882 nou
2636 1832 2803 1882 BCDE.
2838 1832 3032 1895 Muqlia-
3065 1797 3078 1807 ι

580 1959 595 1966 ,
693 1903 956 1953 beehianus.
1028 1901 1206 1961 discas,
1243 1914 1329 1949 cnr
1363 1913 1472 1949 nam
1509 1900 1642 1950 FGH.

830 1969 945 2032 Cap.
984 1968 1032 2018 V.
1108 1968 1151 2016 1.
1192 1968 1355 2018 Omnes
1390 1969 1589 2017 editores
1623 1982 1791 2017 novum
1823 1974 1959 2031 caput
1982 1969 2209 2031 incipiunt
2222 1984 2239 2018 .·
2277 1966 2371 2022 Sed
2397 1981 2482 2016 cur
2511 1966 2669 2016 maior
2690 1982 2810 2031 sqq„
2849 1974 3032 2031 excepto

692 2053 783 2087 uno
799 2037 1013 2100 Riualtio,
1054 2038 1133 2100 qui
1168 2042 1319 2084 tamen
1354 2050 1447 2086 non
1467 2036 1613 2098 magis
1636 2051 1770 2098 quam
1790 2036 1959 2100 reliqui
1992 2038 2218 2085 rationem
2253 2035 2345 2085 loci
2379 2035 2608 2084 intellexit
2644 2049 2745 2084 cum
2781 2035 3032 2097 distingue·

690 2105 790 2155 ret:
827 2104 1143 2162 consuetudo,
1179 2103 1267 2151 sed
1304 2116 1389 2150 cur
1424 2103 1579 2152 maior
1613 2125 1860 2160 —--—,
1886 2099 2140 2165 disciplina
2165 2110 2254 2152 est.
2305 2101 2513 2165 ideoque
2546 2116 2648 2165 sqq.
2747 2099 2794 2150 2.
2832 2101 3033 2152 efficitur

692 2186 847 2222 omnes
882 2171 994 2221 libri
1022 2177 1206 2234 praeter
1238 2170 1389 2230 fou,
1430 2185 1547 2233 quae
1578 2172 1799 2233 praebent
1833 2169 2047 2231 exigitur.
2155 2168 2203 2218 3.
2239 2169 2465 2219 defendat
2501 2169 2709 2218 Ursinus.
2795 2167 2845 2219 4.
2881 2168 3031 2233 prima

693 2238 824 2288 omni
860 2238 1114 2301 disciplina
1151 2236 1326 2301 amco.
1432 2236 1478 2285 5.
1515 2237 1800 2300 praescribit
1833 2238 1918 2286 AR.
2007 2236 2189 2286 scribet
2225 2236 2268 2286 C.
2351 2236 2649 2299 praescribet
2695 2237 2880 2300 reliqui.
2979 2233 3032 2284 6.

692 2320 859 2355 ...urae
894 2305 1014 2354 deus
1051 2312 1217 2353 noster
1251 2311 1326 2352 est
1369 2300 1485 2368 Αφ.
1574 2318 1743 2353 ...urae
1789 2303 1908 2352 deus
1957 2307 2122 2354 noster
2153 2301 2251 2364 Αβ.
2340 2310 2538 2352 naturae
2585 2302 2705 2352 deus
2753 2312 2920 2353 noster
2957 2309 3033 2351 est

690 2372 901 2432 DEFGH‚
941 2378 983 2422 et
1016 2372 1455 2436 Mayliabecltiunus.
1524 2379 1678 2420 mater
1711 2371 1832 2421 deus
1869 2378 2035 2420 noster
2068 2378 2142 2419 est
2175 2371 2260 2420 BC.
2344 2371 2473 2434 quod
2509 2376 2679 2419 natura
2715 2370 2836 2419 deus
2869 2379 3034 2419 noster

694 2447 767 2489 est
801 2439 850 2488 B.
874 2454 1042 2489 maes.
1117 2445 1313 2487 naturae
1350 2437 1575 2487 dominus
1611 2438 1732 2486 deus
1768 2446 1936 2487 noster
1971 2444 2044 2486 est
2083 2438 2128 2487 R.
2226 2437 2271 2486 7.
2310 2436 2643 2501 appendentiis
2666 2438 2719 2487 D.
2792 2436 2839 2488 8.
2875 2445 3032 2487 certos

692 2520 828 2555 meos
864 2519 1039 2555 sensus
1070 2506 1118 2556 C.
1204 2505 1254 2554 9.
1291 2504 1525 2560 ordinavit
1559 2505 1756 2568 propria
1794 2505 2374 2568 BCD‚Mayliabechianus-.
2424 2506 2544 2560 Ouid
2562 2505 2615 2555 A.
2652 2506 2864 2554 iuuenem
2896 2507 3034 2554 bodie

688 2575 908 2623 nescitur.
978 2573 1030 2622 In
1063 2573 1258 2637 reliquis
1294 2575 1502 2622 omnibus
1541 2578 1607 2621 est
1656 2572 1889 2621 ordinavit
1934 2585 2022 2635 per
2070 2571 2282 2634 propria.
2401 2571 2480 2621 10.
2530 2571 2730 2620 attendit
2767 2571 2812 2620 C.
2890 2573 3032 2621 Verba

689 2640 842 2691 visum
892 2639 940 2689 in
977 2638 1132 2689 oculis
1169 2638 1387 2689 accendit
1431 2642 1482 2688 in
1514 2641 1564 2688 Α.
1596 2651 1696 2689 ‘non
1742 2647 1914 2690 extant.
2037 2638 2115 2688 11.
2154 2639 2390 2689 extimavit
2422 2639 2579 2689 ABCR.
2660 2636 2922 2687 aestimarit
2957 2653 3038 2689 re-

690 2710 824 2773 liqui.
932 2705 1011 2757 12.
1048 2706 1308 2756 conteriori
1346 2706 1527 2755 homini
1566 2707 1853 2756 ministranti
1906 2706 2031 2769 Bel),
2072 2714 2114 2756 et
2149 2707 2590 2770 Mayliabechiunus.
2695 2707 2746 2755 In
2778 2705 2863 2755 AR.
2899 2713 3034 2754 extat

690 2775 782 2825 Per
818 2775 951 2837 haec,
973 2774 1221 2824 exterioris
1258 2774 1467 2823 bominis
1503 2774 1883 2824 administrantia
1920 2788 2172 2823 munerum
2209 2777 2402 2839 reliquis
2428 2777 2630 2825 omissis.
2697 2770 2912 2822 interiori
2935 2771 3033 2821 bo-

691 2843 806 2892 mini
844 2842 1159 2892 ministrantis
1195 2842 1326 2900 B(m.
1352 2842 1529 2901 sec.)E.
1599 2841 1818 2891 interiori
1855 2841 2035 2891 homini
2073 2842 2388 2890 ministrantia
2425 2840 2557 2890 ΓΒΗ.

692 2910 992 2959 deducuntur
1045 2910 1105 2959 ad
1152 2923 1327 2959 sensus
1374 2908 1633 2969 (adsensus
1679 2925 1771 2959 uno
1807 2910 2027 2959 vocabulo
2064 2908 2135 2966 fl.)
2168 2909 2253 2959 AR.
2335 2909 2551 2958 Fortasse
2585 2907 2928 2958 rescribendum
2976 2905 3038 2957 ad

693 2978 899 3026 animam
937 2976 1238 3026 deducuntur
1285 2991 1340 3026 ac
1388 2982 1579 3026 sensus.
1659 2977 1712 3025 In
1755 2978 1949 3041 reliquis
1997 2977 2206 3026 omnibus
2254 2983 2295 3026 et
2329 2979 2386 3043 in,
2413 2975 2810 3039 Mayliabechimto
2860 2982 2928 3024 est
2976 2974 3038 3023 ad

690 3045 895 3093 animam
933 3043 1235 3095 deducuntur
1271 3059 1296 3092 a
1332 3044 1572 3093 sensibus.

2662 2839 2740 2891 13.
2778 2839 2835 2887 ab
2873 2838 3036 2889 anima
3085 2844 3106 2869 ·“

761 3145 875 3207 Cap.
914 3144 962 3195 V.
1024 3160 1067 3193 a.
1104 3145 1256 3193 visum
1294 3145 1342 3193 in
1380 3143 1534 3193 oculis
1571 3138 1810 3207 accendit]

686 3211 755 3261 La
792 3211 947 3262 Cerda
1000 3213 1114 3261 citat
1158 3211 1319 3261 locum
1358 3211 1524 3261 Hilarii
1560 3210 1729 3260 Pistav.
1768 3225 1808 3259 c.

689 3279 940 3329 Constant.
976 3277 1088 3339 Aug.
1146 3279 1373 3338 „Quaero
1423 3278 1548 3327 unde
1596 3278 1694 3327 ista.
1733 3278 1810 3327 bis

688 3360 811 3408 quos
847 3358 1049 3405 generas
1072 3344 1342 3406 indulgeas,
1378 3346 1586 3408 qualiter
1610 3358 1808 3393 sensnm

688 3412 894 3470 inseras,
930 3411 1090 3460 oculos
1126 3414 1368 3472 menam,
1407 3426 1493 3461 cor
1527 3408 1775 3473 affigas?“

757 3477 805 3527 b.
844 3474 1103 3542 extimavit]
1142 3481 1187 3527 b.
1215 3494 1256 3527 e.
1302 3486 1571 3528 contactum
1609 3480 1658 3528 in
1696 3494 1810 3543 par-

684 3545 817 3594 tibus
877 3545 1098 3607 corporis
1152 3544 1358 3603 extimis,
1412 3544 1597 3595 scilicet
1654 3546 1812 3607 digitis

687 3612 893 3671 extimis,
946 3610 1213 3663 collocavit.
1310 3612 1378 3661 lta
1430 3611 1662 3672 Rigaltius
1716 3613 1810 3663 iam

686 3678 804 3728 olim
841 3677 1105 3741 explicavit.

753 3761 794 3797 c.
846 3746 1108 3799 ministeria
1157 3745 1373 3795 interiori
1422 3746 1604 3794 bomini
1653 3745 1809 3795 admi-

650 3811 959 3877 ·nistrantia]
1017 3814 1275 3864 Minister-ia
1319 3819 1433 3879 sunt
1476 3826 1660 3877 organa
1709 3813 1809 3875 illa,

683 3883 869 3931 aurium
900 3881 1103 3938 scilicet,
1139 3881 1257 3939 oris,
1294 3880 1565 3940 oculorum,
1602 3880 1807 3940 narium,

681 3962 929 3998 manuum.
966 3947 1261 3997 Vocabulum
1281 3950 1587 3998 assisteriam
1610 3947 1806 4009 saepius

681 4016 799 4129 ἷῗῐῗ
835 4029 945 4143 iffi»
960 4014 1363 4131 ψῖἰειᾶυίωῗᾙῗι
1390 4023 1552 4132 ”mum
1570 4023 1680 4131 xiii
1722 4014 1804 4129 {³7⁸

791 4119 805 4130 .
950 4115 962 4129 .
1042 4116 1055 4141 ‚
1144 4116 1161 4128 .
1366 4117 1378 4130 .
1520 4117 1532 4130 .
1680 4117 1694 4139 ,
1791 4117 1804 4131 .

679 4146 802 4197 Hist.
825 4147 887 4206 ll,
910 4146 992 4197 59.
1041 4147 1240 4197 Sueten.
1278 4148 1406 4197 Nero
1432 4147 1633 4212 cap-12.
1684 4148 1806 4207 Ter-5

680 4213 786 4263 tull.
802 4212 1004 4277 Apolog.
1034 4229 1139 4279 cap.
1153 4214 1236 4266 39.
1263 4214 1344 4265 ubi
1364 4214 1473 4266 cod.
1492 4215 1631 4265 Fuld.
1656 4229 1803 4277 prae-

675 4280 762 4330 het
808 4280 1053 4340 „Oramus
1088 4283 1229 4331 etiam
1283 4296 1375 4344 pro
1409 4282 1805 4346 imperatoribus,

675 4361 770 4410 pro
784 4350 1055 4399 miani-sterius
1069 4347 1291 4398 eorum.“
1310 4349 1379 4398 Ad
1394 4349 1525 4401 Natt.
1539 4347 1649 4407 1,18
1668 4348 1800 4409 „Sed

678 4423 729 4464 et
750 4422 989 4467 tormenta
1012 4415 1187 4465 mulier
1203 4416 1351 4467 Attica
1370 4415 1581 4477 tatigavit
1601 4422 1802 4479 tyranno

676 4496 877 4544 negans,
912 4490 1181 4547 postremo,
1219 4497 1280 4531 ne
1311 4482 1506 4533 cederet
1542 4498 1721 4546 corpus
1756 4490 1805 4532 et

674 4563 837 4607 sexus,
875 4550 1086 4613 linguam
1123 4563 1257 4599 suam
1296 4556 1483 4611 pastam
1510 4552 1688 4612 expuit,
1724 4556 1803 4609 to:

668 4618 780 4665 tum
796 4616 1076 4667 eradicatae
1097 4616 1421 4667 confessionis
1437 4613 1808 4671 ministeiium.“

1915 3144 1982 3192 De
2020 3143 2200 3192 Paenit.
2255 3158 2361 3207 cap.
2403 3140 2480 3191 12.
2576 3114 2909 3205 Admittas-trare
2956 3141 3037 3190 hie

1911 3225 2052 3260 sumo
2088 3224 2180 3275 pro
2213 3226 2310 3262 uua
2330 3212 2609 3270 ministrare,
2647 3226 2717 3260 sc.
2739 3217 2787 3259 et
2809 3209 3038 3259 exterieri

1913 3284 1961 3326 et
2006 3278 2222 3327 interiori
2270 3277 2471 3327 bomini.
2553 3278 2702 3326 Verba
2745 3293 2780 3327 a
2822 3278 3041 3326 sensibus

1875 3372 1884 3380 ·
1909 3351 2044 3394 verto
2069 3356 2166 3394 non
2192 3336 2300 3391 ἀπὸ
2329 3345 2418 3394 sed
2437 3332 2541 3392 ὕπὸ
2560 3342 2676 3391 τῶν
2695 3335 3034 3401 αἰσθήσεων.

1913 3410 2161 3473 Rigaltius,
2207 3414 2287 3475 qui
2323 3412 2654 3461 auctoritatem
2693 3411 2874 3461 codicis
2907 3411 3027 3472 Ago-

1911 3478 2099 3528 bardini
2135 3483 2297 3542 (quem
2332 3478 2597 3528 innumeris
2619 3479 2805 3527 lacunis
2826 3486 2874 3527 et
2894 3490 3041 3526 men-

1914 3545 1990 3595 dis
2038 3560 2125 3610 per
2173 3545 2356 3595 librarii
2406 3546 2640 3595 incuriam
2690 3546 2814 3595 uatis
2864 3544 3042 3594 foeda-
3099 3570 3110 3577 —

1911 3621 2012 3664 tum
2062 3628 2174 3662 esse
2220 3627 2278 3663 ex
2325 3615 2419 3662 boc
2466 3614 2531 3663 Do
2568 3613 2759 3662 Corona
2805 3611 2938 3660 libro
2995 3620 3044 3660 et

1909 3679 2114 3743 reliquis
2150 3679 2292 3729 facile
2326 3679 2499 3742 aliquis
2534 3678 2908 3736 demonstraret)
2956 3692 3043 3727 ss·-

1911 3748 2154 3809 quendum
2191 3748 2387 3810 putavit,
2434 3747 2507 3796 sic
2553 3746 2752 3810 probat:
2789 3745 2883 3795 Per
2917 3744 3044 3794 baec

1912 3827 2108 3874 organa,
2144 3814 2332 3863 aurium
2367 3813 2569 3873 scilicet,
2605 3813 2723 3873 oris,
2760 3811 3044 3869 oculorum,

1911 3882 2098 3930 narium
2136 3896 2193 3929 ac
2210 3881 2419 3943 denique
2439 3890 2685 3940 manuum,
2721 3892 2846 3942 quae
2871 3878 3044 3928 omnia

1909 3947 2132 3997 exteriori
2181 3946 2382 4006 bomini,
2430 3947 2475 3996 id
2519 3944 2845 4008 estfeorpori,
2896 3945 3044 3997 adia⁴

1908 4014 2155 4064 mulantur
2189 4021 2240 4065 st
2271 4014 2626 4073 administrant,
2677 4025 2843 4063 rerum
2892 4019 3044 4062 natu-

1906 4082 2099 4141 ralium,
2135 4094 2259 4144 quae
2294 4086 2408 4130 suut
2441 4096 2468 4129 a
2496 4080 2587 4129 deo
2614 4079 3044 4140 bominumgntia

1907 4149 2145 4207 conditae,
2191 4147 2450 4197 adsensum
2500 4149 2599 4196 sive
2634 4146 3045 4209 adprobationem

1906 4214 1965 4264 ab
2023 4216 2184 4266 anima
2235 4214 2424 4267 dedn'ci.
2514 4213 2698 4277 Nempe
2749 4213 2918 4262 anima
2965 4220 3045 4262 est

1906 4296 2030 4345 quae
2065 4282 2214 4341 audit,
2250 4282 2409 4333 anima
2445 4282 2522 4330 est
2539 4292 2663 4345 quae
2691 4279 2836 4338 videt,
2874 4280 3044 4329 anina

1904 4356 1979 4399 est
2013 4364 2140 4412 quae
2172 4350 2336 4409 sentit,
2380 4348 2441 4397 ab
2477 4348 2635 4398 anima
2671 4347 2935 4397 deducitur
2968 4345 3045 4395 vis

1905 4415 1986 4465 illa
2023 4416 2266 4476 audiendi,
2300 4415 2508 4475 videndi,
2543 4413 2803 4465 sentiendi.
2867 4412 3045 4475 Itaque

1903 4484 2094 4532 animae
2127 4483 2355 4534 sentienti
2400 4491 2532 4532 recte
2579 4480 2825 4531 adsentire
2862 4480 3045 4530 diean—

1902 4556 1981 4599 tur
2016 4564 2177 4612 aures,
2213 4550 2360 4610 oculi,
2397 4562 2587 4611 manus,
2621 4562 2713 4612 per
2731 4561 2860 4612 quae
2876 4546 3048 4597 anima

1904 4618 2054 4680 audit,
2089 4616 2231 4680 videt,
2269 4618 2434 4681 tangit.
