3263 5311
804 389 931 453 690
1315 387 1517 450 Quin-rr
1561 398 1824 442 sse-nnn
1864 398 2196 443 raounnrts
2239 398 2629 443 tenturum!

796 554 1105 636 spectiora
1144 551 1359 614 feceris
1402 560 1463 611 et
1501 549 1691 629 magis
1736 548 2076 632 ''captanda
2129 548 2334 629 gemili
2387 548 2737 612 uitiositati.
2811 547 3057 610 Latebisne

804 664 903 731 tu,
948 655 1135 717 ¹*cum
1177 651 1491 726 lectulum,
1558 669 1694 715 cum
1747 650 2165 731 corpusculum
2216 658 2384 714 tuum
2438 650 2674 730 signas,
2743 667 2865 712 cum
2900 648 3061 729 aliquid

806 755 1176 819 immundum
1205 753 1399 815 ¹⁸fletu
1440 752 1764 833 explodis·‚
1809 771 1944 816 cum
1988 752 2166 815 etiam
2205 770 2317 832 per
2352 760 2589 814 noctem
2621 750 2843 849 exui-ffl‘s
2869 759 3059 822 oratum,

810 866 872 920 et
912 875 1055 919 nou
1114 854 1341 935 magiae
1402 853 1622 935 aliquid
1691 853 2037 917 ¹⁰videberis
2101 851 2384 935 operari?
2482 852 2617 915 Non
2680 851 2821 915 sciet
2873 851 3062 913 marinis

806 957 947 1039 quid
992 965 1223 1019 secreto
1268 964 1404 1018 ante
1460 973 1699 1017 omnem
1755 955 1951 1018 cibum
2005 952 2302 1035 gustesb?
2374 962 2438 1016 et
2489 955 2545 1016 si
2603 953 2832 1016 sciven't
2884 970 3061 1032 panem.

807 1059 985 1121 ”non
1042 1058 1210 1146 illum
1278 1057 1467 1120 credit
1519 1075 1659 1119 esse
1714 1057 1815 1137 qui
1881 1054 2137 1119 dicitur?
2241 1055 2318 1119 Et
2371 1055 2519 1119 haec
2571 1056 2846 1137 ignorans
2894 1053 3065 1134 ¹‘quis-

804 1179 921 1241 que
986 1159 1278 1222 rationem
1337 1158 1685 1239 simpliciter
1743 1157 2112 1222 sustinebit?
2189 1158 2320 1219 sine
2377 1155 2650 1238 gemitu?
2735 1158 2855 1219 sine
2915 1153 3063 1234 suspi-

805 1262 977 1324 cione
1038 1260 1209 1342 panis
1275 1278 1350 1322 an
1416 1258 1675 1322 veneni?
1795 1260 2107 1322 Sustinent
2173 1257 2519 1340 ¹⁹quida1i1·,
2593 1259 2702 1322 sed
2765 1267 2827 1320 ut
2879 1253 3064 1317 ²¹'incul-

806 1414 888 1465 13.
925 1413 1158 1479 captanda
1196 1415 1242 1466 d.
1314 1414 1541 1465 castanda
1573 1414 1625 1463 Α.
1699 1399 1905 1463 cavenda
1937 1415 2123 1478 reliqui.
2193 1412 2449 1463 scrutanda
2470 1413 2825 1464 Hildebrendus.
2899 1409 2966 1459 14.
2994 1419 3066 1457 cun

803 1483 1033 1547 loctulqm
1080 1499 1169 1532 om.
1191 1484 1242 1532 Δ.

804 1553 919 1602 flatu
961 1551 1128 1615 expuis
1162 1552 1345 1615 reliqui.

802 1620 992 1670 ratione
1025 1619 1103 1669 Fr.
1124 1619 1301 1668 Iunius.

806 1696 906 1738 tent
939 1689 1031 1738 Ios.
1056 1687 1277 1750 Scaliger.

873 1789 937 1840 Ca
978 1825 989 1835 .
1027 1788 1076 1836 V.

803 1858 917 1906 natu
941 1803 1195 1920 {modis}
1232 1853 1461 1916 Rigaltius
1497 1853 1646 1904 edidit
1659 1856 1815 1915 flantis
1838 1869 1922 1903 cx-

798 1926 957 1991 plodis
990 1931 1038 1973 et
1073 1924 1413 1985 interpretatus
1449 1929 1523 1971 est
1557 1922 1651 1970 ita:
1685 1921 1921 1985 „Aliquid

804 1993 961 2042 flantis
997 1990 1296 2040 immundum
1342 1989 1454 2039 dicit
1502 1989 1688 2040 nidoris
1722 1988 1922 2053 aliquid,

801 2074 898 2124 quo
935 2059 995 2109 de
1032 2072 1112 2107 ara
1164 2058 1377 2107 fumante
1413 2056 1712 2107 Christianae
1761 2066 1919 2107 traus-

802 2128 961 2178 euntis
996 2141 1138 2175 nares
1172 2125 1342 2175 adflari
1395 2132 1537 2189 atque
1584 2125 1763 2175 offendi
1802 2140 1920 2174 con-

804 2194 1069 2258 tingebat.“
1140 2193 1190 2242 V.
1225 2207 1347 2257 quae
1383 2207 1472 2255 ego
1510 2192 1728 2243 adnotavi
1765 2193 1825 2242 ad
1853 2193 1920 2242 De

805 2263 979 2313 idolol.
1018 2261 1219 2326 cap.1l.

872 2332 918 2381 b.
955 2329 1069 2394 quid
1116 2336 1303 2378 secreto
1355 2336 1464 2377 ante
1512 2343 1706 2378 omnem
1760 2328 1918 2378 cibum

802 2392 1034 2462 gaston]
1091 2396 1440 2447 Eucharistiam
1477 2412 1504 2445 a
1541 2396 1795 2448 sacerdote
1830 2396 1921 2446 do-

802 2480 936 2517 mum
989 2466 1208 2515 ferebant
1254 2473 1301 2514 et
1347 2465 1672 2524 reservabant,
1727 2472 1780 2515 ut
1831 2478 1919 2528 pro

802 2533 1163 2598 opportunitate
1187 2540 1449 2581 sumerent.
1500 2532 1568 2582 De
1584 2532 1716 2581 Orat.
1732 2547 1838 2596 cap.
1859 2532 1922 2581 14

802 2609 1046 2666 ,accepto
1094 2614 1300 2665 corpore
1348 2600 1529 2649 domiui
1586 2609 1634 2649 et
1677 2608 1920 2650 reservato

802 2679 1058 2734 utrumque
1094 2669 1277 2719 salvum
1314 2669 1439 2718 est.“
1477 2669 1562 2730 (La
1593 2668 1786 2729 Cerda.)

871 2755 913 2789 c.
951 2738 1197 2788 Sustinent
1248 2731 1464 2801 quidam]
1520 2736 1742 2787 Ostendit
1800 2750 1923 2799 quae

802 2806 1017 2870 pericula
1065 2806 1360 2864 immineant,
1412 2819 1535 2869 quae
1582 2804 1776 2853 vulnera
1812 2802 1924 2853 fidei

803 2875 1080 2937 infligantur
1115 2874 1178 2923 ob
1215 2873 1436 2937 dispares
1471 2874 1663 2936 nuptias
1687 2872 1923 2922 Christia-

805 2956 896 2992 nae
932 2955 1040 2991 cum
1077 2941 1259 3003 gentili,
1289 2954 1397 2990 cum
1433 2941 1538 3004 ipsa
1574 2940 1768 3005 quidem
1805 2954 1923 2989 con-

1451 1548 1529 1598 16.
1566 1549 1741 1599 videris
1776 1550 1903 1601 BCD.

1146 1802 1190 1837 a.
1239 1799 1346 1836 cum
1394 1784 1572 1850 aliquid
1622 1786 1919 1836 immundum

805 3011 1076 3060 versatione
1111 3018 1159 3058 et
1191 3007 1414 3058 familiari
1440 3010 1656 3058 convictu
1682 3007 1926 3058 Ecclesiae
1974 3002 1986 3015 ‘

806 3084 1125 3137 sacramenta,
1161 3090 1284 3141 quae
1320 3076 1493 3126 melius
1530 3076 1654 3125 inter
1692 3076 1924 3126 Christia-

808 3160 899 3196 nos
936 3145 1164 3206 coniuges
1199 3143 1488 3202 celarentur,
1526 3144 1572 3193 in
1609 3144 1924 3206 profanorum

808 3213 980 3263 oculos
1014 3212 1219 3269 veniant,
1257 3212 1384 3262 unde
1420 3212 1747 3275 captatoribus
1782 3226 1926 3261 occa-

809 3282 974 3331 siones
1010 3280 1202 3330 vexandi
1223 3279 1641 3342 calumniandique
1661 3280 1927 3343 praebean-

810 3358 904 3397 tur.
973 3347 1095 3398 Nam
1142 3347 1221 3412 qui
1268 3347 1373 3396 fleri
1421 3356 1581 3411 potest
1616 3355 1667 3396 ut
1705 3361 1799 3397 uon
1836 3347 1928 3396 ali·

811 3414 1003 3479 quando
1040 3414 1428 3480 deprehendatur
1465 3429 1492 3463 a
1527 3416 1701 3464 marito
1737 3415 1929 3475 mulier,

812 3495 959 3545 iseum
998 3482 1055 3531 ad
1093 3494 1285 3531 omnem
1315 3496 1626 3545 progressum
1646 3490 1787 3546 atque
1810 3497 1930 3547 pro·

812 3557 1015 3608 motum,
1053 3549 1113 3598 ad
1148 3563 1340 3598 omnem
1372 3549 1551 3599 aditum
1571 3562 1618 3598 et
1643 3553 1836 3611 exitum,
1869 3550 1928 3600 ad

810 3618 1030 3667 vestitum
1078 3625 1127 3665 et
1173 3616 1453 3677 calceatum,
1506 3618 1566 3667 ad
1614 3617 1818 3677 lavacra,
1869 3618 1929 3668 ad

814 3698 1026 3743 mensas,
1063 3685 1121 3734 ad
1158 3684 1356 3744 lumina,
1405 3685 1461 3735 ad
1510 3685 1705 3744 cubilia,
1753 3686 1813 3734 ad
1849 3701 1931 3735 se-

815 3753 928 3803 dilia
984 3754 1191 3802 frontem
1256 3754 1413 3803 crucis
1461 3752 1711 3816 signaculo
1767 3749 1932 3803 teret?

816 3835 961 3886 quum
999 3836 1110 3871 arae
1146 3822 1372 3871 fumantis
1421 3821 1620 3871 odorem
1658 3821 1933 3872 nidoremve

815 3891 1048 3939 detestata
1083 3890 1353 3939 exsufflabit
1401 3904 1457 3939 ac
1491 3886 1734 3955 despuet?
1785 3904 1931 3955 quum

817 3958 1024 4021 denique
1060 3972 1149 4022 per
1186 3964 1375 4007 noctem
1410 3957 1469 4006 ad
1505 3968 1765 4008 conventus
1796 3966 1931 4007 ante-

818 4025 1018 4075 lucanos
1072 4028 1274 4089 hymnos
1334 4025 1527 4076 Christo
1591 4026 1684 4075 deo
1749 4025 1931 4075 dictura

815 4089 1024 4154 surget?
1093 4094 1220 4142 llaec
1266 4092 1348 4143 ille
1398 4108 1492 4145 non
1540 4093 1934 4158 interpretabitur

816 4161 955 4224 quasi
983 4160 1114 4210 diras
1133 4168 1182 4210 et
1198 4161 1476 4221 defixiones,
1512 4168 1561 4212 et
1580 4163 1762 4223 magica
1781 4175 1932 4226 quae·

817 4226 927 4277 dam
993 4226 1384 4278 incantamenta?
1452 4230 1558 4280 Nou
1611 4231 1733 4279 sciet
1784 4242 1932 4293 quum

816 4303 1051 4345 servatam
1078 4296 1208 4344 domi
1231 4296 1567 4347 eucharistiam
1591 4293 1799 4347 sumes?
1834 4311 1929 4346 nou

814 4363 1140 4413 sciscitabitur
1174 4364 1412 4413 curiosius
1482 4366 1558 4415 uid
1596 4375 1784 4415 secreto
1823 4373 1932 4415 ante

816 4445 1010 4482 omnem
1065 4430 1222 4480 cibum
1275 4440 1472 4493 gustes.
1562 4433 1621 4482 Et
1668 4435 1709 4482 si
1747 4433 1935 4484 sciverit

816 4514 991 4565 panem
1028 4513 1153 4560 esse,
1190 4513 1285 4547 non
1323 4501 1546 4551 continuo
1582 4516 1747 4551 secum
1785 4517 1932 4565 repu-

813 4568 934 4618 tabit
967 4582 1142 4632 pauem
1178 4566 1313 4616 illum
1368 4582 1476 4617 esse
1531 4570 1612 4634 qui
1635 4564 1824 4620 ‘dicitur
1857 4571 1932 4619 in·

816 4635 1046 4688 lauticidii
1091 4648 1264 4687 cruore
1307 4636 1453 4700 tingi,
1519 4652 1641 4701 quae
1696 4637 1933 4688 calumnia

1408 1615 1487 1667 ts.
1523 1617 1719 1682 quidam
1752 1619 1856 1678 Aa„
1895 1617 2247 1668 Fulmvrsims.
2334 1615 2528 1680 quidem
2562 1618 2751 1683 reliqui.

1366 1481 1444 1531 15.
1496 1483 1607 1531 llatu
1656 1481 1874 1546 explodis
1911 1498 2009 1546 eqo.
2091 1482 2248 1531 flantis
2296 1480 2516 1545 explodis
2551 1483 2599 1531 d.
2679 1481 2802 1530 ssatis
2833 1476 3067 1542 explodisl.

2020 1548 2098 1599 17.
2136 1563 2248 1599 num
2283 1549 2414 1599 stile.
2452 1548 2662 1598 Ursinus.
2767 1546 2842 1598 18.
2875 1545 2967 1610 quis
3006 1555 3065 1605 qn

2859 1612 2931 1664 20.
2959 1607 3067 1661 insul·

2020 1792 2120 1835 tum
2157 1786 2360 1835 maxime
2396 1786 2702 1837 Christianos
2745 1779 2957 1847 vexabat?
3003 1780 3067 1831 ne-

2022 1868 2129 1903 mus
2165 1868 2277 1903 vero
2312 1853 2522 1918 aliquem
2558 1855 2764 1919 reperiri
2809 1853 2881 1918 qui
2916 1849 3003 1901 nihil
3026 1846 3067 1895 de

2021 1921 2217 1983 magieis
2254 1922 2455 1980 artibus,
2492 1922 2611 1972 nibil
2652 1923 2712 1973 de
2746 1921 3064 1990 intentionesq-

2023 1989 2100 2050 de,
2137 1989 2254 2039 nibil
2291 1989 2352 2038 de
2387 1989 2565 2040 crudae
2600 1991 2764 2042 carnis
2791 1987 2965 2054 pabule,
2987 1979 3069 2032 nibil

2023 2057 2082 2107 de
2117 2072 2246 2122 pane
2295 2065 2542 2120 cruentato
2590 2059 2880 2122 suspicetur,
2922 2053 3069 2124 sedeq-

2022 2139 2148 2184 rum,
2184 2139 2308 2190 quae
2342 2139 2491 2189 supra
2525 2124 2752 2185 diximus,
2786 2120 2987 2188 signaculi
3004 2132 3068 2167 sei·

2023 2193 2151 2253 lieet,
2204 2193 2569 2253 exsufflationis,
2623 2201 2849 2245 coetuum
2891 2188 3070 2263 antei-5²·

2022 2275 2213 2320 norum,
2250 2262 2390 2324 panis
2425 2261 2708 2324 diligentius
2743 2258 2952 2312 asservati
2970 2262 3069 2305 reuo-

2023 2343 2110 2378 nes
2155 2328 2442 2392 simpliciter
2487 2330 2698 2391 ignoret,
2750 2345 2812 2380 an
2853 2334 2973 2392 pum
2999 2331 3071 2399 Ψ

2023 2410 2133 2446 esse
2184 2398 2266 2460 qui
2313 2398 2434 2447 baec
2483 2398 2704 2460 ignorata
2761 2397 2972 2447 sustineat
3005 2400 3073 2466 ξύ·

2024 2460 2245 2526 gemitu?
2314 2465 2455 2515 Certe
2501 2466 2540 2515 si
2592 2464 2714 2516 nihil
2767 2465 2825 2514 de
2873 2476 2978 2527 pane
3017 2454 3070 2505 ¹¹1⁰

2023 2531 2183 2582 furiali
2221 2539 2270 2581 et
2303 2532 2509 2582 barbaro
2538 2534 2835 2599 suspicetur,
2868 2537 2912 2581 at
2926 2528 3072 2591 depm

2022 2607 2256 2649 venenato
2313 2599 2496 2666 aliquid
2561 2601 2885 2667 suspicabitur
2937 2602 2977 2644 et
3013 2594 3072 2667 ian

2025 2676 2241 2718 metuere
2287 2669 2499 2733 incipiet,
2558 2685 2623 2721 ne
2659 2684 2750 2736 pro
2786 2660 3073 2719 matrefamilu‘

2024 2738 2282 2786 veneficam
2318 2737 2519 2787 duxerit.
2591 2741 2650 2788 At
2698 2738 2817 2788 baec
2863 2733 3074 2805 omniaq-

2025 2804 2203 2854 stinent
2237 2805 2448 2868 quidam,
2485 2806 2594 2855 sine
2628 2807 2824 2869 gemitu,
2857 2805 3074 2858 sinesusri·

2026 2873 2164 2921 cione
2198 2873 2379 2922 veneni.
2461 2872 2558 2923 Sed
2595 2875 2851 2929 sustinent,
2882 2877 2929 2919 ut
2956 2874 3073 2916 uxum

2026 2955 2139 2990 suas
2177 2948 2426 3004 proterant
2453 2954 2511 2991 ac
2529 2938 2745 2992 ludibrio
2770 2941 2971 2993 habeant.
2996 2945 3075 2997 Ψ·

2026 3022 2134 3058 rum
2170 3022 2344 3058 arcana
2380 3010 2427 3057 in
2465 3008 2596 3059 bunc
2632 3024 2777 3059 usum
2803 3010 3021 3058 reserent.
3044 3002 3075 3043 ΙΙ

2028 3076 2235 3125 babeant
2268 3075 2396 3126 uude
2430 3076 2490 3125 iis
2522 3078 2802 3141 periculum
2835 3077 3072 3131 crearepoe·

2029 3145 2143 3205 siut,
2178 3144 2219 3192 si
2255 3143 2382 3194 forte
2417 3145 2464 3194 in
2501 3144 2750 3206 adulterii,
2786 3143 2901 3195 ialso
2922 3141 3072 3207 piem!-

2030 3227 2123 3275 que
2158 3212 2345 3273 crediti,
2382 3213 2716 3277 suspicionem
2744 3213 2932 3263 veniant.
2969 3206 3071 3253 ΒΜ·

2031 3287 2160 3339 nent,
2213 3287 2405 3329 etcum
2458 3280 2803 3346 exploravere,
2853 3276 3072 3346 ipsimet-⁸

2027 3347 2255 3411 produnt,
2290 3355 2343 3398 ut
2377 3346 2532 3398 fidem*
2554 3349 2876 3400 Christianam
2907 3340 3072 3393 exam*

2027 3415 2257 3465 uxoribus
2311 3416 2413 3465 suis
2467 3430 2641 3480 parum
2687 3412 2986 3466 comunibus
3022 3409 3072 3450 ’ὅ

2030 3483 2437 3534 constantioribus
2472 3484 2655 3536 dotem.
2709 3486 2854 3535 Erant
2877 3480 3073 3549 euinqffl

2027 3553 2258 3616 pecunias
2316 3553 2702 3603 concussoribus
2751 3566 2809 3602 ac
2851 3540 3072 3599 delator&

2030 3620 2204 3669 darent
2251 3633 2349 3669 uon
2403 3619 2640 3681 modicas,
2712 3634 2773 3670 ne
2831 3613 3072 3668 delen-enm·

2031 3687 2130 3737 Nec
2164 3686 2364 3737 deerant
2397 3688 2557 3738 mariti
2594 3691 2680 3753 qui
2717 3674 3072 3752 captarent-⁶⁸³·

2032 3756 2214 3805 latores
2249 3756 2589 3815 subornarent,
2638 3756 2913 3821 quibuscum
2949 3747 2995 3796 de
3017 3752 3072 3811 ΡΘ·

2033 3824 2201 3873 cuniae
2235 3830 2382 3888 quota
2417 3824 2652 3874 subiectis
2700 3821 2952 3874 nominibus
2983 3819 3072 3891 Βῆ·

2033 3899 2299 3951 scerentur,
2336 3906 2486 3956 eaque
2521 3893 2826 3943 subiectione
2841 3886 3022 3939 nomint&
3045 3872 3073 3949 ¹5¹

2033 3967 2108 4008 est
2143 3959 2412 4019 creditoris,
2447 3959 2742 4025 plerumque
2775 3967 2952 4008 uxonm
2979 3946 3072 4023 cnr

2033 4029 2298 4077 stianarum
2335 4029 2474 4078 dotes
2510 4027 2796 4093 turpissima
2834 4024 2889 4075 de
2918 4020 3070 4088 1116191*

2032 4110 2123 4159 pro
2149 4095 2372 4146 mercede
2393 4096 2573 4147 silentii
2611 4094 2957 4160 praedabantur.
2995 4082 3068 4131 Μ·

2032 4163 2074 4212 si
2110 4163 2360 4213 fraudatae
2394 4164 2520 4215 dotis
2569 4172 2737 4227 ageret
2785 4173 2908 4216 uxor,
2949 4156 3067 4201 Μ

2033 4232 2147 4295 quia
2197 4231 2485 4289 Christiana,
2540 4231 2605 4281 ab
2659 4228 2952 4283 delatoribus»
2992 4218 3069 4280 *μ’

2033 4300 2234 4349 maritus
2279 4299 2552 4350 subiecerat
2605 4308 2750 4364 atque
2792 4284 3066 4351 subortam}

2035 4368 2082 4417 in
2119 4367 2376 4417 discrimen
2429 4367 2602 4433 capitis
2654 4364 2965 4417 adducebant.
3011 4346 3064 4394 δ’(

2035 4436 2139 4500 ipse
2187 4435 2404 4497 maritus,
2451 4435 2749 4500 speculator,
2803 4432 2877 4497 qui
2923 4426 3063 4501 ''gif'‘

2033 4504 2240 4567 ptiarum
2302 4504 2608 4553 occasionem
2664 4515 2830 4552 arcana
2871 4493 3064 4568 (3th

2032 4571 2239 4621 subdole
2273 4570 2546 4635 speculatus
2584 4578 2709 4631 erat,
2744 4567 2837 4620 litis
2863 4550 3067 4639 arbit-⁸¹⁸⁶·

2032 4639 2160 4721 bau⁸
2179 4646 2283 4689 erat
2315 4639 2442 4690 enim
2478 4653 2682 4690 necesse
2719 4636 2860 4693 uxori,
2891 4642 2966 4681 nist
2986 4630 3068 4672 Μ
