3263 5311
1217 414 1293 457 DE
1338 415 1751 461 Semnonum

299 562 656 622 innocentes
697 559 763 623 in
807 559 1033 630 ludum,
1053 561 1093 594 ¹⁴
1107 573 1382 638 veneunt,
1428 575 1495 629 ut
1534 567 1804 647 publicae

296 662 494 725 Etiam
539 660 641 741 qui
686 660 1039 754 damnantur
1082 664 1144 726 in
1186 665 1408 740 ludum,
1457 668 1630 748 quale
1674 670 1840 743 esth,

297 763 358 823 in
415 762 747 823 homicidas
814 762 1225 848 emendatione
1291 769 1688 847 proficianv?
1774 770 1847 831 Se

298 848 545 943 spon’di.
638 864 913 926 Ceterum
957 865 1144 941 absit,
1212 876 1279 928 ut
1341 869 1415 930 de
1480 869 1657 930 istius
1716 889 1847 952 spe(

298 964 495 1026 discat
540 965 931 1028 Christianus.
1022 967 1062 1000 ¹⁷
1080 967 1450 1049 Quamquam
1492 990 1671 1033 nemo
1715 973 1864 1034 haec
1907 974 2104 1035 omnia
2158 975 2393 1055 plenius
2452 981 2654 1060 expri-

296 1084 468 1126 mere
529 1074 766 1146 potest,
822 1068 939 1129 nisi
985 1068 1085 1148 qui
1128 1070 1322 1130 adhuc
1365 1078 1610 1151 spectat.
1701 1072 1904 1134 ¹⁸Malo
1949 1093 2072 1138 non
2116 1074 2434 1156 implere¹¹,
2480 1099 2655 1160 quam

299 1185 676 1228 meminisse.

475 1269 669 1341 Quam
712 1288 857 1330 vana
899 1269 1109 1348 igitur,
1177 1267 1358 1333 iinmo
1404 1270 1718 1351 desperata
1764 1276 2190 1351 argumentatio
2245 1295 2484 1354 eorum,
2531 1281 2652 1360 qui,
2682 1300 2787 1357 cap.
2818 1299 2906 1343 xx.

300 1369 436 1429 sine
466 1368 648 1430 dubio
680 1370 1206 1446 ¹tergiversatione
1249 1372 1639 1433 ²amittendae
1683 1373 2055 1455 ³voluptatiS,
2125 1374 2472 1441 obtendunt*
2517 1382 2656 1443 nul-

298 1468 419 1529 lam
462 1469 592 1530 eius
638 1469 1030 1539 abstinentiae
1073 1471 1438 1533 mentionem
1483 1474 1817 1553 specialiter
1857 1476 1983 1536 ⁴ch
2036 1476 2337 1560 localiter·
2394 1481 2455 1542 in
2500 1483 2654 1543 scri-

300 1569 494 1648 pturis
542 1570 956 1646 determinari,
1013 1572 1163 1651 ⁵qua
1218 1566 1443 1633 directe
1487 1573 1509 1604 ⁶
1522 1574 1879 1654 prohibeant
1924 1576 2217 1640 eiusmodi
2263 1574 2653 1644 conventibus

297 1670 522 1730 ⁴'inseri
567 1679 807 1731 servum
851 1671 967 1732 dei.
1054 1672 1279 1734 Novam
1341 1673 1613 1753 proxime
1659 1674 2071 1739 defensionem
2112 1679 2501 1742 ‘suaviludiib
2546 1701 2653 1756 Qu·
2753 1744 2759 1749 ,

300 1770 536 1832 iusdam
578 1772 831 1833 ⁰audivi.
920 1772 1044 1848 Sol,
1091 1773 1352 1854 ¹⁰inquit‚
1411 1775 1593 1836 immo
1656 1776 1691 1807 ¹¹
1714 1776 1889 1837 etiam
1952 1778 2083 1858 ipse
2149 1780 2299 1842 deus
2346 1781 2418 1843 de
2489 1782 2651 1844 caelo

298 1879 552 1953 spectat,
620 1892 733 1934 nec
774 1873 1226 1936 contaminatur.
1316 1875 1526 1937 ¹²Sane
1570 1876 1663 1937 sol
1708 1885 1772 1939 et
1810 1877 1873 1939 in
1918 1878 2214 1941 cloacam⁶
2254 1883 2456 1944 radios
2504 1879 2674 1945 suos¹

297 1972 513 2047 desert,
558 1992 674 2034 nec
713 1973 1072 2054 inquinatur.
1159 1975 1392 2038 Utinam
1436 1984 1634 2039 autem
1680 1978 1829 2040 deus
1871 1980 2030 2041 nulla
2073 1981 2289 2060 flagitia
2346 1984 2655 2049 hominum

299 2142 381 2192 14.
418 2151 629 2193 veneant
659 2144 712 2194 Δ.
780 2143 974 2194 veniunt
1006 2146 1192 2222 reliqui.
1301 2145 1379 2195 15.
1417 2145 1477 2196 de
1513 2163 1601 2197 om.
1638 2147 1691 2196 A.

297 2225 445 2275 quam
482 2209 583 2274 Αβ.
699 2211 776 2262 18.
816 2212 997 2263 malum
1029 2214 1082 2263 B.

437 2294 557 2358 Cap.
593 2295 688 2344 XX.
761 2295 807 2343 1.
844 2296 1235 2359 tergiversatione
1269 2298 1360 2353 AB.
1431 2297 1869 2360 tergiversationem
1906 2302 2092 2366 reliqui.

296 2361 627 2412 admittendae
661 2364 846 2428 reliqui.
984 2362 1033 2413 3.
1068 2366 1299 2430 voluptati
1335 2363 1644 2415 obtendunt?
1689 2367 1766 2416 Fr.
1803 2369 1981 2418 lunius.

294 2430 594 2493 (optendunt
625 2427 750 2492 Αβ.)
783 2432 896 2480 libri
928 2447 1099 2482 omnes.
1215 2432 1263 2483 4.
1298 2433 1367 2484 rel
1405 2434 1624 2484 localiter
1673 2450 1761 2485 om.
1795 2435 1886 2485 ΑΕ.
2002 2435 2051 2485 5.
2088 2451 2180 2500 qua
2215 2453 2317 2501 ego.
2386 2454 2510 2504 qnae
2543 2443 2657 2490 reli-

297 2499 399 2562 qui.
539 2497 588 2547 6.
626 2498 916 2561 prohibeant
947 2497 1158 2562 Assacn.
1241 2501 1500 2566 prohibent
1535 2500 1650 2566 Αφ.
1732 2503 1987 2566 prohibeat
2019 2504 2073 2552 E.
2107 2505 2241 2555 Fulv.
2278 2507 2488 2557 Ursinus.
2608 2508 2656 2559 7.

292 2565 449 2616 inseri
483 2565 687 2628 Aamya'.
758 2565 996 2616 interesse
1031 2567 1158 2617 BCD.
1264 2568 1311 2619 8.
1346 2568 1603 2619 suadiludii
1634 2570 1861 2630 Latinius,
1894 2574 2026 2634 prob.
2047 2571 2234 2622 Barlhio
2271 2576 2334 2624 ad
2367 2575 2483 2625 Slat-
2521 2575 2659 2626 Theb.

295 2634 376 2693 JV,
414 2632 533 2683 454.
569 2639 679 2684 loun.
714 2634 794 2694 111,
828 2650 878 2699 p.
921 2633 1065 2685 1092.
1113 2636 1206 2687 Sed
1238 2636 1456 2687 Bormiae
1502 2640 1640 2688 verbu
1689 2638 1960 2698 Tertulliani
2005 2655 2100 2689 non
2133 2641 2379 2691 intelle-‘cil-
2482 2642 2658 2694 9.·au-

1815 2147 1890 2197 16.
1929 2149 2048 2200 haec
2084 2167 2171 2209 om.
2207 2152 2258 2201 A.
2382 2151 2462 2202 17.
2498 2170 2652 2219 quan-

2198 2302 2245 2352 2.
2282 2304 2569 2356 amittendae
2602 2303 2657 2358 E.

2087 2368 2342 2434 voluptatis
2392 2373 2659 2424 obtendunt

299 2701 396 2750 divi
428 2718 517 2752 en.
551 2702 605 2751 A.
732 2702 809 2751 10.
845 2702 1011 2767 inquid
1044 2700 1143 2767 Αβ.
1258 2704 1336 2754 11.
1372 2705 1478 2769 ipse
1515 2705 1659 2755 etiam
1691 2707 1746 2756 A.
1852 2705 1931 2757 12.
1966 2708 2095 2757 Saue
2127 2709 2219 2758 AB.
2289 2709 2437 2759 Plane
2470 2712 2658 2776 reliqui.

298 2825 487 2870 stratuu
1409 2837 1429 2872 s
1530 2829 1658 2872 ctum
1681 2833 2089 2888 progressumque
2107 2824 2328 2874 haheant.
2362 2824 2447 2885 (La
2467 2825 2660 2887 Cerda.)

297 2886 487 2936 damnas
1409 2891 1430 2938 i
1530 2889 1884 2950 „Emendatio“
1922 2892 2158 2951 significat
2193 2892 2238 2938 h.
2277 2890 2308 2939 1.
2342 2906 2569 2954 poenam,
2606 2900 2661 2943 ut

295 2969 487 3018 sponso
1414 2965 1432 3006 t
1529 2956 1732 3019 apolog.
1792 2972 1896 3020 cap.
1945 2956 2027 3005 46.
2092 2957 2429 3017 „Democritus
2488 2973 2657 3009 excae-

295 3035 397 3071 nou
434 3038 487 3087 qn
1409 3038 1429 3073 a
1533 3023 1685 3072 cando
1722 3031 1877 3072 semet
1911 3024 2087 3087 ipsum,
2125 3023 2251 3086 quod
2285 3024 2517 3074 mulieres
2553 3026 2659 3075 aine

299 3090 478 3139 melius
1409 3118 1430 3126 -
1533 3091 1921 3153 concupiscentia
1972 3090 2192 3152 aspicere
2253 3105 2349 3140 non
2398 3100 2566 3155 posset
2614 3102 2663 3144 et

299 3158 487 3207 niuntui
1416 3155 1429 3208 l
1533 3156 1736 3218 doleret,
1773 3157 1815 3206 si
1852 3172 1947 3205 non
1975 3157 2321 3220 essetpotitus‚
2358 3159 2661 3210 incontinen-

299 3224 392 3273 mc
410 3239 487 3274 ver
1418 3239 1431 3275 ε
1532 3226 1646 3275 tiam
1679 3226 1991 3275 emendatione
2023 3224 2330 3287 profitetur.“

296 3290 426 3354 Ergo
462 3306 487 3340 s
1409 3302 1434 3342 ιι
1600 3294 1646 3341 d.
1701 3286 1929 3356 implere]
1994 3291 2133 3341 Modo
2201 3292 2383 3343 dixerat
2434 3293 2662 3357 „Plenius

299 3361 487 3423 seipsut
1409 3387 1453 3430 ‘n
1534 3359 1854 3423 exprimere.“
1903 3360 1972 3407 De
2008 3360 2243 3409 sententia
2268 3360 2329 3409 cl'.
2350 3361 2491 3410 verba
2511 3359 2662 3423 ignoti

300 3428 431 3492 quit,
480 3428 578 3476 hoc
613 3411 726 3487 vest,
774 3430 816 3478 si
849 3436 1009 3479 tamen
1046 3436 1120 3478 est
1153 3411 1282 3478 tillus
1308 3411 1431 3478 'boni

1533 3428 1742 3476 auctoris
1790 3426 2024 3490 epistolae
2069 3427 2129 3476 de
2164 3427 2491 3490 Speotaculi5‚
2540 3444 2664 3493 quaa

299 3510 449 3558 sapor
491 3494 773 3545 hominibus
825 3496 886 3545 ad
933 3496 1175 3547 Christum
1236 3495 1432 3545 minime

1533 3494 1659 3543 inter
1694 3494 1914 3557 Cypriani
1962 3493 2101 3556 vulgo
2137 3495 2365 3554 habetur,
2412 3511 2462 3559 p.
2497 3496 2546 3545 4.
2585 3497 2662 3547 ed.

186 4904 293 5026 Ι*

297 3563 672 3626 pertinentibus.
708 3563 887 3613 Deinde
921 3564 1111 3613 adiicit:
1148 3563 1289 3612 Certe
1325 3564 1432 3626 qui-

298 3631 407 3680 dem
441 3630 744 3693 gladiatores
774 3630 1054 3679 innocentes
1090 3630 1137 3678 in
1170 3629 1334 3679 ludum
1351 3644 1432 3678 ve-

298 3699 454 3758 niunt,
492 3705 547 3746 ut
578 3696 798 3760 publicae
818 3696 1074 3761 voluptatis
1097 3696 1280 3746 hostiae
1301 3698 1431 3746 flant.

297 3764 397 3814 lam
435 3780 538 3814 non
575 3764 694 3813 dicit
725 3765 898 3824 bonos,
949 3765 1037 3813 sed
1072 3771 1255 3813 tantum
1290 3764 1431 3813 inno-

300 3841 497 3892 ceuteS,
548 3832 630 3893 qui
666 3846 762 3881 non
799 3833 1046 3892 damnari,
1099 3831 1185 3881 sed
1222 3831 1348 3881 ultro
1386 3832 1433 3881 iu

303 3899 468 3949 ludum
507 3900 719 3948 veniunt.
756 3899 966 3961 (Rigalt.)
1002 3899 1192 3962 Optima
1220 3906 1294 3948 est
1309 3900 1453 3948 scri-·

305 3974 441 4029 ptura
479 3966 849 4028 libriAgobardi
882 3974 1092 4027 veneunt,
1128 3967 1238 4015 h.o.
1266 3974 1433 4015 aueto-

310 4042 486 4093 rantur,
523 4048 615 4097 pro
652 4033 837 4095 vulgata
872 4037 1074 4097 ueniunt.
1144 4034 1250 4084 Non
1293 4033 1434 4083 dubi-

314 4103 401 4149 tari
433 4101 573 4163 igitur
609 4116 715 4149 eam
753 4116 1009 4165 reponere.

382 4167 429 4215 b.
472 4167 611 4232 quale
649 4165 746 4231 ost]
797 4168 869 4217 CI.
907 4183 1030 4232 qnae
1066 4169 1288 4220 adnotata
1325 4175 1439 4218 suut

316 4232 376 4283 ad
410 4234 474 4283 De
509 4235 631 4297 Fuga
673 4237 718 4284 in
758 4236 1003 4285 Persecut.
1039 4252 1144 4301 cap.
1185 4237 1231 4286 5.

379 4318 421 4350 e.
458 4304 791 4354 emendatione
827 4302 1102 4366 proficiant]
1138 4305 1259 4354 Nam
1295 4318 1320 4352 a
1343 4303 1436 4351 mi-

307 4370 412 4419 nori
456 4371 664 4430 delicto,
726 4378 930 4434 propter
982 4372 1111 4434 quod
1157 4370 1437 4434 puniuntur,

303 4438 603 4488 adducuntur
645 4439 696 4487 in
735 4449 848 4487 eum
886 4437 1074 4498 locum,
1131 4438 1212 4488 ubi
1248 4439 1441 4487 discunt

302 4520 406 4556 esse
441 4506 750 4565 homicidae,
799 4505 931 4568 quod
980 4505 1204 4555 delictum
1251 4506 1440 4572 gravius

300 4580 384 4623 est.
450 4575 558 4625 Non
598 4588 722 4636 ergo
759 4587 847 4622 vos
885 4586 1047 4621 mores
1080 4572 1236 4621 malos
1273 4586 1439 4622 emen·

294 4641 429 4706 datis,
473 4644 562 4695 sed
602 4641 792 4702 facitis,
841 4646 894 4688 ut
930 4640 1040 4689 mali
1076 4654 1240 4691 mores
1273 4639 1440 4703 profe-

1098 4887 1143 4949 *δ

302 5067 401 5134 ³2

1535 3562 1687 3611 Oxou.
1747 3562 2071 3625 „Plerumque
2119 3563 2165 3612 in
2203 3564 2476 3626 praeceptis
2510 3578 2661 3627 quae-

1534 3628 1643 3677 dam
1690 3627 1854 3677 utilius
1901 3630 2131 3692 tacenda3
2189 3630 2450 3681 admonent
2497 3645 2662 3695 saepe,

1533 3696 1649 3746 dum
1684 3695 2083 3746 interdicuntur.“

1605 3830 1721 3893 Cap.
1755 3830 1849 3879 XX.
1920 3846 1963 3881 a.
1999 3829 2273 3894 specialiter
2306 3829 2378 3878 vel
2414 3828 2661 3893 localiter]

1535 3898 1853 3946 Retinendum
1889 3897 2008 3946 illud
2031 3900 2103 3947 vel
2123 3898 2348 3958 localiter,
2388 3899 2515 3961 quod
2538 3897 2663 3947 liber

1533 3964 1789 4027 Agobardi,
1828 3971 1878 4012 ut
1914 3965 2061 4014 multa
2097 3965 2207 4023 alia,
2243 3979 2339 4014 non
2362 3965 2519 4014 habet.
2567 3965 2663 4015 Vo-

1536 4034 1642 4082 lunt
1676 4032 1832 4091 enim,
1887 4038 1937 4080 ut
1972 4039 2101 4081 recte
2149 4032 2354 4095 explicat
2385 4033 2450 4081 La
2490 4032 2661 4093 Cerda,

1536 4099 1619 4148 ille
1670 4100 1825 4159 scire,
1882 4099 1959 4148 ubi
2006 4099 2282 4163 specialiter
2320 4104 2374 4158 et
2421 4114 2516 4162 quo
2551 4100 2662 4149 loco

1536 4168 1804 4229 scripturae
1841 4174 2056 4215 vetentur
2090 4168 2210 4215 haec
2244 4166 2533 4230 spectacula.

1604 4234 1650 4282 b.
1689 4230 1961 4299 suaviludii]
1998 4234 2178 4282 Eodem
2201 4235 2343 4283 modo
2364 4233 2478 4283 dixit
2512 4247 2663 4294 „sua-

1536 4300 1778 4350 viludios“
1825 4301 1893 4349 De
1946 4299 2135 4352 Corona
2186 4294 2316 4367 [cap.
2372 4295 2473 4362 6.],
2540 4315 2664 4364 quos

1538 4377 1669 4418 recte
1735 4368 1992 4417 Rhenanus
2053 4369 2117 4417 ibi
2176 4369 2517 4431 interpretatur
2575 4381 2662 4416 eos

1539 4436 1619 4498 qui
1669 4450 1726 4483 ex
1761 4436 2046 4485 Christianis
2088 4435 2471 4500 spectaculorum
2508 4434 2667 4483 adhuc

1539 4502 1905 4554 oblectamentis
1938 4518 2023 4551 seu
2060 4504 2287 4553 suavitate
2321 4502 2546 4551 ludorum
2578 4500 2666 4549 de-

1541 4570 1853 4620 lectabantur.
1888 4569 2189 4631 (pamelius.)

1610 4653 1652 4689 c.
1704 4637 1778 4688 sol
1828 4646 1874 4686 et
1918 4637 1967 4686 in
2015 4632 2255 4698 cloacam]
2306 4635 2394 4683 Est
2438 4632 2664 4695 Diogenis

2255 4703 2365 4767 4*'
