3263 5311
642 463 701 506 lv
1640 462 1962 507 PRAEFATIO
1971 490 1986 506 .

811 612 1056 678 Interim
1088 622 1149 676 et
1177 631 1286 693 ego
1320 631 1430 693 per
1457 612 1616 675 varia
1648 613 1860 675 itinera
1889 631 2038 693 quae
2068 612 2138 674 ad
2164 612 2585 675 Tertullianum
2616 613 2987 693 pertinerent

641 712 920 795 colligere
951 732 1284 796 coeperam,
1329 722 1397 776 ut
1437 714 1537 793 qui
1582 732 1965 794 summopere
2008 730 2246 793 semper
2278 713 2372 775 his
2411 714 2625 776 studiis
2658 714 2987 777 delectarer

640 822 817 896 atque
843 824 1101 890 tenerer,
1127 804 1240 879 'sed
1267 833 1541 877 rumores
1570 814 1658 877 illi
1689 815 1764 876 de
1792 814 1888 876 his
1915 814 2143 877 duabus
2175 832 2423 894 operum
2454 816 2584 878 eius
2611 815 2978 877 editionibus

637 915 806 980 brevi
830 917 1158 999 prodituris
1203 915 1277 978 de
1319 915 1490 979 tertia
1533 915 1669 977 istis
1713 916 1977 978 addenda
2008 915 2266 995 cogitare
2295 914 2467 995 plane
2495 915 2979 996 dehortabantur.

638 1016 1117 1080 Interveniebant
1159 1017 1336 1080 etiam
1378 1024 1715 1098 temporum
1760 1017 1966 1079 turbae
2009 1034 2078 1078 ac
2120 1015 2316 1077 civiles
2352 1016 2719 1092 discordiae,
2764 1015 2980 1097 'meque

635 1118 734 1180 vix
754 1118 1116 1200 Apologetici
1147 1126 1209 1180 et
1227 1117 1315 1180 Ad
1338 1117 1618 1181 Nationes
1662 1117 1952 1180 librorum
1982 1116 2301 1179 editionem
2319 1164 2335 1190 ,
2381 1135 2554 1197 quam
2587 1118 2748 1179 velut
2776 1118 2976 1198 speci-

636 1219 817 1281 minis
865 1219 1055 1283 instar
1094 1218 1504 1299 publicandam
1535 1236 1933 1297 susceperam,
1978 1226 2139 1280 recte
2168 1216 2477 1279 absolvere
2507 1217 2789 1280 siverunt.
2858 1216 2980 1279 Sed

636 1326 908 1400 tempora
951 1338 1090 1383 mox
1132 1328 1462 1393 mutavere,
1494 1337 1780 1398 .cumque
1822 1316 2257 1380 Hildebrandus
2301 1317 2369 1379 V.
2415 1317 2498 1379 Cl.
2555 1319 2733 1380 variis
2791 1336 2974 1381 occu—

634 1419 977 1500 pationibus
1023 1420 1318 1483 distentus
1361 1419 1435 1482 de
1460 1420 1713 1500 ‘incepto
1759 1422 1884 1482 'suo
1930 1418 2259 1480 destitisset
2311 1418 2575 1499 mihique
2631 1426 2977 1499 apparatum

635 1539 814 1583 suum
857 1539 993 1583 sese
1035 1539 1464 1583 concessurum
1517 1520 1856 1582 humaniter
1909 1518 2310 1592 condixisset,
2374 1538 2506 1581 cum
2564 1520 2823 1599 undique
2880 1539 2978 1583 me

638 1619 891 1693 subinde
933 1621 1211 1702 appellari
1256 1621 1780 1683 animadverterem
1824 1628 1999 1700 atque
2029 1620 2398 1692 confirmari,
2446 1628 2513 1683 ut
2553 1630 2792 1702 recepto
2835 1639 2976 1683 meo

636 1729 796 1783 stare
848 1720 1092 1795 vellem,
1167 1706 1307 1784 cum
1358 1720 1612 1800 denique
1668 1722 1846 1784 etiam
1910 1720 2103 1800 ipsius
2157 1720 2347 1800 Regni
2398 1719 2698 1783 Borussici
2754 1722 2973 1784 summi

635 1821 829 1883 cultus
873 1821 1188 1885 ministerii
1230 1822 1577 1886 liberalitate
1620 1821 1880 1883 adiuvari
1935 1839 2032 1882 me
2073 1820 2334 1883 viderem
2353 1867 2368 1892 ,
2430 1839 2551 1883 non
2597 1821 2854 1884 dubitavi
2899 1823 2974 1883 ad

569 1974 575 1991 ,
627 1919 1063 1985 Tertullianum
1103 1928 1302 1985 meum
1342 1923 1561 1985 reverti
1605 1934 1666 1985 et
1709 1922 1906 1984 omnia
1947 1939 2299 2002 praeparare
2353 1928 2474 2001 quo
2534 1922 2819 1985 maturius
2866 1942 2975 1985 ex-

630 2022 1004 2104 pectantibus
1049 2022 1390 2087 satisfacere
1430 2042 1700 2105 possem.
1763 2027 2121 2103 Apparatum
2161 2040 2303 2085 vero
2345 2040 2545 2085 meum
2587 2030 2714 2086 tum
2753 2036 2976 2085 recen-

630 2124 789 2187 senti
832 2140 901 2186 ac
939 2125 1322 2205 perlustranti
1364 2125 1514 2187 haec
1556 2119 1622 2187 se
1667 2123 2025 2186 offerebant:
2187 2174 2195 2181 .

722 2227 783 2287 1.
826 2222 1073 2288 Collatio
1116 2224 1339 2288 codicis
1382 2227 1591 2307 scripti
1634 2224 2024 2306 Agobardini,
2068 2222 2424 2286 Parisiensis
2466 2242 2528 2285 n.
2567 2226 2783 2297 1622„
2825 2224 2976 2287 olim

803 2344 838 2387 a
879 2325 1087 2407 Steph.
1126 2326 1365 2389 Baluzio
1416 2327 1686 2389 instituta
1744 2334 1806 2388 et
1859 2324 2156 2406 adscripta
2207 2325 2458 2404 margini
2517 2324 2771 2405 exempli
2827 2326 2975 2388 edit.

800 2422 1162 2506 Rigaltianae
1191 2424 1695 2501 anniamcxu„
1733 2427 1898 2508 quod
1939 2433 2280 2489 asservatur
2312 2424 2601 2488 Monachii
2643 2426 2705 2487 in
2747 2425 2976 2490 biblio-

801 2528 970 2590 theca
1012 2529 1175 2611 regia
1212 2547 1276 2590 ιι.
1313 2532 1519 2602 1471.,

715 2630 779 2692 2.
823 2627 1070 2691 Collatio
1113 2628 1301 2709 partis
1346 2616 1570 2692 codicis
1616 2628 1822 2710 scripti
1859 2627 2340 2691 'vindobonensis
2383 2644 2445 2690 ιι.
2477 2628 2647 2701 282..

714 2730 776 2795 3.
821 2728 1066 2792 Collatio
1111 2728 1333 2792 codicis
1375 2730 1784 2803 Ambrosiam,
1830 2729 1974 2791 olim·
2014 2729 2358 2804 Bobiensis,
2399 2747 2463 2791 ιι.
2496 2731 2623 2802 58..

712 2833 776 2894 4.
820 2830 1071 2893 Collatio
1095 2807 1364 2893 codicum
1396 2831 1754 2911 scriptorum
1775 2831 2031 2893 Parisini
2058 2849 2119 2893 ιι.
2137 2831 2343 2904 1623.,
2387 2830 2724 2892 Gotbanin.
2741 2829 2824 2892 M
2840 2835 2978 2906 50.,
3061 2899 3066 2906 ,

796 2930 1163 2994 Erlhrtensis
1206 2931 1348 2994 bibl.
1374 2931 1797 3014 'Amplonianae
1823 2923 1887 2993 ιι.
1909 2935 2047 3007 87.,
2087 2929 2510 3018 Erlaugensis,
2555 2932 2653 3011 qui
2687 2932 2794 2994 fuit
2824 2931 2970 2993 olim

798 3033 1071 3095 coenobii
1112 3031 1673 3107 Heilsbronnensis,
1717 3033 2092 3096 Ambrosiani
2119 3037 2325 3107 n.51.,
2370 3032 2583 3112 quibus
2613 3034 2737 3094 fere
2766 3033 2972 3093 omni-

792 3131 910 3194 bus
954 3133 1072 3217 iam
1113 3151 1264 3195 usus
1310 3150 1470 3196 eram
1515 3135 1588 3196 ad
1618 3135 1941 3196 editionem
1963 3133 2328 3213 Apologetici
2365 3149 2519 3211 quae
2545 3133 2771 3213 prodiit
2797 3131 2970 3194 H‘alis

796 3232 1097 3294 Saxonum
1140 3252 1195 3295 a.
1234 3233 1825 3308 mcccxxxxlx„

711 3336 772 3398 5.
817 3331 1151 3412 specimina
1180 3332 1529 3396 collatorum
1558 3333 1828 3398 codicum
1857 3336 2212 3414 scriptorum
2237 3334 2740 3407 florentinorum,
2788 3333 2968 3394 Mon-

790 3431 1212 3512 tispessulani‚
1252 3433 1759 3510 Seletstadiensis,

708 3534 770 3598 ὃ.
810 3529 1271 3598 Emendationes
1317 3544 1375 3597 et
1418 3537 1794 3598 coniecturae
1825 3535 2017 3598 lasiae
2035 3536 2282 3597 Merceri
2313 3543 2373 3597 et
2391 3535 2632 3616 loseph}
2656 3534 2964 3614 Scaligeri,

794 3643 1101 3716 excerptae
1144 3654 1217 3699 ex
1258 3635 1525 3717 margine
1568 3635 1972 3718 exemplorum
2014 3635 2238 3716 aliquot
2285 3653 2438 3717 quae
2480 3644 2857 3698 asservantur
2899 3637 2968 3698 in

790 3734 1146 3799 bibliotheca
1184 3737 1418 3818 publica
1458 3734 2021 3816 Lugduno-Batava,

620 3845 683 3899 et
726 3855 796 3897 ex
837 3835 949 3898 hac
990 3833 1121 3917 ipsa
1162 3836 1521 3901 bibliotheca
1564 3840 1748 3900 codex
1809 3839 1907 3900 ille
1959 3837 2064 3918 qui
2107 3837 2358 3918 plurima
2399 3837 2744 3900 Tertulliani
2801 3853 2968 3917 opu-

623 3936 784 3999 scula
837 3937 1102 4000 continet
1154 3938 1227 4000 ab
1271 3940 1316 4002 1.
1359 3939 1430 4002 G.
1476 3938 1677 4002 Geelio
1721 3939 1788 4002 V.
1821 3939 1904 4001 Cl.
1962 3939 2034 4000 ad
2092 3953 2188 4001 me
2247 3938 2637 4001 transmissus
2694 3937 2972 4017 qnotidie

620 4037 1053 4138 expectabatur.

790 4138 896 4200 His
950 4157 1100 4218 quae
1159 4141 1496 4203 enumeravi
1550 4139 1624 4202 ab
1665 4067 2067 4202 Hildebrando
2109 4140 2176 4202 V.
2223 4139 2308 4201 01.
2365 4138 2559 4219 pretio
2612 4147 2808 4218 empta
2853 4157 2966 4202 ac·-

618 4247 964 4301 cesserunt:
1028 4253 1061 4278 ··

706 4343 763 4402 1.
808 4337 1055 4401 collatio
1098 4339 1367 4402 codicum
1410 4342 1768 4430 scriptorum
1811 4340 2213 4404 Parisinorum
2267 4355 2332 4402 ιι.
2368 4341 2583 4415 1623.,
2647 4357 2711 4402 ιι.
2748 4342 2966 4414 1656..

613 4457 676 4502 ιι.
711 4441 918 4515 1689.,
963 4458 1023 4501 ιι.
1053 4443 1278 4517 2618.,
1325 4451 1385 4504 et
1426 4441 1738 4506 Leidensis
1779 4459 1840 4505 n.
1872 4445 2045 4515 315„
2087 4443 2191 4522 qui
2238 4457 2446 4503 omnes
2490 4441 2684 4506 selum
2727 4439 2962 4521 Apolo-

615 4541 871 4620 geticum
914 4542 1240 4616 continent,

701 4644 761 4705 2.
808 4641 1055 4705 Collatio
1099 4642 1236 4706 libri
1278 4642 1678 4724 Agobardini,
