<?xml version="1.0" encoding="UTF-8"?>
<!DOCTYPE html PUBLIC "-//W3C//DTD XHTML 1.0 Transitional//EN"
    "http://www.w3.org/TR/xhtml1/DTD/xhtml1-transitional.dtd">
<html xmlns="http://www.w3.org/1999/xhtml" xml:lang="en" lang="en">
 <head>
  <title>
</title>
<meta http-equiv="Content-Type" content="text/html;charset=utf-8" />
  <meta name='ocr-system' content='tesseract 3.04.00' />
  <meta name='ocr-capabilities' content='ocr_page ocr_carea ocr_par ocr_line ocrx_word'/>
</head>
<body>
  <div class='ocr_page' id='page_1' title='image "./quintiseptimiif04tertgoog_0875.png"; bbox 0 0 3263 5311; ppageno 0'>
   <div class='ocr_carea' id='block_1_1' title="bbox 1149 404 2546 492">
    <p class='ocr_par' dir='ltr' id='par_1_1' title="bbox 1149 404 2546 492">
     <span class='ocr_line' id='line_1_1' title="bbox 1149 404 2546 492; baseline 0.001 -12"><span class='ocrx_word' id='word_1_1' title='bbox 1149 437 1226 481; x_wconf 68' lang='lat' dir='ltr'><strong>n:</strong></span> <span class='ocrx_word' id='word_1_2' title='bbox 1269 404 1584 482; x_wconf 70' lang='lat' dir='ltr'><strong>rumciru.</strong></span> <span class='ocrx_word' id='word_1_3' title='bbox 2420 425 2546 492; x_wconf 78' lang='lat'><strong>837</strong></span> 
     </span>
    </p>
   </div>
   <div class='ocr_carea' id='block_1_2' title="bbox 84 583 2947 3800">
    <p class='ocr_par' dir='ltr' id='par_1_2' title="bbox 84 583 2947 3800">
     <span class='ocr_line' id='line_1_2' title="bbox 212 583 2549 675; baseline 0.002 -23"><span class='ocrx_word' id='word_1_4' title='bbox 212 584 406 660; x_wconf 78' lang='lat' dir='ltr'><strong>vobis,</strong></span> <span class='ocrx_word' id='word_1_5' title='bbox 443 603 522 648; x_wconf 87' lang='lat' dir='ltr'><strong>ne</strong></span> <span class='ocrx_word' id='word_1_6' title='bbox 565 583 956 665; x_wconf 73' lang='lat' dir='ltr'><strong>delinquatis,</strong></span> <span class='ocrx_word' id='word_1_7' title='bbox 1011 595 1074 648; x_wconf 90' lang='lat' dir='ltr'><strong>et</strong></span> <span class='ocrx_word' id='word_1_8' title='bbox 1113 586 1170 648; x_wconf 88' lang='lat' dir='ltr'><strong>si</strong></span> <span class='ocrx_word' id='word_1_9' title='bbox 1214 586 1613 667; x_wconf 81' lang='lat' dir='ltr'><strong>deliqueritis,</strong></span> <span class='ocrx_word' id='word_1_10' title='bbox 1671 588 2019 652; x_wconf 79' lang='lat' dir='ltr'><strong>advocatum</strong></span> <span class='ocrx_word' id='word_1_11' title='bbox 2061 588 2350 655; x_wconf 83' lang='lat' dir='ltr'><strong>habemns</strong></span> <span class='ocrx_word' id='word_1_12' title='bbox 2393 594 2549 675; x_wconf 83' lang='lat' dir='ltr'><strong>apud</strong></span> 
     </span>
     <span class='ocr_line' id='line_1_3' title="bbox 212 677 2547 774; baseline 0.002 -22"><span class='ocrx_word' id='word_1_13' title='bbox 212 688 426 752; x_wconf 69' lang='lat' dir='ltr'><strong>“deum</strong></span> <span class='ocrx_word' id='word_1_14' title='bbox 466 693 699 768; x_wconf 81' lang='lat' dir='ltr'><strong>patrem</strong></span> <span class='ocrx_word' id='word_1_15' title='bbox 717 732 736 763; x_wconf 91' lang='lat'><strong>,</strong></span> <span class='ocrx_word' id='word_1_16' title='bbox 780 688 978 752; x_wconf 82' lang='lat' dir='ltr'><strong>lesum</strong></span> <span class='ocrx_word' id='word_1_17' title='bbox 1023 685 1326 750; x_wconf 74' lang='lat' dir='ltr'><strong>Christum</strong></span> <span class='ocrx_word' id='word_1_18' title='bbox 1367 677 1626 763; x_wconf 83' lang='lat' dir='ltr'><strong>iustum,</strong></span> <span class='ocrx_word' id='word_1_19' title='bbox 1701 698 1763 752; x_wconf 87' lang='lat' dir='ltr'><strong>et</strong></span> <span class='ocrx_word' id='word_1_20' title='bbox 1814 690 1947 770; x_wconf 81' lang='lat' dir='ltr'><strong>ipse</strong></span> <span class='ocrx_word' id='word_1_21' title='bbox 2000 690 2251 770; x_wconf 72' lang='lat' dir='ltr'><strong>placatio</strong></span> <span class='ocrx_word' id='word_1_22' title='bbox 2297 701 2395 755; x_wconf 88' lang='lat' dir='ltr'><strong>est</strong></span> <span class='ocrx_word' id='word_1_23' title='bbox 2432 711 2547 774; x_wconf 87' lang='lat' dir='ltr'><strong>pro</strong></span> 
     </span>
     <span class='ocr_line' id='line_1_4' title="bbox 188 786 2546 872; baseline 0.001 -18"><span class='ocrx_word' id='word_1_24' title='bbox 188 789 423 854; x_wconf 76' lang='lat' dir='ltr'><strong>-delictis</strong></span> <span class='ocrx_word' id='word_1_25' title='bbox 467 787 714 852; x_wconf 85' lang='lat' dir='ltr'><strong>nostris.</strong></span> <span class='ocrx_word' id='word_1_26' title='bbox 809 786 1150 854; x_wconf 77' lang='lat' dir='ltr'><strong>Secundum</strong></span> <span class='ocrx_word' id='word_1_27' title='bbox 1191 789 1366 867; x_wconf 87' lang='lat' dir='ltr'><strong>haec,</strong></span> <span class='ocrx_word' id='word_1_28' title='bbox 1411 789 1642 870; x_wconf 79' lang='lat' dir='ltr'><strong>inquis,</strong></span> <span class='ocrx_word' id='word_1_29' title='bbox 1690 796 1752 852; x_wconf 87' lang='lat' dir='ltr'><strong>et</strong></span> <span class='ocrx_word' id='word_1_30' title='bbox 1791 790 2135 872; x_wconf 78' lang='lat' dir='ltr'><strong>delinquere</strong></span> <span class='ocrx_word' id='word_1_31' title='bbox 2176 810 2293 855; x_wconf 86' lang='lat' dir='ltr'><strong>nos</strong></span> <span class='ocrx_word' id='word_1_32' title='bbox 2338 799 2400 856; x_wconf 90' lang='lat' dir='ltr'><strong>et</strong></span> <span class='ocrx_word' id='word_1_33' title='bbox 2440 813 2546 856; x_wconf 83' lang='lat' dir='ltr'><strong>ve-</strong></span> 
     </span>
     <span class='ocr_line' id='line_1_5' title="bbox 207 888 2547 972; baseline 0.001 -18"><span class='ocrx_word' id='word_1_34' title='bbox 207 892 356 954; x_wconf 86' lang='lat' dir='ltr'><strong>niam</strong></span> <span class='ocrx_word' id='word_1_35' title='bbox 395 889 618 953; x_wconf 80' lang='lat' dir='ltr'><strong>habere</strong></span> <span class='ocrx_word' id='word_1_36' title='bbox 661 888 978 952; x_wconf 79' lang='lat' dir='ltr'><strong>constabit.</strong></span> <span class='ocrx_word' id='word_1_37' title='bbox 1067 888 1223 965; x_wconf 82' lang='lat' dir='ltr'><strong>Quid</strong></span> <span class='ocrx_word' id='word_1_38' title='bbox 1267 908 1412 970; x_wconf 79' lang='lat' dir='ltr'><strong>ergo</strong></span> <span class='ocrx_word' id='word_1_39' title='bbox 1467 890 1604 965; x_wconf 84' lang='lat' dir='ltr'><strong>fiet,</strong></span> <span class='ocrx_word' id='word_1_40' title='bbox 1665 909 1800 955; x_wconf 89' lang='lat' dir='ltr'><strong>cum</strong></span> <span class='ocrx_word' id='word_1_41' title='bbox 1852 892 2191 972; x_wconf 83' lang='lat' dir='ltr'><strong>procedens</strong></span> <span class='ocrx_word' id='word_1_42' title='bbox 2246 893 2403 957; x_wconf 89' lang='lat' dir='ltr'><strong>aliud</strong></span> <span class='ocrx_word' id='word_1_43' title='bbox 2450 895 2547 958; x_wconf 90' lang='lat' dir='ltr'><strong>in-</strong></span> 
     </span>
     <span class='ocr_line' id='line_1_6' title="bbox 208 989 2550 1076; baseline 0.001 -20"><span class='ocrx_word' id='word_1_44' title='bbox 208 989 416 1056; x_wconf 70' lang='lat' dir='ltr'><strong>venio?</strong></span> <span class='ocrx_word' id='word_1_45' title='bbox 486 991 677 1070; x_wconf 79' lang='lat' dir='ltr'><strong>Negat</strong></span> <span class='ocrx_word' id='word_1_46' title='bbox 718 990 877 1054; x_wconf 85' lang='lat' dir='ltr'><strong>enim</strong></span> <span class='ocrx_word' id='word_1_47' title='bbox 919 990 1092 1053; x_wconf 75' lang='lat' dir='ltr'><strong>”nos</strong></span> <span class='ocrx_word' id='word_1_48' title='bbox 1137 991 1383 1056; x_wconf 86' lang='lat' dir='ltr'><strong>omnino</strong></span> <span class='ocrx_word' id='word_1_49' title='bbox 1428 991 1806 1071; x_wconf 76' lang='lat' dir='ltr'><strong>delinquere,</strong></span> <span class='ocrx_word' id='word_1_50' title='bbox 1853 993 2004 1056; x_wconf 88' lang='lat' dir='ltr'><strong>etin</strong></span> <span class='ocrx_word' id='word_1_51' title='bbox 2030 993 2205 1056; x_wconf 69' lang='lat' dir='ltr'><strong>”hoc</strong></span> <span class='ocrx_word' id='word_1_52' title='bbox 2228 994 2550 1076; x_wconf 82' lang='lat' dir='ltr'><strong>plurimum</strong></span> 
     </span>
     <span class='ocr_line' id='line_1_7' title="bbox 207 1091 2551 1174; baseline 0.001 -16"><span class='ocrx_word' id='word_1_53' title='bbox 207 1100 437 1167; x_wconf 82' lang='lat' dir='ltr'><strong>tractat,</strong></span> <span class='ocrx_word' id='word_1_54' title='bbox 492 1099 561 1153; x_wconf 88' lang='lat' dir='ltr'><strong>ut</strong></span> <span class='ocrx_word' id='word_1_55' title='bbox 600 1091 750 1154; x_wconf 82' lang='lat' dir='ltr'><strong>nihil</strong></span> <span class='ocrx_word' id='word_1_56' title='bbox 792 1091 908 1154; x_wconf 88' lang='lat' dir='ltr'><strong>tale</strong></span> <span class='ocrx_word' id='word_1_57' title='bbox 949 1092 1264 1166; x_wconf 89' lang='lat' dir='ltr'><strong>concedat,</strong></span> <span class='ocrx_word' id='word_1_58' title='bbox 1331 1110 1680 1174; x_wconf 83' lang='lat' dir='ltr'><strong>proponens</strong></span> <span class='ocrx_word' id='word_1_59' title='bbox 1735 1094 1921 1157; x_wconf 88' lang='lat' dir='ltr'><strong>semel</strong></span> <span class='ocrx_word' id='word_1_60' title='bbox 1975 1113 2009 1156; x_wconf 84' lang='lat' dir='ltr'><strong>a</strong></span> <span class='ocrx_word' id='word_1_61' title='bbox 2053 1094 2293 1157; x_wconf 81' lang='lat' dir='ltr'><strong>Christo</strong></span> <span class='ocrx_word' id='word_1_62' title='bbox 2337 1096 2551 1161; x_wconf 85' lang='lat' dir='ltr'><strong>delicta</strong></span> 
     </span>
     <span class='ocr_line' id='line_1_8' title="bbox 211 1191 2547 1274; baseline 0.001 -18"><span class='ocrx_word' id='word_1_63' title='bbox 211 1193 418 1266; x_wconf 84' lang='lat' dir='ltr'><strong>deleta,</strong></span> <span class='ocrx_word' id='word_1_64' title='bbox 459 1210 584 1254; x_wconf 86' lang='lat' dir='ltr'><strong>non</strong></span> <span class='ocrx_word' id='word_1_65' title='bbox 626 1191 898 1256; x_wconf 85' lang='lat' dir='ltr'><strong>habitura</strong></span> <span class='ocrx_word' id='word_1_66' title='bbox 940 1201 1152 1273; x_wconf 81' lang='lat' dir='ltr'><strong>postea</strong></span> <span class='ocrx_word' id='word_1_67' title='bbox 1193 1194 1457 1270; x_wconf 72' lang='lat' dir='ltr'><strong>veniam,</strong></span> <span class='ocrx_word' id='word_1_68' title='bbox 1503 1193 1566 1256; x_wconf 90' lang='lat' dir='ltr'><strong>in</strong></span> <span class='ocrx_word' id='word_1_69' title='bbox 1608 1193 1789 1274; x_wconf 70' lang='lat' dir='ltr'><strong>”quo</strong></span> <span class='ocrx_word' id='word_1_70' title='bbox 1832 1213 1946 1257; x_wconf 90' lang='lat' dir='ltr'><strong>nos</strong></span> <span class='ocrx_word' id='word_1_71' title='bbox 1978 1213 2199 1258; x_wconf 84' lang='lat' dir='ltr'><strong>sensus</strong></span> <span class='ocrx_word' id='word_1_72' title='bbox 2229 1196 2302 1258; x_wconf 91' lang='lat' dir='ltr'><strong>ad</strong></span> <span class='ocrx_word' id='word_1_73' title='bbox 2333 1195 2547 1260; x_wconf 84' lang='lat' dir='ltr'><strong>admo-</strong></span> 
     </span>
     <span class='ocr_line' id='line_1_9' title="bbox 206 1292 2861 1390; baseline -0.003 -33"><span class='ocrx_word' id='word_1_74' title='bbox 206 1295 481 1358; x_wconf 82' lang='lat' dir='ltr'><strong>nitionem</strong></span> <span class='ocrx_word' id='word_1_75' title='bbox 524 1293 907 1358; x_wconf 74' lang='lat' dir='ltr'><strong>castimoniae</strong></span> <span class='ocrx_word' id='word_1_76' title='bbox 951 1294 1285 1362; x_wconf 81' lang='lat' dir='ltr'><strong>demandat.</strong></span> <span class='ocrx_word' id='word_1_77' title='bbox 1376 1295 1619 1368; x_wconf 85' lang='lat' dir='ltr'><strong>Omnis,</strong></span> <span class='ocrx_word' id='word_1_78' title='bbox 1665 1295 1890 1376; x_wconf 88' lang='lat' dir='ltr'><strong>inquit,</strong></span> <span class='ocrx_word' id='word_1_79' title='bbox 1955 1296 2059 1377; x_wconf 90' lang='lat' dir='ltr'><strong>qui</strong></span> <span class='ocrx_word' id='word_1_80' title='bbox 2101 1296 2282 1360; x_wconf 85' lang='lat' dir='ltr'><strong>habet</strong></span> <span class='ocrx_word' id='word_1_81' title='bbox 2320 1296 2547 1378; x_wconf 73' lang='lat' dir='ltr'><strong>”spem</strong></span> <span class='ocrx_word' id='word_1_82' title='bbox 2574 1292 2785 1390; x_wconf 53' lang='lat' dir='ltr'><strong>¹323!ss-</strong></span> <span class='ocrx_word' id='word_1_83' title='bbox 2840 1320 2861 1350; x_wconf 81' lang='lat'><strong>·:</strong></span> 
     </span>
     <span class='ocr_line' id='line_1_10' title="bbox 203 1373 2716 1479; baseline 0.002 -19"><span class='ocrx_word' id='word_1_84' title='bbox 203 1397 404 1470; x_wconf 82' lang='lat' dir='ltr'><strong>istam,</strong></span> <span class='ocrx_word' id='word_1_85' title='bbox 461 1394 746 1460; x_wconf 80' lang='lat' dir='ltr'><strong>castificat</strong></span> <span class='ocrx_word' id='word_1_86' title='bbox 799 1395 1217 1476; x_wconf 84' lang='lat' dir='ltr'><strong>semetipsum,</strong></span> <span class='ocrx_word' id='word_1_87' title='bbox 1283 1396 1422 1475; x_wconf 84' lang='lat' dir='ltr'><strong>quia</strong></span> <span class='ocrx_word' id='word_1_88' title='bbox 1475 1404 1537 1459; x_wconf 89' lang='lat' dir='ltr'><strong>et</strong></span> <span class='ocrx_word' id='word_1_89' title='bbox 1579 1395 1679 1459; x_wconf 89' lang='lat' dir='ltr'><strong>ille</strong></span> <span class='ocrx_word' id='word_1_90' title='bbox 1721 1405 1922 1460; x_wconf 83' lang='lat' dir='ltr'><strong>castus</strong></span> <span class='ocrx_word' id='word_1_91' title='bbox 1966 1405 2080 1460; x_wconf 85' lang='lat' dir='ltr'><strong>est.</strong></span> <span class='ocrx_word' id='word_1_92' title='bbox 2192 1399 2404 1461; x_wconf 85' lang='lat' dir='ltr'><strong>Omnis</strong></span> <span class='ocrx_word' id='word_1_93' title='bbox 2447 1401 2550 1479; x_wconf 89' lang='lat' dir='ltr'><strong>qui</strong></span> <span class='ocrx_word' id='word_1_94' title='bbox 2703 1373 2716 1388; x_wconf 50' lang='lat'>⁸</span> 
     </span>
     <span class='ocr_line' id='line_1_11' title="bbox 209 1496 2554 1579; baseline 0.001 -19"><span class='ocrx_word' id='word_1_95' title='bbox 209 1498 341 1562; x_wconf 79' lang='lat' dir='ltr'><strong>facit</strong></span> <span class='ocrx_word' id='word_1_96' title='bbox 378 1496 687 1569; x_wconf 85' lang='lat' dir='ltr'><strong>delictum,</strong></span> <span class='ocrx_word' id='word_1_97' title='bbox 745 1505 807 1559; x_wconf 89' lang='lat' dir='ltr'><strong>et</strong></span> <span class='ocrx_word' id='word_1_98' title='bbox 848 1497 1220 1576; x_wconf 87' lang='lat' dir='ltr'><strong>iniquitatem</strong></span> <span class='ocrx_word' id='word_1_99' title='bbox 1261 1497 1438 1571; x_wconf 69' lang='lat' dir='ltr'><strong>facit,</strong></span> <span class='ocrx_word' id='word_1_100' title='bbox 1495 1505 1556 1560; x_wconf 88' lang='lat' dir='ltr'><strong>et</strong></span> <span class='ocrx_word' id='word_1_101' title='bbox 1595 1497 1873 1561; x_wconf 82' lang='lat' dir='ltr'><strong>delictum</strong></span> <span class='ocrx_word' id='word_1_102' title='bbox 1914 1508 2028 1561; x_wconf 70' lang='lat' dir='ltr'><strong>‘est</strong></span> <span class='ocrx_word' id='word_1_103' title='bbox 2087 1498 2388 1579; x_wconf 90' lang='lat' dir='ltr'><strong>iniquitas.</strong></span> <span class='ocrx_word' id='word_1_104' title='bbox 2475 1499 2554 1562; x_wconf 81' lang='lat' dir='ltr'><strong>Et</strong></span> 
     </span>
     <span class='ocr_line' id='line_1_12' title="bbox 205 1596 2549 1679; baseline 0.001 -16"><span class='ocrx_word' id='word_1_105' title='bbox 205 1599 367 1664; x_wconf 77' lang='lat' dir='ltr'><strong>scitis</strong></span> <span class='ocrx_word' id='word_1_106' title='bbox 407 1597 568 1679; x_wconf 85' lang='lat' dir='ltr'><strong>quod</strong></span> <span class='ocrx_word' id='word_1_107' title='bbox 611 1596 709 1659; x_wconf 90' lang='lat' dir='ltr'><strong>ille</strong></span> <span class='ocrx_word' id='word_1_108' title='bbox 751 1598 1167 1661; x_wconf 82' lang='lat' dir='ltr'><strong>manifestatus</strong></span> <span class='ocrx_word' id='word_1_109' title='bbox 1211 1597 1323 1674; x_wconf 84' lang='lat' dir='ltr'><strong>sit,</strong></span> <span class='ocrx_word' id='word_1_110' title='bbox 1368 1605 1452 1660; x_wconf 88' lang='lat' dir='ltr'><strong>ut.</strong></span> <span class='ocrx_word' id='word_1_111' title='bbox 1477 1599 1710 1661; x_wconf 75' lang='lat' dir='ltr'><strong>auferat</strong></span> <span class='ocrx_word' id='word_1_112' title='bbox 1742 1599 1986 1673; x_wconf 84' lang='lat' dir='ltr'><strong>delicta,</strong></span> <span class='ocrx_word' id='word_1_113' title='bbox 2029 1601 2234 1679; x_wconf 89' lang='lat' dir='ltr'><strong>utique</strong></span> <span class='ocrx_word' id='word_1_114' title='bbox 2262 1599 2549 1666; x_wconf 85' lang='lat' dir='ltr'><strong>hactenus</strong></span> 
     </span>
     <span class='ocr_line' id='line_1_13' title="bbox 205 1697 2551 1780; baseline -0.001 -14"><span class='ocrx_word' id='word_1_115' title='bbox 205 1697 605 1766; x_wconf 57' lang='lat' dir='ltr'><strong>admittenda&amp;</strong></span> <span class='ocrx_word' id='word_1_116' title='bbox 704 1698 1014 1779; x_wconf 85' lang='lat' dir='ltr'><strong>Siquidem</strong></span> <span class='ocrx_word' id='word_1_117' title='bbox 1057 1699 1393 1778; x_wconf 78' lang='lat' dir='ltr'><strong>subiungit,</strong></span> <span class='ocrx_word' id='word_1_118' title='bbox 1464 1700 1675 1762; x_wconf 85' lang='lat' dir='ltr'><strong>Omnis</strong></span> <span class='ocrx_word' id='word_1_119' title='bbox 1737 1700 1840 1780; x_wconf 89' lang='lat' dir='ltr'><strong>qui</strong></span> <span class='ocrx_word' id='word_1_120' title='bbox 1882 1708 2084 1763; x_wconf 87' lang='lat' dir='ltr'><strong>manet</strong></span> <span class='ocrx_word' id='word_1_121' title='bbox 2123 1701 2185 1763; x_wconf 94' lang='lat' dir='ltr'><strong>in</strong></span> <span class='ocrx_word' id='word_1_122' title='bbox 2226 1701 2359 1777; x_wconf 90' lang='lat' dir='ltr'><strong>illo,</strong></span> <span class='ocrx_word' id='word_1_123' title='bbox 2425 1720 2551 1764; x_wconf 88' lang='lat' dir='ltr'><strong>non</strong></span> 
     </span>
     <span class='ocr_line' id='line_1_14' title="bbox 205 1799 2551 1884; baseline 0 -20"><span class='ocrx_word' id='word_1_124' title='bbox 205 1800 562 1881; x_wconf 74' lang='lat' dir='ltr'><strong>¹‘⁹delinquit.</strong></span> <span class='ocrx_word' id='word_1_125' title='bbox 641 1799 853 1864; x_wconf 85' lang='lat' dir='ltr'><strong>Omnis</strong></span> <span class='ocrx_word' id='word_1_126' title='bbox 899 1800 999 1879; x_wconf 90' lang='lat' dir='ltr'><strong>qui</strong></span> <span class='ocrx_word' id='word_1_127' title='bbox 1043 1799 1362 1880; x_wconf 85' lang='lat' dir='ltr'><strong>delinquit,</strong></span> <span class='ocrx_word' id='word_1_128' title='bbox 1407 1816 1604 1880; x_wconf 85' lang='lat' dir='ltr'><strong>neque</strong></span> <span class='ocrx_word' id='word_1_129' title='bbox 1646 1800 1794 1862; x_wconf 78' lang='lat' dir='ltr'><strong>vidit</strong></span> <span class='ocrx_word' id='word_1_130' title='bbox 1834 1819 2030 1881; x_wconf 88' lang='lat' dir='ltr'><strong>neque</strong></span> <span class='ocrx_word' id='word_1_131' title='bbox 2072 1801 2350 1882; x_wconf 78' lang='lat' dir='ltr'><strong>cognovit</strong></span> <span class='ocrx_word' id='word_1_132' title='bbox 2391 1820 2551 1884; x_wconf 84' lang='lat' dir='ltr'><strong>eum.</strong></span> 
     </span>
     <span class='ocr_line' id='line_1_15' title="bbox 203 1893 2549 1980; baseline -0 -15"><span class='ocrx_word' id='word_1_133' title='bbox 203 1902 422 1976; x_wconf 64' lang='lat' dir='ltr'><strong>filioli,</strong></span> <span class='ocrx_word' id='word_1_134' title='bbox 475 1919 654 1965; x_wconf 90' lang='lat' dir='ltr'><strong>nemo</strong></span> <span class='ocrx_word' id='word_1_135' title='bbox 699 1921 806 1963; x_wconf 83' lang='lat' dir='ltr'><strong>vos</strong></span> <span class='ocrx_word' id='word_1_136' title='bbox 853 1901 1117 1963; x_wconf 89' lang='lat' dir='ltr'><strong>seducat.</strong></span> <span class='ocrx_word' id='word_1_137' title='bbox 1219 1901 1432 1963; x_wconf 88' lang='lat' dir='ltr'><strong>Omnis</strong></span> <span class='ocrx_word' id='word_1_138' title='bbox 1475 1900 1577 1979; x_wconf 84' lang='lat' dir='ltr'><strong>qui</strong></span> <span class='ocrx_word' id='word_1_139' title='bbox 1619 1902 1759 1962; x_wconf 82' lang='lat' dir='ltr'><strong>facit</strong></span> <span class='ocrx_word' id='word_1_140' title='bbox 1811 1902 2125 1977; x_wconf 89' lang='lat' dir='ltr'><strong>iustitiam,</strong></span> <span class='ocrx_word' id='word_1_141' title='bbox 2192 1893 2386 1965; x_wconf 86' lang='lat' dir='ltr'><strong>iustus</strong></span> <span class='ocrx_word' id='word_1_142' title='bbox 2433 1911 2549 1980; x_wconf 82' lang='lat' dir='ltr'><strong>est,</strong></span> 
     </span>
     <span class='ocr_line' id='line_1_16' title="bbox 205 2001 2550 2084; baseline -0.001 -18"><span class='ocrx_word' id='word_1_143' title='bbox 205 2005 357 2066; x_wconf 81' lang='lat' dir='ltr'><strong>sicut</strong></span> <span class='ocrx_word' id='word_1_144' title='bbox 398 2010 457 2065; x_wconf 88' lang='lat' dir='ltr'><strong>et</strong></span> <span class='ocrx_word' id='word_1_145' title='bbox 499 2003 597 2068; x_wconf 91' lang='lat' dir='ltr'><strong>ille</strong></span> <span class='ocrx_word' id='word_1_146' title='bbox 640 2003 837 2065; x_wconf 88' lang='lat' dir='ltr'><strong>iustus</strong></span> <span class='ocrx_word' id='word_1_147' title='bbox 882 2011 996 2066; x_wconf 87' lang='lat' dir='ltr'><strong>est.</strong></span> <span class='ocrx_word' id='word_1_148' title='bbox 1071 2002 1189 2076; x_wconf 84' lang='lat' dir='ltr'><strong>Qui</strong></span> <span class='ocrx_word' id='word_1_149' title='bbox 1232 2001 1371 2063; x_wconf 83' lang='lat' dir='ltr'><strong>facit</strong></span> <span class='ocrx_word' id='word_1_150' title='bbox 1411 2002 1721 2076; x_wconf 87' lang='lat' dir='ltr'><strong>delictum,</strong></span> <span class='ocrx_word' id='word_1_151' title='bbox 1767 2022 1837 2064; x_wconf 84' lang='lat' dir='ltr'><strong>ex</strong></span> <span class='ocrx_word' id='word_1_152' title='bbox 1883 2002 2117 2066; x_wconf 85' lang='lat' dir='ltr'><strong>diaholo</strong></span> <span class='ocrx_word' id='word_1_153' title='bbox 2164 2011 2289 2077; x_wconf 87' lang='lat' dir='ltr'><strong>est,</strong></span> <span class='ocrx_word' id='word_1_154' title='bbox 2334 2003 2550 2084; x_wconf 68' lang='lat' dir='ltr'><strong>”quo-</strong></span> 
     </span>
     <span class='ocr_line' id='line_1_17' title="bbox 205 2102 2556 2184; baseline -0.002 -14"><span class='ocrx_word' id='word_1_155' title='bbox 205 2103 676 2170; x_wconf 66' lang='lat' dir='ltr'><strong>niam‘diabolus</strong></span> <span class='ocrx_word' id='word_1_156' title='bbox 719 2123 753 2166; x_wconf 90' lang='lat' dir='ltr'><strong>a</strong></span> <span class='ocrx_word' id='word_1_157' title='bbox 795 2103 1124 2184; x_wconf 87' lang='lat' dir='ltr'><strong>primordio</strong></span> <span class='ocrx_word' id='word_1_158' title='bbox 1169 2102 1477 2182; x_wconf 85' lang='lat' dir='ltr'><strong>delinquit.</strong></span> <span class='ocrx_word' id='word_1_159' title='bbox 1548 2102 1615 2164; x_wconf 88' lang='lat' dir='ltr'><strong>In</strong></span> <span class='ocrx_word' id='word_1_160' title='bbox 1660 2103 1776 2165; x_wconf 88' lang='lat' dir='ltr'><strong>hoc</strong></span> <span class='ocrx_word' id='word_1_161' title='bbox 1806 2104 1961 2165; x_wconf 91' lang='lat' dir='ltr'><strong>enim</strong></span> <span class='ocrx_word' id='word_1_162' title='bbox 2004 2104 2415 2166; x_wconf 79' lang='lat' dir='ltr'><strong>manifestatus</strong></span> <span class='ocrx_word' id='word_1_163' title='bbox 2458 2113 2556 2167; x_wconf 87' lang='lat' dir='ltr'><strong>est</strong></span> 
     </span>
     <span class='ocr_line' id='line_1_18' title="bbox 197 2203 2552 2285; baseline -0.001 -16"><span class='ocrx_word' id='word_1_164' title='bbox 197 2207 355 2269; x_wconf 77' lang='lat' dir='ltr'><strong>filius</strong></span> <span class='ocrx_word' id='word_1_165' title='bbox 398 2205 538 2280; x_wconf 89' lang='lat' dir='ltr'><strong>Dei,</strong></span> <span class='ocrx_word' id='word_1_166' title='bbox 581 2212 649 2268; x_wconf 90' lang='lat' dir='ltr'><strong>ut</strong></span> <span class='ocrx_word' id='word_1_167' title='bbox 690 2205 879 2267; x_wconf 85' lang='lat' dir='ltr'><strong>solvat</strong></span> <span class='ocrx_word' id='word_1_168' title='bbox 909 2223 1090 2285; x_wconf 87' lang='lat' dir='ltr'><strong>opera</strong></span> <span class='ocrx_word' id='word_1_169' title='bbox 1120 2203 1359 2265; x_wconf 86' lang='lat' dir='ltr'><strong>diaboli.</strong></span> <span class='ocrx_word' id='word_1_170' title='bbox 1424 2203 1573 2266; x_wconf 86' lang='lat' dir='ltr'><strong>Nam</strong></span> <span class='ocrx_word' id='word_1_171' title='bbox 1618 2211 1681 2264; x_wconf 84' lang='lat' dir='ltr'><strong>et</strong></span> <span class='ocrx_word' id='word_1_172' title='bbox 1722 2204 1900 2266; x_wconf 81' lang='lat' dir='ltr'><strong>solvit</strong></span> <span class='ocrx_word' id='word_1_173' title='bbox 1940 2204 2202 2266; x_wconf 85' lang='lat' dir='ltr'><strong>liberans</strong></span> <span class='ocrx_word' id='word_1_174' title='bbox 2246 2204 2552 2267; x_wconf 85' lang='lat' dir='ltr'><strong>hominem</strong></span> 
     </span>
     <span class='ocr_line' id='line_1_19' title="bbox 84 2302 2865 2409; baseline -0.003 -34"><span class='ocrx_word' id='word_1_175' title='bbox 84 2359 102 2376; x_wconf 87' lang='lat'><strong>.</strong></span> <span class='ocrx_word' id='word_1_176' title='bbox 197 2327 312 2390; x_wconf 70' lang='lat' dir='ltr'><strong>per</strong></span> <span class='ocrx_word' id='word_1_177' title='bbox 361 2309 683 2382; x_wconf 81' lang='lat' dir='ltr'><strong>lavacrum,</strong></span> <span class='ocrx_word' id='word_1_178' title='bbox 742 2306 963 2368; x_wconf 88' lang='lat' dir='ltr'><strong>donato</strong></span> <span class='ocrx_word' id='word_1_179' title='bbox 1018 2305 1059 2338; x_wconf 80' lang='lat'><strong>³¹</strong></span> <span class='ocrx_word' id='word_1_180' title='bbox 1077 2305 1132 2367; x_wconf 86' lang='lat' dir='ltr'><strong>ei</strong></span> <span class='ocrx_word' id='word_1_181' title='bbox 1189 2304 1581 2385; x_wconf 81' lang='lat' dir='ltr'><strong>chirographo</strong></span> <span class='ocrx_word' id='word_1_182' title='bbox 1647 2304 1920 2366; x_wconf 75' lang='lat' dir='ltr'><strong>mortist.</strong></span> <span class='ocrx_word' id='word_1_183' title='bbox 2031 2304 2131 2380; x_wconf 71' lang='lat' dir='ltr'><strong>Et,</strong></span> <span class='ocrx_word' id='word_1_184' title='bbox 2158 2305 2293 2366; x_wconf 90' lang='lat' dir='ltr'><strong>ideo</strong></span> <span class='ocrx_word' id='word_1_185' title='bbox 2352 2302 2865 2409; x_wconf 33' lang='lat' dir='ltr'><strong>omnislffgkffiffih‘</strong></span> 
     </span>
     <span class='ocr_line' id='line_1_20' title="bbox 199 2389 2947 2490; baseline -0.001 -18"><span class='ocrx_word' id='word_1_186' title='bbox 199 2408 363 2490; x_wconf 68' lang='lat' dir='ltr'><strong>³3²qui</strong></span> <span class='ocrx_word' id='word_1_187' title='bbox 395 2428 466 2472; x_wconf 84' lang='lat' dir='ltr'><strong>ex</strong></span> <span class='ocrx_word' id='word_1_188' title='bbox 494 2408 608 2470; x_wconf 86' lang='lat' dir='ltr'><strong>deo</strong></span> <span class='ocrx_word' id='word_1_189' title='bbox 638 2407 934 2480; x_wconf 82' lang='lat' dir='ltr'><strong>nascitur,</strong></span> <span class='ocrx_word' id='word_1_190' title='bbox 977 2424 1102 2470; x_wconf 88' lang='lat' dir='ltr'><strong>non</strong></span> <span class='ocrx_word' id='word_1_191' title='bbox 1146 2405 1286 2468; x_wconf 79' lang='lat' dir='ltr'><strong>facit</strong></span> <span class='ocrx_word' id='word_1_192' title='bbox 1328 2405 1642 2480; x_wconf 85' lang='lat' dir='ltr'><strong>delictum,</strong></span> <span class='ocrx_word' id='word_1_193' title='bbox 1686 2405 1822 2485; x_wconf 86' lang='lat' dir='ltr'><strong>quia</strong></span> <span class='ocrx_word' id='word_1_194' title='bbox 1862 2423 2069 2466; x_wconf 87' lang='lat' dir='ltr'><strong>semen</strong></span> <span class='ocrx_word' id='word_1_195' title='bbox 2114 2404 2208 2466; x_wconf 93' lang='lat' dir='ltr'><strong>dei</strong></span> <span class='ocrx_word' id='word_1_196' title='bbox 2252 2413 2451 2467; x_wconf 87' lang='lat' dir='ltr'><strong>manet</strong></span> <span class='ocrx_word' id='word_1_197' title='bbox 2492 2407 2555 2470; x_wconf 88' lang='lat' dir='ltr'><strong>in</strong></span> <span class='ocrx_word' id='word_1_198' title='bbox 2734 2421 2744 2435; x_wconf 89' lang='grc'><em>·</em></span> <span class='ocrx_word' id='word_1_199' title='bbox 2932 2389 2947 2400; x_wconf 54' lang='grc'><strong>”</strong></span> 
     </span>
     <span class='ocr_line' id='line_1_21' title="bbox 195 2504 2550 2590; baseline -0.001 -18"><span class='ocrx_word' id='word_1_200' title='bbox 195 2511 335 2584; x_wconf 84' lang='lat' dir='ltr'><strong>illo,</strong></span> <span class='ocrx_word' id='word_1_201' title='bbox 381 2518 441 2572; x_wconf 87' lang='lat' dir='ltr'><strong>et</strong></span> <span class='ocrx_word' id='word_1_202' title='bbox 481 2528 602 2571; x_wconf 90' lang='lat' dir='ltr'><strong>non</strong></span> <span class='ocrx_word' id='word_1_203' title='bbox 646 2517 850 2590; x_wconf 87' lang='lat' dir='ltr'><strong>potest</strong></span> <span class='ocrx_word' id='word_1_204' title='bbox 893 2507 1272 2586; x_wconf 85' lang='lat' dir='ltr'><strong>delinquere,</strong></span> <span class='ocrx_word' id='word_1_205' title='bbox 1317 2506 1453 2586; x_wconf 89' lang='lat' dir='ltr'><strong>quia</strong></span> <span class='ocrx_word' id='word_1_206' title='bbox 1497 2525 1572 2569; x_wconf 83' lang='lat' dir='ltr'><strong>ex</strong></span> <span class='ocrx_word' id='word_1_207' title='bbox 1608 2507 1722 2569; x_wconf 87' lang='lat' dir='ltr'><strong>deo</strong></span> <span class='ocrx_word' id='word_1_208' title='bbox 1767 2514 1943 2568; x_wconf 87' lang='lat' dir='ltr'><strong>natus</strong></span> <span class='ocrx_word' id='word_1_209' title='bbox 1990 2513 2103 2566; x_wconf 88' lang='lat' dir='ltr'><strong>est.</strong></span> <span class='ocrx_word' id='word_1_210' title='bbox 2178 2504 2246 2566; x_wconf 88' lang='lat' dir='ltr'><strong>In</strong></span> <span class='ocrx_word' id='word_1_211' title='bbox 2270 2505 2394 2569; x_wconf 88' lang='lat' dir='ltr'><strong>hoc</strong></span> <span class='ocrx_word' id='word_1_212' title='bbox 2420 2525 2550 2569; x_wconf 89' lang='lat' dir='ltr'><strong>ma-</strong></span> 
     </span>
     <span class='ocr_line' id='line_1_22' title="bbox 196 2605 2552 2688; baseline -0.002 -12"><span class='ocrx_word' id='word_1_213' title='bbox 196 2610 400 2676; x_wconf 79' lang='lat' dir='ltr'><strong>nifesti</strong></span> <span class='ocrx_word' id='word_1_214' title='bbox 443 2620 586 2675; x_wconf 84' lang='lat' dir='ltr'><strong>sunt</strong></span> <span class='ocrx_word' id='word_1_215' title='bbox 625 2610 729 2674; x_wconf 86' lang='lat' dir='ltr'><strong>filii</strong></span> <span class='ocrx_word' id='word_1_216' title='bbox 776 2610 872 2673; x_wconf 90' lang='lat' dir='ltr'><strong>dei</strong></span> <span class='ocrx_word' id='word_1_217' title='bbox 918 2619 978 2672; x_wconf 92' lang='lat' dir='ltr'><strong>et</strong></span> <span class='ocrx_word' id='word_1_218' title='bbox 1029 2609 1136 2671; x_wconf 87' lang='lat' dir='ltr'><strong>filii</strong></span> <span class='ocrx_word' id='word_1_219' title='bbox 1191 2607 1427 2671; x_wconf 89' lang='lat' dir='ltr'><strong>diaboli.</strong></span> <span class='ocrx_word' id='word_1_220' title='bbox 1535 2608 1604 2671; x_wconf 90' lang='lat' dir='ltr'><strong>In</strong></span> <span class='ocrx_word' id='word_1_221' title='bbox 1649 2626 1800 2688; x_wconf 88' lang='lat' dir='ltr'><strong>quo,</strong></span> <span class='ocrx_word' id='word_1_222' title='bbox 1864 2607 1981 2669; x_wconf 85' lang='lat' dir='ltr'><strong>nisi</strong></span> <span class='ocrx_word' id='word_1_223' title='bbox 2037 2605 2121 2668; x_wconf 87' lang='lat' dir='ltr'><strong>illi</strong></span> <span class='ocrx_word' id='word_1_224' title='bbox 2181 2624 2303 2669; x_wconf 90' lang='lat' dir='ltr'><strong>non</strong></span> <span class='ocrx_word' id='word_1_225' title='bbox 2356 2607 2552 2671; x_wconf 86' lang='lat' dir='ltr'><strong>delin-</strong></span> 
     </span>
     <span class='ocr_line' id='line_1_23' title="bbox 191 2706 2553 2794; baseline -0.003 -18"><span class='ocrx_word' id='word_1_226' title='bbox 191 2713 464 2794; x_wconf 84' lang='lat' dir='ltr'><strong>quendo,</strong></span> <span class='ocrx_word' id='word_1_227' title='bbox 491 2732 584 2775; x_wconf 82' lang='lat' dir='ltr'><strong>-ex</strong></span> <span class='ocrx_word' id='word_1_228' title='bbox 626 2731 747 2792; x_wconf 93' lang='lat' dir='ltr'><strong>quo</strong></span> <span class='ocrx_word' id='word_1_229' title='bbox 790 2712 865 2773; x_wconf 92' lang='lat' dir='ltr'><strong>de</strong></span> <span class='ocrx_word' id='word_1_230' title='bbox 911 2713 1024 2774; x_wconf 90' lang='lat' dir='ltr'><strong>deo</strong></span> <span class='ocrx_word' id='word_1_231' title='bbox 1053 2711 1176 2773; x_wconf 84' lang='lat' dir='ltr'><strong>nati</strong></span> <span class='ocrx_word' id='word_1_232' title='bbox 1206 2718 1377 2783; x_wconf 84' lang='lat' dir='ltr'><strong>sunt,</strong></span> <span class='ocrx_word' id='word_1_233' title='bbox 1424 2710 1525 2772; x_wconf 89' lang='lat' dir='ltr'><strong>isti</strong></span> <span class='ocrx_word' id='word_1_234' title='bbox 1562 2709 1997 2790; x_wconf 88' lang='lat' dir='ltr'><strong>delinquendo,</strong></span> <span class='ocrx_word' id='word_1_235' title='bbox 2044 2707 2179 2787; x_wconf 90' lang='lat' dir='ltr'><strong>quia</strong></span> <span class='ocrx_word' id='word_1_236' title='bbox 2210 2708 2285 2769; x_wconf 92' lang='lat' dir='ltr'><strong>de</strong></span> <span class='ocrx_word' id='word_1_237' title='bbox 2314 2706 2553 2770; x_wconf 84' lang='lat' dir='ltr'><strong>diabolo</strong></span> 
     </span>
     <span class='ocr_line' id='line_1_24' title="bbox 161 2806 2550 2895; baseline -0.002 -19"><span class='ocrx_word' id='word_1_238' title='bbox 161 2812 724 2895; x_wconf 56' lang='lat' dir='ltr'><strong>‚suntsffsproinde</strong></span> <span class='ocrx_word' id='word_1_239' title='bbox 772 2821 947 2893; x_wconf 85' lang='lat' dir='ltr'><strong>atque</strong></span> <span class='ocrx_word' id='word_1_240' title='bbox 989 2813 1045 2873; x_wconf 86' lang='lat' dir='ltr'><strong>si</strong></span> <span class='ocrx_word' id='word_1_241' title='bbox 1090 2828 1389 2891; x_wconf 89' lang='lat' dir='ltr'><strong>nunquam</strong></span> <span class='ocrx_word' id='word_1_242' title='bbox 1435 2811 1558 2873; x_wconf 86' lang='lat' dir='ltr'><strong>sint</strong></span> <span class='ocrx_word' id='word_1_243' title='bbox 1599 2831 1672 2872; x_wconf 84' lang='lat' dir='ltr'><strong>ex</strong></span> <span class='ocrx_word' id='word_1_244' title='bbox 1716 2812 1829 2872; x_wconf 87' lang='lat' dir='ltr'><strong>deo</strong></span> <span class='ocrx_word' id='word_1_245' title='bbox 1859 2807 2032 2871; x_wconf 77' lang='lat' dir='ltr'><strong>nati?</strong></span> <span class='ocrx_word' id='word_1_246' title='bbox 2098 2806 2355 2881; x_wconf 74' lang='lat' dir='ltr'><strong>Quodsi</strong></span> <span class='ocrx_word' id='word_1_247' title='bbox 2386 2808 2550 2882; x_wconf 85' lang='lat' dir='ltr'><strong>dicit,</strong></span> 
     </span>
     <span class='ocr_line' id='line_1_25' title="bbox 199 2908 2805 2999; baseline -0.002 -22"><span class='ocrx_word' id='word_1_248' title='bbox 199 2916 322 2989; x_wconf 83' lang='lat' dir='ltr'><strong>Qui</strong></span> <span class='ocrx_word' id='word_1_249' title='bbox 362 2933 485 2977; x_wconf 88' lang='lat' dir='ltr'><strong>non</strong></span> <span class='ocrx_word' id='word_1_250' title='bbox 531 2922 627 2977; x_wconf 86' lang='lat' dir='ltr'><strong>est</strong></span> <span class='ocrx_word' id='word_1_251' title='bbox 670 2915 898 2999; x_wconf 13' lang='lat' dir='ltr'><strong>iushtuS,</strong></span> <span class='ocrx_word' id='word_1_252' title='bbox 966 2932 1038 2974; x_wconf 85' lang='lat' dir='ltr'><strong>ex</strong></span> <span class='ocrx_word' id='word_1_253' title='bbox 1079 2912 1193 2973; x_wconf 91' lang='lat' dir='ltr'><strong>deo</strong></span> <span class='ocrx_word' id='word_1_254' title='bbox 1237 2930 1363 2978; x_wconf 90' lang='lat' dir='ltr'><strong>non</strong></span> <span class='ocrx_word' id='word_1_255' title='bbox 1407 2921 1527 2985; x_wconf 84' lang='lat' dir='ltr'><strong>est,</strong></span> <span class='ocrx_word' id='word_1_256' title='bbox 1586 2911 1688 2990; x_wconf 90' lang='lat' dir='ltr'><strong>qui</strong></span> <span class='ocrx_word' id='word_1_257' title='bbox 1732 2929 1855 2972; x_wconf 91' lang='lat' dir='ltr'><strong>non</strong></span> <span class='ocrx_word' id='word_1_258' title='bbox 1896 2908 2183 2991; x_wconf 87' lang='lat' dir='ltr'><strong>pudicus,</strong></span> <span class='ocrx_word' id='word_1_259' title='bbox 2246 2909 2548 2989; x_wconf 89' lang='lat' dir='ltr'><strong>quomodo</strong></span> <span class='ocrx_word' id='word_1_260' title='bbox 2577 2926 2805 2979; x_wconf 73' lang='lat' dir='ltr'><strong>110h.1,s.</strong></span> 
     </span>
     <span class='ocr_line' id='line_1_26' title="bbox 193 3010 2551 3095; baseline -0.003 -17"><span class='ocrx_word' id='word_1_261' title='bbox 193 3034 414 3079; x_wconf 80' lang='lat' dir='ltr'><strong>rursus</strong></span> <span class='ocrx_word' id='word_1_262' title='bbox 459 3035 532 3079; x_wconf 87' lang='lat' dir='ltr'><strong>ex</strong></span> <span class='ocrx_word' id='word_1_263' title='bbox 575 3016 690 3078; x_wconf 90' lang='lat' dir='ltr'><strong>deo</strong></span> <span class='ocrx_word' id='word_1_264' title='bbox 735 3016 867 3089; x_wconf 82' lang='lat' dir='ltr'><strong>fiet,</strong></span> <span class='ocrx_word' id='word_1_265' title='bbox 913 3015 1015 3095; x_wconf 89' lang='lat' dir='ltr'><strong>qui</strong></span> <span class='ocrx_word' id='word_1_266' title='bbox 1057 3014 1177 3075; x_wconf 87' lang='lat' dir='ltr'><strong>iam</strong></span> <span class='ocrx_word' id='word_1_267' title='bbox 1220 3030 1360 3074; x_wconf 85' lang='lat' dir='ltr'><strong>esse</strong></span> <span class='ocrx_word' id='word_1_268' title='bbox 1405 3010 1630 3074; x_wconf 75' lang='lat' dir='ltr'><strong>desiit?</strong></span> <span class='ocrx_word' id='word_1_269' title='bbox 1715 3010 1878 3074; x_wconf 84' lang='lat' dir='ltr'><strong>quta</strong></span> <span class='ocrx_word' id='word_1_270' title='bbox 1923 3017 2018 3073; x_wconf 90' lang='lat' dir='ltr'><strong>est</strong></span> <span class='ocrx_word' id='word_1_271' title='bbox 2059 3010 2240 3089; x_wconf 81' lang='lat' dir='ltr'><strong>igitur</strong></span> <span class='ocrx_word' id='word_1_272' title='bbox 2282 3018 2349 3071; x_wconf 90' lang='lat' dir='ltr'><strong>ut</strong></span> <span class='ocrx_word' id='word_1_273' title='bbox 2391 3010 2551 3071; x_wconf 83' lang='lat' dir='ltr'><strong>exci-</strong></span> 
     </span>
     <span class='ocr_line' id='line_1_27' title="bbox 189 3109 2556 3201; baseline -0.004 -21"><span class='ocrx_word' id='word_1_274' title='bbox 189 3118 366 3180; x_wconf 82' lang='lat' dir='ltr'><strong>disse</strong></span> <span class='ocrx_word' id='word_1_275' title='bbox 409 3119 525 3181; x_wconf 85' lang='lat' dir='ltr'><strong>sibi</strong></span> <span class='ocrx_word' id='word_1_276' title='bbox 570 3117 835 3179; x_wconf 84' lang='lat' dir='ltr'><strong>dicamus</strong></span> <span class='ocrx_word' id='word_1_277' title='bbox 879 3117 1162 3178; x_wconf 87' lang='lat' dir='ltr'><strong>loannem</strong></span> <span class='ocrx_word' id='word_1_278' title='bbox 1199 3115 1280 3201; x_wconf 29' lang='lat' dir='ltr'><strong>,in</strong></span> <span class='ocrx_word' id='word_1_279' title='bbox 1324 3112 1647 3195; x_wconf 69' lang='lat' dir='ltr'><strong>3⁴primore</strong></span> <span class='ocrx_word' id='word_1_280' title='bbox 1690 3112 1929 3191; x_wconf 86' lang='lat' dir='ltr'><strong>quidem</strong></span> <span class='ocrx_word' id='word_1_281' title='bbox 1972 3110 2226 3192; x_wconf 80' lang='lat' dir='ltr'><strong>epistola</strong></span> <span class='ocrx_word' id='word_1_282' title='bbox 2267 3109 2556 3190; x_wconf 68' lang='lat' dir='ltr'><strong>”negan-</strong></span> 
     </span>
     <span class='ocr_line' id='line_1_28' title="bbox 194 3206 2557 3294; baseline -0.003 -14"><span class='ocrx_word' id='word_1_283' title='bbox 194 3227 326 3281; x_wconf 72' lang='lat' dir='ltr'><strong>tem</strong></span> <span class='ocrx_word' id='word_1_284' title='bbox 368 3237 484 3281; x_wconf 83' lang='lat' dir='ltr'><strong>nos</strong></span> <span class='ocrx_word' id='word_1_285' title='bbox 530 3219 664 3280; x_wconf 87' lang='lat' dir='ltr'><strong>sine</strong></span> <span class='ocrx_word' id='word_1_286' title='bbox 693 3206 905 3279; x_wconf 78' lang='lat' dir='ltr'><strong>delicto</strong></span> <span class='ocrx_word' id='word_1_287' title='bbox 937 3236 1106 3289; x_wconf 88' lang='lat' dir='ltr'><strong>esse,</strong></span> <span class='ocrx_word' id='word_1_288' title='bbox 1153 3233 1313 3276; x_wconf 90' lang='lat' dir='ltr'><strong>nunc</strong></span> <span class='ocrx_word' id='word_1_289' title='bbox 1342 3233 1482 3277; x_wconf 83' lang='lat' dir='ltr'><strong>vero</strong></span> <span class='ocrx_word' id='word_1_290' title='bbox 1514 3212 2021 3294; x_wconf 82' lang='lat' dir='ltr'><strong>praescribentem</strong></span> <span class='ocrx_word' id='word_1_291' title='bbox 2058 3229 2182 3275; x_wconf 91' lang='lat' dir='ltr'><strong>non</strong></span> <span class='ocrx_word' id='word_1_292' title='bbox 2211 3210 2557 3291; x_wconf 86' lang='lat' dir='ltr'><strong>delinquere</strong></span> 
     </span>
     <span class='ocr_line' id='line_1_29' title="bbox 185 3311 2558 3398; baseline -0.004 -16"><span class='ocrx_word' id='word_1_293' title='bbox 185 3320 480 3395; x_wconf 84' lang='lat' dir='ltr'><strong>omnino,</strong></span> <span class='ocrx_word' id='word_1_294' title='bbox 548 3328 609 3381; x_wconf 91' lang='lat' dir='ltr'><strong>et</strong></span> <span class='ocrx_word' id='word_1_295' title='bbox 662 3320 781 3380; x_wconf 91' lang='lat' dir='ltr'><strong>illic</strong></span> <span class='ocrx_word' id='word_1_296' title='bbox 839 3319 1077 3398; x_wconf 89' lang='lat' dir='ltr'><strong>quidem</strong></span> <span class='ocrx_word' id='word_1_297' title='bbox 1134 3314 1354 3396; x_wconf 86' lang='lat' dir='ltr'><strong>aliquid</strong></span> <span class='ocrx_word' id='word_1_298' title='bbox 1410 3315 1484 3375; x_wconf 91' lang='lat' dir='ltr'><strong>de</strong></span> <span class='ocrx_word' id='word_1_299' title='bbox 1543 3313 1715 3375; x_wconf 81' lang='lat' dir='ltr'><strong>venia</strong></span> <span class='ocrx_word' id='word_1_300' title='bbox 1766 3312 2202 3385; x_wconf 86' lang='lat' dir='ltr'><strong>blandientem,</strong></span> <span class='ocrx_word' id='word_1_301' title='bbox 2274 3311 2373 3373; x_wconf 89' lang='lat' dir='ltr'><strong>hic</strong></span> <span class='ocrx_word' id='word_1_302' title='bbox 2413 3329 2558 3373; x_wconf 81' lang='lat' dir='ltr'><strong>vero</strong></span> 
     </span>
     <span class='ocr_line' id='line_1_30' title="bbox 135 3411 2562 3500; baseline -0.005 -16"><span class='ocrx_word' id='word_1_303' title='bbox 135 3451 148 3461; x_wconf 91' lang='lat'><em>·</em></span> <span class='ocrx_word' id='word_1_304' title='bbox 173 3422 473 3484; x_wconf 76' lang='lat' dir='ltr'><strong>districte</strong></span> <span class='ocrx_word' id='word_1_305' title='bbox 515 3430 828 3500; x_wconf 84' lang='lat' dir='ltr'><strong>negantem</strong></span> <span class='ocrx_word' id='word_1_306' title='bbox 872 3419 1025 3480; x_wconf 82' lang='lat' dir='ltr'><strong>filios</strong></span> <span class='ocrx_word' id='word_1_307' title='bbox 1070 3417 1167 3479; x_wconf 91' lang='lat' dir='ltr'><strong>dei</strong></span> <span class='ocrx_word' id='word_1_308' title='bbox 1211 3416 1547 3497; x_wconf 87' lang='lat' dir='ltr'><strong>quicunque</strong></span> <span class='ocrx_word' id='word_1_309' title='bbox 1577 3414 1952 3496; x_wconf 87' lang='lat' dir='ltr'><strong>deliquerint.</strong></span> <span class='ocrx_word' id='word_1_310' title='bbox 2023 3412 2141 3474; x_wconf 90' lang='lat' dir='ltr'><strong>Sed</strong></span> <span class='ocrx_word' id='word_1_311' title='bbox 2172 3412 2345 3474; x_wconf 87' lang='lat' dir='ltr'><strong>absit.</strong></span> <span class='ocrx_word' id='word_1_312' title='bbox 2412 3411 2562 3473; x_wconf 87' lang='lat' dir='ltr'><strong>Nam</strong></span> 
     </span>
     <span class='ocr_line' id='line_1_31' title="bbox 179 3512 2561 3602; baseline -0.005 -15"><span class='ocrx_word' id='word_1_313' title='bbox 179 3541 313 3589; x_wconf 82' lang='lat' dir='ltr'><strong>nec</strong></span> <span class='ocrx_word' id='word_1_314' title='bbox 357 3522 474 3602; x_wconf 86' lang='lat' dir='ltr'><strong>ipsi</strong></span> <span class='ocrx_word' id='word_1_315' title='bbox 521 3521 846 3583; x_wconf 87' lang='lat' dir='ltr'><strong>excidimus</strong></span> <span class='ocrx_word' id='word_1_316' title='bbox 905 3539 939 3581; x_wconf 91' lang='lat' dir='ltr'><strong>a</strong></span> <span class='ocrx_word' id='word_1_317' title='bbox 995 3539 1111 3599; x_wconf 91' lang='lat' dir='ltr'><strong>qua</strong></span> <span class='ocrx_word' id='word_1_318' title='bbox 1167 3517 1422 3597; x_wconf 86' lang='lat' dir='ltr'><strong>digressi</strong></span> <span class='ocrx_word' id='word_1_319' title='bbox 1485 3534 1691 3578; x_wconf 86' lang='lat' dir='ltr'><strong>sumus</strong></span> <span class='ocrx_word' id='word_1_320' title='bbox 1749 3514 2133 3577; x_wconf 87' lang='lat' dir='ltr'><strong>distinctione</strong></span> <span class='ocrx_word' id='word_1_321' title='bbox 2184 3512 2561 3575; x_wconf 75' lang='lat' dir='ltr'><strong>delictorum.</strong></span> 
     </span>
     <span class='ocr_line' id='line_1_32' title="bbox 179 3613 2565 3706; baseline -0.005 -19"><span class='ocrx_word' id='word_1_322' title='bbox 179 3624 275 3688; x_wconf 84' lang='lat' dir='ltr'><strong>Et</strong></span> <span class='ocrx_word' id='word_1_323' title='bbox 319 3623 420 3685; x_wconf 89' lang='lat' dir='ltr'><strong>hic</strong></span> <span class='ocrx_word' id='word_1_324' title='bbox 462 3623 619 3685; x_wconf 90' lang='lat' dir='ltr'><strong>enim</strong></span> <span class='ocrx_word' id='word_1_325' title='bbox 666 3622 822 3684; x_wconf 90' lang='lat' dir='ltr'><strong>illam</strong></span> <span class='ocrx_word' id='word_1_326' title='bbox 852 3621 1110 3684; x_wconf 89' lang='lat' dir='ltr'><strong>Ioannes</strong></span> <span class='ocrx_word' id='word_1_327' title='bbox 1156 3616 1621 3706; x_wconf 77' lang='lat' dir='ltr'><strong>commendavit,</strong></span> <span class='ocrx_word' id='word_1_328' title='bbox 1669 3617 1828 3701; x_wconf 72' lang='lat' dir='ltr'><strong>quod</strong></span> <span class='ocrx_word' id='word_1_329' title='bbox 1876 3616 1998 3677; x_wconf 85' lang='lat' dir='ltr'><strong>sint</strong></span> <span class='ocrx_word' id='word_1_330' title='bbox 2036 3614 2324 3696; x_wconf 88' lang='lat' dir='ltr'><strong>quaedam</strong></span> <span class='ocrx_word' id='word_1_331' title='bbox 2354 3613 2565 3675; x_wconf 83' lang='lat' dir='ltr'><strong>delicta</strong></span> 
     </span>
     <span class='ocr_line' id='line_1_33' title="bbox 177 3714 2565 3800; baseline -0.005 -13"><span class='ocrx_word' id='word_1_332' title='bbox 177 3724 534 3787; x_wconf 76' lang='lat' dir='ltr'><strong>cotidianae</strong></span> <span class='ocrx_word' id='word_1_333' title='bbox 577 3721 999 3795; x_wconf 84' lang='lat' dir='ltr'><strong>incursionis¹¹‚</strong></span> <span class='ocrx_word' id='word_1_334' title='bbox 1046 3720 1262 3800; x_wconf 89' lang='lat' dir='ltr'><strong>quibus</strong></span> <span class='ocrx_word' id='word_1_335' title='bbox 1311 3736 1522 3780; x_wconf 86' lang='lat' dir='ltr'><strong>omnes</strong></span> <span class='ocrx_word' id='word_1_336' title='bbox 1569 3717 1758 3779; x_wconf 87' lang='lat' dir='ltr'><strong>simus</strong></span> <span class='ocrx_word' id='word_1_337' title='bbox 1804 3715 2042 3778; x_wconf 89' lang='lat' dir='ltr'><strong>obiecti.</strong></span> <span class='ocrx_word' id='word_1_338' title='bbox 2115 3715 2221 3777; x_wconf 87' lang='lat' dir='ltr'><strong>Cui</strong></span> <span class='ocrx_word' id='word_1_339' title='bbox 2253 3714 2410 3776; x_wconf 89' lang='lat' dir='ltr'><strong>enim</strong></span> <span class='ocrx_word' id='word_1_340' title='bbox 2440 3732 2565 3776; x_wconf 91' lang='lat' dir='ltr'><strong>non</strong></span> 
     </span>
    </p>
   </div>
   <div class='ocr_carea' id='block_1_3' title="bbox 173 3864 2568 4077">
    <p class='ocr_par' dir='ltr' id='par_1_3' title="bbox 173 3864 2568 4077">
     <span class='ocr_line' id='line_1_34' title="bbox 175 3864 2568 3932; baseline -0.006 -3"><span class='ocrx_word' id='word_1_341' title='bbox 175 3878 281 3931; x_wconf 78' lang='lat'><strong>24.</strong></span> <span class='ocrx_word' id='word_1_342' title='bbox 325 3879 572 3927; x_wconf 85' lang='lat' dir='ltr'><strong>dominnm</strong></span> <span class='ocrx_word' id='word_1_343' title='bbox 609 3879 661 3926; x_wconf 80' lang='lat' dir='ltr'><strong>A.</strong></span> <span class='ocrx_word' id='word_1_344' title='bbox 766 3874 848 3926; x_wconf 82' lang='lat'><strong>25.</strong></span> <span class='ocrx_word' id='word_1_345' title='bbox 886 3875 978 3924; x_wconf 86' lang='lat' dir='ltr'><strong>hos</strong></span> <span class='ocrx_word' id='word_1_346' title='bbox 1014 3874 1065 3923; x_wconf 80' lang='lat' dir='ltr'><strong>A.</strong></span> <span class='ocrx_word' id='word_1_347' title='bbox 1169 3870 1252 3922; x_wconf 83' lang='lat'><strong>26.</strong></span> <span class='ocrx_word' id='word_1_348' title='bbox 1290 3870 1381 3920; x_wconf 81' lang='lat' dir='ltr'><strong>hos</strong></span> <span class='ocrx_word' id='word_1_349' title='bbox 1416 3872 1468 3920; x_wconf 75' lang='lat' dir='ltr'><strong>A.</strong></span> <span class='ocrx_word' id='word_1_350' title='bbox 1573 3868 1658 3919; x_wconf 80' lang='lat'><strong>27.</strong></span> <span class='ocrx_word' id='word_1_351' title='bbox 1696 3882 1792 3932; x_wconf 87' lang='lat' dir='ltr'><strong>quo</strong></span> <span class='ocrx_word' id='word_1_352' title='bbox 1829 3868 1901 3927; x_wconf 72' lang='lat' dir='ltr'><strong>D„</strong></span> <span class='ocrx_word' id='word_1_353' title='bbox 1943 3868 2155 3918; x_wconf 74' lang='lat' dir='ltr'><strong>Latinius</strong></span> <span class='ocrx_word' id='word_1_354' title='bbox 2192 3870 2235 3915; x_wconf 77' lang='lat' dir='ltr'><strong>el</strong></span> <span class='ocrx_word' id='word_1_355' title='bbox 2271 3865 2399 3915; x_wconf 77' lang='lat' dir='ltr'><strong>Fulv.</strong></span> <span class='ocrx_word' id='word_1_356' title='bbox 2436 3864 2568 3914; x_wconf 73' lang='lat' dir='ltr'><strong>Ursi·</strong></span> 
     </span>
     <span class='ocr_line' id='line_1_35' title="bbox 175 3932 2568 4013; baseline -0.006 -16"><span class='ocrx_word' id='word_1_357' title='bbox 175 3963 304 3998; x_wconf 72' lang='lat' dir='ltr'><strong>nus.</strong></span> <span class='ocrx_word' id='word_1_358' title='bbox 384 3961 506 4013; x_wconf 88' lang='lat' dir='ltr'><strong>quae</strong></span> <span class='ocrx_word' id='word_1_359' title='bbox 540 3944 662 3994; x_wconf 82' lang='lat' dir='ltr'><strong>ABG.</strong></span> <span class='ocrx_word' id='word_1_360' title='bbox 759 3942 842 3993; x_wconf 84' lang='lat'><strong>28.</strong></span> <span class='ocrx_word' id='word_1_361' title='bbox 879 3952 940 3991; x_wconf 75' lang='lat' dir='ltr'><strong>er</strong></span> <span class='ocrx_word' id='word_1_362' title='bbox 961 3955 1100 4004; x_wconf 75' lang='lat' dir='ltr'><strong>spem</strong></span> <span class='ocrx_word' id='word_1_363' title='bbox 1135 3943 1187 3990; x_wconf 78' lang='grc' dir='ltr'><strong>Α.</strong></span> <span class='ocrx_word' id='word_1_364' title='bbox 1276 3937 1357 3988; x_wconf 82' lang='grc'><strong>29.</strong></span> <span class='ocrx_word' id='word_1_365' title='bbox 1395 3938 1646 4002; x_wconf 86' lang='lat' dir='ltr'><strong>delinquet</strong></span> <span class='ocrx_word' id='word_1_366' title='bbox 1680 3936 1731 3986; x_wconf 78' lang='lat' dir='ltr'><strong>fl.</strong></span> <span class='ocrx_word' id='word_1_367' title='bbox 1801 3936 2048 3999; x_wconf 78' lang='lat' dir='ltr'><strong>delinquat</strong></span> <span class='ocrx_word' id='word_1_368' title='bbox 2084 3938 2136 3983; x_wconf 82' lang='lat' dir='ltr'><strong>A.</strong></span> <span class='ocrx_word' id='word_1_369' title='bbox 2206 3932 2443 3995; x_wconf 85' lang='lat' dir='ltr'><strong>delinquit</strong></span> <span class='ocrx_word' id='word_1_370' title='bbox 2480 3932 2568 3982; x_wconf 75' lang='lat' dir='ltr'><strong>CD-</strong></span> 
     </span>
     <span class='ocr_line' id='line_1_36' title="bbox 173 3998 2568 4077; baseline -0.007 -12"><span class='ocrx_word' id='word_1_371' title='bbox 173 4014 281 4065; x_wconf 79' lang='lat'><strong>30.</strong></span> <span class='ocrx_word' id='word_1_372' title='bbox 324 4014 553 4077; x_wconf 86' lang='lat' dir='ltr'><strong>quoniam</strong></span> <span class='ocrx_word' id='word_1_373' title='bbox 594 4013 679 4061; x_wconf 83' lang='lat' dir='ltr'><strong>CD.</strong></span> <span class='ocrx_word' id='word_1_374' title='bbox 719 4010 1132 4062; x_wconf 73' lang='lat' dir='ltr'><strong>liber.clemen1is.</strong></span> <span class='ocrx_word' id='word_1_375' title='bbox 1201 4007 1330 4071; x_wconf 87' lang='lat' dir='ltr'><strong>quod</strong></span> <span class='ocrx_word' id='word_1_376' title='bbox 1365 4006 1454 4057; x_wconf 76' lang='lat' dir='ltr'><strong>AB.</strong></span> <span class='ocrx_word' id='word_1_377' title='bbox 1560 4003 1643 4053; x_wconf 75' lang='lat'><strong>31.</strong></span> <span class='ocrx_word' id='word_1_378' title='bbox 1683 4003 1726 4051; x_wconf 85' lang='lat' dir='ltr'><strong>ei</strong></span> <span class='ocrx_word' id='word_1_379' title='bbox 1761 4018 1849 4052; x_wconf 88' lang='lat' dir='ltr'><strong>om.</strong></span> <span class='ocrx_word' id='word_1_380' title='bbox 1883 4002 1939 4052; x_wconf 85' lang='lat' dir='ltr'><strong>D.</strong></span> <span class='ocrx_word' id='word_1_381' title='bbox 2045 3999 2127 4050; x_wconf 82' lang='lat'><strong>32.</strong></span> <span class='ocrx_word' id='word_1_382' title='bbox 2163 4014 2287 4064; x_wconf 81' lang='lat' dir='ltr'><strong>quae</strong></span> <span class='ocrx_word' id='word_1_383' title='bbox 2323 4013 2350 4048; x_wconf 83' lang='lat' dir='ltr'><strong>a</strong></span> <span class='ocrx_word' id='word_1_384' title='bbox 2386 3999 2478 4048; x_wconf 90' lang='lat' dir='ltr'><strong>deo</strong></span> <span class='ocrx_word' id='word_1_385' title='bbox 2513 3998 2568 4049; x_wconf 72' lang='lat' dir='ltr'><strong>A.</strong></span> 
     </span>
    </p>
   </div>
   <div class='ocr_carea' id='block_1_4' title="bbox 173 4070 2042 4144">
    <p class='ocr_par' dir='ltr' id='par_1_4' title="bbox 173 4070 2042 4144">
     <span class='ocr_line' id='line_1_37' title="bbox 173 4070 2042 4144; baseline -0.007 -12"><span class='ocrx_word' id='word_1_386' title='bbox 173 4080 280 4133; x_wconf 76' lang='lat'><strong>33.</strong></span> <span class='ocrx_word' id='word_1_387' title='bbox 325 4082 531 4144; x_wconf 85' lang='lat' dir='ltr'><strong>perinde</strong></span> <span class='ocrx_word' id='word_1_388' title='bbox 565 4080 638 4141; x_wconf 68' lang='lat' dir='ltr'><strong>D„</strong></span> <span class='ocrx_word' id='word_1_389' title='bbox 676 4079 809 4133; x_wconf 71' lang='lat' dir='ltr'><strong>Fuit.</strong></span> <span class='ocrx_word' id='word_1_390' title='bbox 837 4079 1047 4128; x_wconf 71' lang='lat' dir='ltr'><strong>Ursinus.</strong></span> <span class='ocrx_word' id='word_1_391' title='bbox 1153 4074 1234 4125; x_wconf 82' lang='lat'><strong>34.</strong></span> <span class='ocrx_word' id='word_1_392' title='bbox 1273 4076 1438 4137; x_wconf 84' lang='lat' dir='ltr'><strong>priore</strong></span> <span class='ocrx_word' id='word_1_393' title='bbox 1474 4073 1526 4122; x_wconf 79' lang='grc' dir='ltr'><strong>Δ.</strong></span> <span class='ocrx_word' id='word_1_394' title='bbox 1631 4070 1714 4120; x_wconf 81' lang='grc'><strong>35.</strong></span> <span class='ocrx_word' id='word_1_395' title='bbox 1751 4070 1956 4132; x_wconf 64' lang='lat' dir='ltr'><strong>negante</strong></span> <span class='ocrx_word' id='word_1_396' title='bbox 1992 4070 2042 4119; x_wconf 77' lang='lat' dir='ltr'><strong>A.</strong></span> 
     </span>
    </p>
   </div>
   <div class='ocr_carea' id='block_1_5' title="bbox 169 4165 2571 4649">
    <p class='ocr_par' dir='ltr' id='par_1_5' title="bbox 171 4165 2571 4375">
     <span class='ocr_line' id='line_1_38' title="bbox 269 4165 2569 4240; baseline -0.007 -9"><span class='ocrx_word' id='word_1_397' title='bbox 269 4182 308 4231; x_wconf 88' lang='lat' dir='ltr'><strong>l&#39;.</strong></span> <span class='ocrx_word' id='word_1_398' title='bbox 346 4182 583 4231; x_wconf 81' lang='lat' dir='ltr'><strong>hactenus</strong></span> <span class='ocrx_word' id='word_1_399' title='bbox 619 4174 957 4240; x_wconf 63' lang='lat' dir='ltr'><strong>admittenda]</strong></span> <span class='ocrx_word' id='word_1_400' title='bbox 997 4177 1099 4226; x_wconf 79' lang='lat' dir='ltr'><strong>Hoc</strong></span> <span class='ocrx_word' id='word_1_401' title='bbox 1129 4183 1205 4225; x_wconf 80' lang='lat' dir='ltr'><strong>eat</strong></span> <span class='ocrx_word' id='word_1_402' title='bbox 1240 4188 1337 4223; x_wconf 88' lang='lat' dir='ltr'><strong>non</strong></span> <span class='ocrx_word' id='word_1_403' title='bbox 1438 4174 1695 4224; x_wconf 84' lang='lat' dir='ltr'><strong>currerunt</strong></span> <span class='ocrx_word' id='word_1_404' title='bbox 1743 4169 1924 4233; x_wconf 84' lang='lat' dir='ltr'><strong>aliquid</strong></span> <span class='ocrx_word' id='word_1_405' title='bbox 1974 4167 2104 4234; x_wconf 87' lang='lat' dir='ltr'><strong>quod</strong></span> <span class='ocrx_word' id='word_1_406' title='bbox 2150 4166 2394 4217; x_wconf 79' lang='lat' dir='ltr'><strong>videretur</strong></span> <span class='ocrx_word' id='word_1_407' title='bbox 2440 4165 2569 4215; x_wconf 86' lang='lat' dir='ltr'><strong>iniu-</strong></span> 
     </span>
     <span class='ocr_line' id='line_1_39' title="bbox 171 4232 2571 4313; baseline -0.008 -11"><span class='ocrx_word' id='word_1_408' title='bbox 171 4249 420 4313; x_wconf 69' lang='lat' dir='ltr'><strong>ampliua</strong></span> <span class='ocrx_word' id='word_1_409' title='bbox 481 4247 791 4298; x_wconf 82' lang='lat' dir='ltr'><strong>admittenda.</strong></span> <span class='ocrx_word' id='word_1_410' title='bbox 859 4245 909 4293; x_wconf 82' lang='lat' dir='ltr'><strong>V.</strong></span> <span class='ocrx_word' id='word_1_411' title='bbox 948 4259 1075 4309; x_wconf 82' lang='lat' dir='ltr'><strong>qnae</strong></span> <span class='ocrx_word' id='word_1_412' title='bbox 1118 4242 1339 4294; x_wconf 80' lang='lat' dir='ltr'><strong>adnotavi</strong></span> <span class='ocrx_word' id='word_1_413' title='bbox 1438 4241 1603 4291; x_wconf 80' lang='lat' dir='ltr'><strong>stum“</strong></span> <span class='ocrx_word' id='word_1_414' title='bbox 1645 4242 2017 4303; x_wconf 79' lang='lat' dir='ltr'><strong>interpretatur:</strong></span> <span class='ocrx_word' id='word_1_415' title='bbox 2072 4237 2353 4299; x_wconf 77' lang='lat' dir='ltr'><strong>„Incurrere</strong></span> <span class='ocrx_word' id='word_1_416' title='bbox 2386 4232 2571 4297; x_wconf 82' lang='lat' dir='ltr'><strong>aliquid</strong></span> 
     </span>
     <span class='ocr_line' id='line_1_40' title="bbox 179 4304 2571 4375; baseline -0.008 -8"><span class='ocrx_word' id='word_1_417' title='bbox 179 4318 260 4369; x_wconf 73' lang='lat' dir='ltr'><strong>ad</strong></span> <span class='ocrx_word' id='word_1_418' title='bbox 309 4316 382 4365; x_wconf 85' lang='lat' dir='ltr'><strong>De</strong></span> <span class='ocrx_word' id='word_1_419' title='bbox 419 4316 612 4365; x_wconf 82' lang='lat' dir='ltr'><strong>Exhort.</strong></span> <span class='ocrx_word' id='word_1_420' title='bbox 651 4314 819 4364; x_wconf 82' lang='lat' dir='ltr'><strong>Castit.</strong></span> <span class='ocrx_word' id='word_1_421' title='bbox 856 4327 961 4375; x_wconf 82' lang='lat' dir='ltr'><strong>cap.</strong></span> <span class='ocrx_word' id='word_1_422' title='bbox 984 4312 1028 4361; x_wconf 82' lang='lat'><strong>1.</strong></span> <span class='ocrx_word' id='word_1_423' title='bbox 1440 4316 1516 4358; x_wconf 81' lang='lat' dir='ltr'><strong>est</strong></span> <span class='ocrx_word' id='word_1_424' title='bbox 1536 4308 1853 4358; x_wconf 85' lang='lat' dir='ltr'><strong>committere.</strong></span> <span class='ocrx_word' id='word_1_425' title='bbox 1905 4304 2040 4355; x_wconf 84' lang='lat' dir='ltr'><strong>Unde</strong></span> <span class='ocrx_word' id='word_1_426' title='bbox 2058 4305 2249 4355; x_wconf 74' lang='lat' dir='ltr'><strong>crimim</strong></span> <span class='ocrx_word' id='word_1_427' title='bbox 2271 4304 2571 4367; x_wconf 77' lang='lat' dir='ltr'><strong>quotidianae</strong></span> 
     </span>
    </p>

    <p class='ocr_par' dir='ltr' id='par_1_6' title="bbox 171 4367 2570 4514">
     <span class='ocr_line' id='line_1_41' title="bbox 269 4367 2569 4445; baseline -0.007 -14"><span class='ocrx_word' id='word_1_428' title='bbox 269 4399 320 4445; x_wconf 75' lang='lat' dir='ltr'><strong>g.</strong></span> <span class='ocrx_word' id='word_1_429' title='bbox 362 4384 542 4433; x_wconf 84' lang='lat' dir='ltr'><strong>donato</strong></span> <span class='ocrx_word' id='word_1_430' title='bbox 579 4384 622 4432; x_wconf 89' lang='lat' dir='ltr'><strong>ei</strong></span> <span class='ocrx_word' id='word_1_431' title='bbox 654 4368 978 4444; x_wconf 53' lang='lat' dir='ltr'><strong>chirographo</strong></span> <span class='ocrx_word' id='word_1_432' title='bbox 1017 4372 1233 4443; x_wconf 66' lang='lat' dir='ltr'><strong>mortis]</strong></span> <span class='ocrx_word' id='word_1_433' title='bbox 1267 4376 1340 4428; x_wconf 77' lang='lat' dir='ltr'><strong>Cf.</strong></span> <span class='ocrx_word' id='word_1_434' title='bbox 1440 4378 1725 4426; x_wconf 72' lang='lat' dir='ltr'><strong>incursionis</strong></span> <span class='ocrx_word' id='word_1_435' title='bbox 1792 4371 2093 4422; x_wconf 82' lang='lat' dir='ltr'><strong>Tertulliano</strong></span> <span class='ocrx_word' id='word_1_436' title='bbox 2159 4385 2284 4433; x_wconf 84' lang='lat' dir='ltr'><strong>quae</strong></span> <span class='ocrx_word' id='word_1_437' title='bbox 2354 4367 2569 4433; x_wconf 82' lang='lat' dir='ltr'><strong>quotidie</strong></span> 
     </span>
     <span class='ocr_line' id='line_1_42' title="bbox 171 4432 2570 4514; baseline -0.009 -12"><span class='ocrx_word' id='word_1_438' title='bbox 171 4453 272 4503; x_wconf 75' lang='lat' dir='ltr'><strong>De</strong></span> <span class='ocrx_word' id='word_1_439' title='bbox 314 4450 503 4500; x_wconf 80' lang='lat' dir='ltr'><strong>Paenit.</strong></span> <span class='ocrx_word' id='word_1_440' title='bbox 542 4465 648 4514; x_wconf 85' lang='lat' dir='ltr'><strong>cap.</strong></span> <span class='ocrx_word' id='word_1_441' title='bbox 669 4448 718 4498; x_wconf 84' lang='lat'><strong>6.</strong></span> <span class='ocrx_word' id='word_1_442' title='bbox 1401 4456 1412 4467; x_wconf 83' lang='lat'><strong>·</strong></span> <span class='ocrx_word' id='word_1_443' title='bbox 1440 4445 1824 4500; x_wconf 86' lang='lat' dir='ltr'><strong>committuntur,</strong></span> <span class='ocrx_word' id='word_1_444' title='bbox 1864 4448 1912 4489; x_wconf 85' lang='lat' dir='ltr'><strong>et</strong></span> <span class='ocrx_word' id='word_1_445' title='bbox 1944 4438 2142 4488; x_wconf 71' lang='lat' dir='ltr'><strong>levioris</strong></span> <span class='ocrx_word' id='word_1_446' title='bbox 2178 4437 2368 4486; x_wconf 85' lang='lat' dir='ltr'><strong>abollae</strong></span> <span class='ocrx_word' id='word_1_447' title='bbox 2402 4432 2570 4483; x_wconf 87' lang='lat' dir='ltr'><strong>crimi-</strong></span> 
     </span>
    </p>

    <p class='ocr_par' dir='ltr' id='par_1_7' title="bbox 169 4498 2570 4649">
     <span class='ocr_line' id='line_1_43' title="bbox 265 4498 2568 4580; baseline -0.01 -12"><span class='ocrx_word' id='word_1_448' title='bbox 265 4520 321 4568; x_wconf 84' lang='lat' dir='ltr'><strong>h.</strong></span> <span class='ocrx_word' id='word_1_449' title='bbox 375 4518 647 4568; x_wconf 76' lang='lat' dir='ltr'><strong>cotidianae</strong></span> <span class='ocrx_word' id='word_1_450' title='bbox 695 4509 1014 4580; x_wconf 80' lang='lat' dir='ltr'><strong>incursionis]</strong></span> <span class='ocrx_word' id='word_1_451' title='bbox 1071 4512 1340 4564; x_wconf 79' lang='lat' dir='ltr'><strong>Salmasius</strong></span> <span class='ocrx_word' id='word_1_452' title='bbox 1438 4511 1554 4561; x_wconf 82' lang='lat' dir='ltr'><strong>na.“</strong></span> <span class='ocrx_word' id='word_1_453' title='bbox 1618 4509 1807 4571; x_wconf 79' lang='lat' dir='ltr'><strong>Ulpian.</strong></span> <span class='ocrx_word' id='word_1_454' title='bbox 1848 4505 2024 4567; x_wconf 80' lang='lat' dir='ltr'><strong>Digeat.</strong></span> <span class='ocrx_word' id='word_1_455' title='bbox 2061 4504 2281 4563; x_wconf 66' lang='lat' dir='ltr'><strong>xxml,</strong></span> <span class='ocrx_word' id='word_1_456' title='bbox 2306 4501 2366 4550; x_wconf 79' lang='lat'><strong>13</strong></span> <span class='ocrx_word' id='word_1_457' title='bbox 2402 4498 2568 4559; x_wconf 84' lang='lat' dir='ltr'><strong>„Nihil</strong></span> 
     </span>
     <span class='ocr_line' id='line_1_44' title="bbox 169 4566 2570 4649; baseline -0.01 -11"><span class='ocrx_word' id='word_1_458' title='bbox 169 4588 254 4639; x_wconf 74' lang='lat' dir='ltr'><strong>ad</strong></span> <span class='ocrx_word' id='word_1_459' title='bbox 299 4583 950 4649; x_wconf 76' lang='lat' dir='ltr'><strong>Ael.l.ampridiivit.Alex.</strong></span> <span class='ocrx_word' id='word_1_460' title='bbox 976 4582 1136 4633; x_wconf 79' lang='lat' dir='ltr'><strong>Severi</strong></span> <span class='ocrx_word' id='word_1_461' title='bbox 1174 4579 1340 4644; x_wconf 80' lang='lat' dir='ltr'><strong>p.1t·1</strong></span> <span class='ocrx_word' id='word_1_462' title='bbox 1441 4579 1538 4628; x_wconf 82' lang='lat' dir='ltr'><strong>vitii</strong></span> <span class='ocrx_word' id='word_1_463' title='bbox 1578 4577 1753 4625; x_wconf 83' lang='lat' dir='ltr'><strong>mulier</strong></span> <span class='ocrx_word' id='word_1_464' title='bbox 1785 4572 2047 4625; x_wconf 51' lang='lat' dir='ltr'><strong>manufest</strong></span> <span class='ocrx_word' id='word_1_465' title='bbox 2116 4571 2190 4622; x_wconf 77' lang='lat' dir='ltr'><strong>Cf.</strong></span> <span class='ocrx_word' id='word_1_466' title='bbox 2228 4570 2429 4620; x_wconf 83' lang='lat' dir='ltr'><strong>Dirksen</strong></span> <span class='ocrx_word' id='word_1_467' title='bbox 2467 4566 2570 4615; x_wconf 69' lang='lat' dir='ltr'><strong>hla-</strong></span> 
     </span>
    </p>
   </div>
   <div class='ocr_carea' id='block_1_6' title="bbox 103 4640 1955 4719">
    <p class='ocr_par' dir='ltr' id='par_1_8' title="bbox 103 4640 1955 4719">
     <span class='ocr_line' id='line_1_45' title="bbox 103 4640 1955 4719; baseline -0.009 -13"><span class='ocrx_word' id='word_1_468' title='bbox 103 4686 118 4690; x_wconf 69' lang='lat'><em>„</em></span> <span class='ocrx_word' id='word_1_469' title='bbox 167 4656 400 4719; x_wconf 81' lang='lat' dir='ltr'><strong>(adnot.</strong></span> <span class='ocrx_word' id='word_1_470' title='bbox 433 4653 635 4718; x_wconf 81' lang='lat' dir='ltr'><strong>p.201.)</strong></span> <span class='ocrx_word' id='word_1_471' title='bbox 671 4651 733 4701; x_wconf 90' lang='lat' dir='ltr'><strong>ad</strong></span> <span class='ocrx_word' id='word_1_472' title='bbox 766 4652 911 4701; x_wconf 82' lang='lat' dir='ltr'><strong>verba</strong></span> <span class='ocrx_word' id='word_1_473' title='bbox 948 4649 1067 4714; x_wconf 87' lang='lat' dir='ltr'><strong>„qui</strong></span> <span class='ocrx_word' id='word_1_474' title='bbox 1101 4650 1227 4699; x_wconf 79' lang='lat' dir='ltr'><strong>forte</strong></span> <span class='ocrx_word' id='word_1_475' title='bbox 1261 4648 1342 4698; x_wconf 82' lang='lat' dir='ltr'><strong>in·</strong></span> <span class='ocrx_word' id='word_1_476' title='bbox 1447 4645 1593 4697; x_wconf 83' lang='lat' dir='ltr'><strong>nuale</strong></span> <span class='ocrx_word' id='word_1_477' title='bbox 1627 4659 1729 4693; x_wconf 82' lang='lat' dir='ltr'><strong>s.v.</strong></span> <span class='ocrx_word' id='word_1_478' title='bbox 1764 4656 1815 4707; x_wconf 84' lang='lat' dir='ltr'><strong>p.</strong></span> <span class='ocrx_word' id='word_1_479' title='bbox 1836 4640 1955 4691; x_wconf 82' lang='lat'><strong>455.</strong></span> 
     </span>
    </p>
   </div>
  </div>
 </body>
</html>
