3263 5311
1177 451 1254 494 os
1300 449 1616 496 runtctru.
2444 433 2572 508 '803

221 599 336 664 iam
378 616 479 660 res
525 605 647 671 est,
696 615 849 692 nova
894 601 1172 681 emergit,
1217 600 1333 663 iam
1377 620 1500 664 non
1547 621 1616 665 ex
1664 603 1912 666 seminis
1941 604 2117 680 limo,
2162 625 2287 669 non
2316 627 2390 670 ex
2419 628 2571 672 con-

220 701 621 782 cupiscentiae
664 699 925 774 ”timon
991 702 1099 764 sed
1155 721 1226 764 ex
1282 721 1430 783 aqua
1486 722 1637 784 pura
1692 713 1753 766 et
1810 705 2023 785 spiritu
2066 708 2310 770 mundo.
2410 711 2571 784 Quid

219 802 418 882 itaque
460 799 618 862 illam
663 801 738 864 de
782 801 1038 882 pristino
1082 802 1381 868 excusas?
1417 804 1568 866 ‘Non
1599 823 1819 887 corpus
1849 805 2105 882 Christi,
2150 827 2274 871 non
2303 792 2878 893 membra¹v⁰1ff¹iss⁴ssss²²

219 903 474 978 Christi,
519 919 642 964 non
688 904 972 983 templum
1016 905 1110 966 dei
1154 904 1499 981 vocabatur,
1549 925 1682 968 cum
1728 908 1958 970 veniam
2001 910 2307 973 moechiae
2352 931 2570 977 conse·
2592 893 2628 938 ¹¹
2639 897 2880 953 ⁶⁰¹·v¹·¹⁰·

218 1004 532 1086 quebatur.
602 1004 805 1084 ltaque
849 1005 904 1067 si
948 1005 1162 1067 exinde
1203 1025 1322 1088 quo
1368 1015 1589 1070 statum
1631 1008 1811 1070 vertit
1852 1017 1912 1071 et
1948 1010 2010 1070 in
2040 1010 2343 1074 Christum
2389 1013 2571 1078 tincta
2588 1012 2858 1115 fffi'rflt'rffli»

218 1106 414 1168 induit
456 1105 756 1168 Christum
802 1114 863 1168 et
905 1125 1118 1187 magno
1173 1108 1479 1188 redempta
1536 1117 1658 1183 est,
1723 1110 2011 1190 sanguine
2066 1112 2308 1175 scilicet·
2346 1115 2573 1179 domini
2706 1099 2717 1111 ⁶
2782 1101 2797 1123 ⁹
2860 1103 2877 1117 ⁶

220 1215 281 1268 et
323 1206 542 1287 '‘ag-ni,
613 1214 782 1268 tenes
839 1207 1076 1288 aliquod
1129 1210 1462 1290 exemplum
1519 1209 1644 1272 sive
1699 1220 2079 1292 praeceptum
2138 1213 2264 1275 sive
2319 1216 2571 1279 sormam

221 1309 349 1370 sive
393 1307 743 1370 sententiam
789 1308 1050 1372 indultae
1106 1310 1232 1374 sive
1285 1311 1678 1389 indulgendae
1721 1312 2133 1375 fornicationis
2176 1325 2354 1396 atque
2397 1325 2569 1381 moe·-

217 1409 418 1482 chiae,
463 1408 650 1470 habes
695 1411 871 1472 etiam
915 1412 1205 1492 temporis
1249 1430 1284 1474 a
1325 1411 1502 1475 nobis
1547 1412 1955 1476 definitionem
2002 1433 2073 1477 ex
2101 1433 2221 1495 quo
2252 1416 2570 1498 deputetur

218 1518 381 1573 aetas
428 1511 822 1590 quaestionis.

387 1612 436 1672 Α
474 1612 775 1692 parabolis
816 1612 1016 1676 licebit
1056 1613 1338 1693 incipias,
1384 1613 1486 1675 ubi
1531 1623 1626 1677 est
1670 1617 1799 1679 ovis
1842 1616 2071 1696 perdita
2115 1636 2148 1678 a
2184 1617 2430 1681 domino
2461 1639 2566 1682 re-
2603 1626 2818 1684 Cur-Vl!-

216 1713 439 1794 quisita
482 1720 542 1775 et
582 1714 847 1776 humeris
893 1715 1023 1777 eius
1065 1723 1318 1778 revecta.
1414 1714 1749 1778 Procedant
1802 1717 1968 1800 ipsae
2009 1717 2274 1797 picturae
2317 1720 2563 1784 calicum
2593 1687 2797 1797 Lff‘sgqff'

217 1822 608 1887 vestrorum·,
683 1815 736 1876 si
791 1815 884 1876 vel
931 1815 993 1876 in
1051 1815 1167 1878 illis
1228 1814 1560 1896 perlucebit
1613 1818 2025 1898 interpretatio
2081 1820 2326 1899 pecudis
2382 1821 2567 1898 illius,

211 1921 493 1977 utrumne
536 1915 875 1977 Christiano
918 1935 993 1977 an
1038 1916 1274 1979 ethnico
1318 1918 1618 1997 peccatori
1674 1919 1749 1981 de
1791 1919 2172 1983 restitutione
2217 1921 2568 1986 ¹conlineet.

211 1995 726 2079 {sraescribimusb
771 2018 929 2080 enim
973 2036 1043 2079 ex
1088 2025 1334 2080 naturae
1365 2018 1714 2099 disciplina,
1761 2038 1831 2081 ex
1873 2021 2004 2100 lege
2033 2021 2195 2083 auris
2225 2029 2285 2083 et
2312 2021 2567 2104 linguae,

216 2136 290 2180 ex
331 2117 551 2180 mentis
594 2117 841 2180 sanitate
883 2137 952 2181 ea
998 2136 1240 2198 semper
1280 2119 1640 2200 responderi
1679 2137 1830 2200 quae
1871 2131 2304 2201 provocantur,
2346 2122 2443 2186 ’id
2473 2133 2569 2187 est

215 2218 291 2281 ad
352 2238 420 2282 ea
475 2237 625 2299 quae
678 2229 1025 2299 provocant.
1125 2219 1553 2293 'Provocabat,
1615 2229 1683 2282 ut
1738 2222 1987 2301 opinor,
2055 2223 2217 2302 quod
2270 2225 2568 2303 pharisaei

210 2319 563 2402 publicanos
607 2328 666 2383 et
706 2329 1049 2401 peccatores
1094 2320 1364 2384 ethnicos
1409 2321 1818 2384 admittentem
1847 2321 2155 2384 dominum
2198 2331 2419 2385 etcum
2448 2325 2567 2387 illis

213 2421 293 2484 de
335 2420 493 2483 victu
535 2423 1068 2485 communicantem
1120 2421 1410 2503 indignati
1466 2422 1878 2485 mussitabant.
1976 2422 2064 2484 Ad
2119 2423 2236 2485 boc
2288 2425 2568 2489 dominus

208 2521 460 2603 pecudis
503 2523 770 2603 perditae
813 2522 1254 2586 restitutionem
1283 2523 1452 2586 ⁴cum
1497 2525 1847 2603 figurasset,
1895 2523 1989 2586 cui
2019 2524 2119 2587 alii
2162 2526 2565 2606 configurasse

211 2623 577 2688 credendum
606 2632 700 2688 est
727 2644 904 2707 quam
941 2622 1471 2707 ethniconerdim,
1518 2625 1593 2689 de
1617 2644 1739 2707 quo
1768 2625 2079 2706 agebatur,
2126 2643 2248 2689 non
2284 2627 2358 2689 (le
2389 2627 2564 2690 Chri-

211 2726 433 2800 stiano,
480 2726 612 2807 ‘qui
643 2727 835 2789 adhuc
862 2725 1091 2789 nemo?
1134 2735 1236 2789 aut
1262 2714 1435 2808 quale
1464 2735 1590 2801 est,
1636 2736 1705 2789 ut
1731 2727 2011 2789 dominus
2056 2728 2225 2807 quasi
2269 2729 2568 2791 cavillator

205 2827 669 2910 responsionis,
715 2828 942 2891 omissa
987 2829 1187 2909 specie
1228 2828 1569 2909 praesenti⁶
1609 2846 1787 2908 quam
1839 2827 2262 2907 repercutere⁸
2305 2828 2569 2905 deberet,

209 2947 301 3000 23.
338 2949 452 2997 timo
487 2949 558 3011 D„
596 2948 727 2999 ratu.
750 2949 959 2999 Ursinus.
1029 2950 1165 2999 fumo
1199 2949 1342 3011 ABG„
1383 2949 1418 2998 1.
1449 2948 1526 2997 Fr.
1550 2948 1806 2998 Gronovius
1842 2948 1874 2997 l.
1895 2948 1928 2996 l.
2033 2945 2115 2996 24.
2152 2961 2377 3008 magnum
2411 2949 2463 2999 A.

356 3015 472 3080 Cap.
509 3015 606 3066 Vll.
680 3017 724 3066 1.
762 3017 994 3067 conliniet
1011 3018 1175 3068 ABGD.
1256 3015 1304 3066 2.
1342 3017 1389 3066 id
1424 3023 1501 3065 est
1536 3015 1597 3065 ad
1633 3029 1689 3063 ea
1725 3028 1848 3079 qnae
1872 3022 2137 3078 provocant
2168 3017 2354 3067 uncinis
2386 3017 2573 3068 inclusa

209 3085 356 3135 habet
390 3083 443 3132 D.
546 3082 593 3133 3.
633 3084 929 3134 Provocabat
962 3085 1018 3135 D.
1106 3084 1391 3134 Provocabit
1439 3082 1562 3133 ABG.
1656 3083 1933 3132 Provocavit
1980 3083 2257 3133 fulmins.
2361 3083 2408 3132 4.
2457 3097 2568 3133 cnm

204 3153 489 3215 figurasset,
525 3151 600 3200 cni
638 3151 718 3200 alii
757 3152 1086 3213 configurasse
1122 3151 1416 3201 credendum
1455 3158 1530 3200 est
1558 3149 1968 3213 Nicol.Riyaltius.
2038 3163 2148 3199 cnm
2183 3150 2455 3212 figurasset,
2493 3151 2571 3201 cni

202 3220 294 3270 alii
334 3218 633 3268 reddendum
669 3225 745 3268 est
777 3220 830 3269 B.
903 3220 979 3269 cni
1016 3219 1097 3269 alii
1135 3220 1466 3282 configurasse
1519 3217 1813 3267 credendum
1867 3216 2161 3278 (credendus
2208 3219 2417 3268 emendat
2451 3219 2569 3269 Leo-

197 3286 404 3352 poldus)
438 3294 513 3336 est
550 3286 637 3335 CD.
685 3288 804 3337 tiber
842 3287 1098 3337 Gemoniis.
1181 3300 1287 3337 cum
1338 3286 1419 3335 alii
1466 3286 1831 3346 contigui-asset,
1880 3283 2179 3335 reddendum
2216 3291 2290 3334 est
2321 3287 2375 3335 A.
2457 3299 2567 3335 cam

199 3356 487 3419 figurasset,
524 3353 599 3403 cui
637 3352 719 3403 alii
756 3354 1048 3404 credendum
1088 3360 1162 3405 est
1193 3354 1468 3406 Fnlnm'us.
1575 3353 1622 3402 5.
1663 3352 1777 3416 quid
1811 3353 1863 3403 A.

205 3448 224 3461 “
275 3469 327 3518 g.
368 3455 787 3519 concupiscentiae
813 3450 951 3522 timo]
976 3455 1191 3505 Veterem
1215 3456 1339 3506 scri-

195 3530 403 3590 pturam
438 3526 566 3585 sumo
601 3523 841 3573 vindicare
875 3524 1039 3573 studet
1064 3523 1338 3575 l.Fr.Gro-

199 3590 385 3642 novius
422 3588 453 3637 l.
479 3589 510 3639 1.
562 3590 840 3651 ‚,Voverius,
895 3591 1066 3656 inquit,
1116 3605 1170 3641 ex
1219 3606 1338 3641 con-

199 3660 396 3709 iectura
431 3658 571 3720 ᾔτηη
625 3671 721 3722 quo
758 3658 870 3708 dnm
923 3672 1047 3708 sono
1083 3659 1338 3708 verborum

193 3724 391 3784 studet,
426 3724 712 3785 antitheton,
747 3725 1178 3776 familiarissimum
1216 3726 1338 3776 Ter·

193 3792 417 3855 tulliano
454 3807 624 3854 genus,
661 3794 942 3858 corrumpit.
1003 3794 1063 3843 Ut
1098 3794 1226 3842 enim
1262 3808 1337 3844 se-

191 3860 354 3912 minis
385 3860 512 3920 limo,
569 3861 663 3909 boc
711 3868 787 3910 est
821 3860 997 3926 liquori
1034 3868 1192 3910 terrae
1227 3875 1339 3911 sor·

194 3929 356 3979 dibus
393 3928 558 3987 mixto,
596 3944 719 3992 aqua
749 3944 885 3992 pura,
927 3929 989 3977 ita
1012 3930 1340 3993 concupiscen-

196 3998 301 4048 εἰσι
358 3999 503 4058 sumo,
569 3996 762 4059 spiritui
827 3994 1018 4046 turbido
1075 4009 1339 4059 crassoque

196 4065 406 4128 spiritus
439 4062 640 4112 mundus
676 4062 968 4113 obducitur“
1006 4069 1117 4114 cett.

276 4130 401 4193 Cap.
438 4129 534 4178 vtl.
605 4145 648 4180 a.
685 4130 820 4193 ipsae
866 4132 1085 4194 picturae
1133 4130 1338 4181 calicum

195 4191 511 4261 vestrorum]
553 4196 626 4248 Cf.
664 4197 789 4249 infra
827 4198 1019 4261 cap.10
1055 4198 1126 4259 „A
1164 4212 1256 4262 qua
1293 4204 1339 4246 et

195 4264 337 4316 alias
372 4262 591 4324 initiaris,
621 4264 707 4314 cni
743 4263 844 4326 ille,
897 4265 940 4314 si
977 4266 1119 4326 torte,
1171 4272 1339 4330 patro-

195 4329 454 4383 cinabitur
485 4339 656 4395 pastor
691 4346 833 4395 quem
873 4333 921 4383 in
960 4333 1111 4383 calice
1165 4332 1338 4397 depin-

193 4397 470 4515 gisi‘wcett.
561 4398 748 4449 Hunter
799 4400 1035 4450 Primord.
1072 4399 1201 4450 Eccl.
1238 4400 1336 4450 Arr.

191 4483 228 4534 p
267 4534 328 4584 h.
368 4528 775 4599 Praescribimus]
829 4533 902 4583 Ct.
953 4533 1013 4583 de
1063 4534 1157 4584 hoc
1191 4533 1337 4584 verbo

189 4601 377 4654 adnot.
416 4600 475 4651 ad
510 4600 711 4665 Apolog.
750 4616 802 4652 ca
844 4637 856 4649 .
880 4599 929 4649 7.

268 4684 315 4719 ο.
359 4668 524 4732 specie
560 4616 838 4734 praesenti}l
866 4667 938 4718 Dc
972 4667 1203 4719 vocabulo
1231 4684 1337 4734 spe-

1443 3456 1536 3505 cies
1585 3453 1648 3503 cs.
1686 3452 1847 3502 adnot.
1897 3453 1956 3503 ad
1992 3451 2196 3516 Apolog.
2235 3467 2340 3517 cap.
2370 3453 2414 3502 1.
2483 3451 2567 3503 Sic

1441 3519 1512 3570 Aa
1547 3520 1673 3571 Natt.
1723 3521 1761 3580 l,
1798 3518 1859 3570 18
1919 3521 2263 3586 „Respondete
2310 3520 2456 3583 igitur
2505 3519 2568 3571 ad

1441 3588 1659 3650 singulas
1695 3588 1932 3653 species,⁴‘
1979 3588 2026 3640 b.
2053 3602 2096 3636 e.
2134 3603 2322 3649 causas,
2368 3580 2568 3636 ὑποθέ-

1442 3666 1571 3709 σεις.
1626 3656 1694 3705 De
1730 3655 1905 3706 idolol.
1938 3655 2279 3748 cap.15“„l)e
2314 3657 2405 3706 ista
2442 3670 2567 3720 qno·

1441 3738 1555 3841 qud.
1569 3720 2147 3854 ,εζῧῗῐέιῗὲΐοῖιῗῐίῗζξι
2163 3790 2392 3841 refutare.
2429 3792 2568 3840 Amat

1441 3857 1535 3908 boc
1602 3859 1747 3907 verbo
1816 3858 1883 3907 nti
1936 3856 2282 3909 Tertullianus.
2358 3856 2562 3921 Apolcg.

1442 3940 1548 3989 cap.
1571 3923 1634 3974 15
1667 3927 1994 3990 „repercussis
2028 3933 2139 3975 ante
2175 3932 2332 3974 tamen
2370 3925 2565 3988 opinio-

1439 3993 1583 4042 nibus
1618 3992 1811 4042 falsis.“
1898 3992 2019 4042 ibid.
2055 4006 2162 4056 cap.
2194 3990 2256 4042 16
2301 4005 2399 4052 „ne
2448 3991 2565 4055 quid

1440 4060 1653 4109 rumoris
1703 4061 2072 4124 inrepercussum
2131 4060 2269 4124 qnasi
2321 4059 2383 4109 de
2444 4074 2564 4109 con-

1438 4127 1640 4177 scientia
1685 4126 2117 4191 praeteriremus.“
2200 4125 2322 4178 ibid.
2370 4141 2474 4201 cap.
2495 4126 2559 4177 41

1439 4194 1597 4257 „lloc,
1635 4194 1850 4260 inquitis,
1900 4195 1949 4244 in
1985 4194 2128 4245 deum
2161 4202 2373 4245 vestrum
2406 4209 2564 4259 reper-

1441 4269 1593 4315 cutere
1629 4270 1721 4323 est,
1756 4264 1797 4312 si
1835 4263 1964 4326 quod
1985 4269 2032 4312 et
2055 4262 2160 4327 ipse
2180 4264 2405 4326 patiatur,
2441 4276 2561 4326 pro·

1438 4338 1550 4393 pter
1584 4332 1818 4394 profanos
1840 4331 1981 4381 etiam
2004 4331 2217 4381 cultores
2235 4344 2353 4379 snos
2380 4327 2562 4379 laedi.“

1440 4396 1509 4446 De
1545 4398 1719 4449 idolol.
1757 4412 1862 4462 cap.
1884 4398 1914 4448 5
1970 4405 2102 4458 „tam
2136 4397 2221 4448 illa
2257 4397 2381 4447 obici
2416 4395 2563 4446 solita

1435 4479 1541 4523 vox,
1578 4465 1683 4514 Non
1722 4465 1876 4515 habeo
1915 4465 2045 4515 aliud
2070 4480 2165 4530 qno
2190 4467 2357 4524 vivam,
2394 4462 2560 4512 distri-

1441 4534 1562 4582 ctius
1598 4535 1826 4596 repercuti
1861 4532 2056 4597 potest“
2093 4539 2202 4583 cett.
2290 4532 2359 4580 De
2394 4529 2560 4580 Pudic-

1441 4599 1593 4663 cap.2
1633 4600 1860 4663 „quantis
1896 4607 1945 4649 et
1981 4614 2070 4650 nos
2093 4607 2139 4650 et
2160 4597 2415 4649 contrariis
2437 4611 2563 4662 pos·

1438 4681 1607 4718 snmus
1640 4666 1971 4733 repercutere“
2006 4674 2116 4718 cett.

2141 4746 2260 4800 51*
