3263 5311
1319 467 1396 510 ns
1443 467 1694 513 cenom.
2559 463 2694 527 443

330 614 488 677 tibus
535 612 705 695 culpa
750 613 876 678 sit?
943 615 1368 681 ‘Credimusne
1406 619 1734 683 humanum
1777 631 2210 685 saci-amentum
2238 624 2436 687 divino
2467 645 2685 708 super-

328 715 503 779 ducib
544 715 765 790 licere,
813 725 873 778 et
914 717 976 779 in
1021 717 1199 780 alium
1242 718 1584 782 'dominum
1627 721 2029 801 respondere·
2072 733 2216 803 post
2245 724 2580 804 Christum,
2626 739 2689 793 et

326 817 561 880 eierare
604 817 627 849 ⁸
635 826 866 898 patrem
924 826 986 880 et
1037 819 1330 881 matrem*
1382 830 1444 883 et
1500 839 1738 884 omnem
1792 823 2161 903 proximum,
2228 825 2416 906 ⁹qnos
2474 837 2536 891 et
2589 830 2685 894 le'x

326 918 614 981 honorari
661 927 723 980 et
773 928 919 1001 post
975 919 1151 983 deum
1209 921 1374 1001 diligi
1430 922 1839 1004 ¹⁰praecepit⁶‚
1909 925 1946 959 ¹¹
1961 943 2114 1006 quos
2179 933 2243 987 et
2294 929 2679 1008 evangelium,

324 1020 514 1083 ²²solo
538 1020 777 1083 Christo
824 1021 1064 1101 ¹³pluris
1110 1041 1233 1084 non
1276 1023 1551 1101 faciens¹,
1596 1026 1740 1087 ¹*sic
1782 1043 2018 1106 quoque
2044 1027 2448 1091 honoravit‘?
2501 1029 2678 1095 Lice-

322 1120 414 1183 bit
456 1122 519 1182 in
561 1121 755 1201 gladio
801 1124 1172 1199 conversari,
1240 1125 1483 1186 domino
1529 1127 2002 1206 ¹⁸pronuntiante
2062 1127 2254 1206 gladio
2309 1130 2681 1211 perimrm'·

274 1273 284 1280 .
326 1223 427 1302 qui
471 1222 660 1302 gladio
706 1223 886 1286 suerit
928 1223 1124 1287 usus?
1190 1224 1319 1287 “Et
1360 1226 1589 1306 proelio
1634 1227 1974 1306 operabitur
2001 1227 2159 1290 iilius
2187 1229 2381 1309 pecie,
2429 1232 2526 1295 cui
2565 1213 2681 1295 nec

322 1323 553 1402 litigare
597 1324 955 1386 conveniet?
1040 1325 1116 1386 Et
1158 1325 1390 1389 vincula
1434 1334 1496 1388 et
1537 1343 1834 1388 carcerem
1891 1336 1950 1389 et
2003 1335 2301 1392 tormenta
2357 1330 2472 1393 ”et
2526 1351 2674 1414 sup·

318 1423 493 1504 plicia
540 1424 1059 1500 ¹⁸administrabit,
1105 1445 1219 1490 nec
1262 1446 1505 1490 suarum
1546 1428 1711 1489 ultor
1750 1427 2144 1492 iniuriarum?
2221 1430 2398 1494 ¹’Iam
2444 1442 2503 1493 et
2549 1435 2694 1497 stu-'

318 1524 546 1586 tionesi
599 1525 757 1589 ”aut
819 1526 950 1588 aliis
1008 1529 1196 1607 magis
1238 1528 1470 1591 ²¹i'aciet
1527 1547 1704 1609 quam
1763 1528 2035 1604 Christo,
2100 1539 2201 1592 aut
2262 1539 2324 1593 et
2376 1533 2675 1598 dominico

317 1626 444 1699 die,
491 1628 727 1707 quando
773 1645 886 1690 nec
914 1627 1204 1692 Christo?
1265 1628 1341 1690 Et
1382 1628 1756 1693 ²²excubabit
1791 1649 1903 1712 pro
1948 1631 2219 1711 templis,
2264 1631 2481 1712 quibus
2510 1634 2669 1699 ”re-

313 1727 656 1791 nuntiavit?
742 1728 816 1790 Et
857 1728 1190 1791 ”coenabit
1231 1729 1380 1805 illic,
1427 1728 1530 1791 ubi
1573 1730 1850 1810 apostolo
1893 1749 2018 1794 non
2060 1731 2342 1812 plaeetk?
2411 1734 2489 1797 Et
2516 1753 2668 1815 quos

313 1828 573 1892 interdiu
617 1829 967 1894 exorcismis
1023 1830 1332 1911 ”fugatim
1389 1829 1668 1898 noctibus
1725 1830 2144 1907 ²⁰defensabit,
2212 1833 2563 1898 incumbens
2609 1847 2671 1902 et

313 1930 695 2010 requiescens
739 1929 981 2011 ”super
1022 1930 1258 2011 pilnm¹,
1305 1949 1422 2011 quo
1457 1933 1814 2012 'perfossum
1841 1931 2050 1996 ²''lutus
2095 1942 2191 1995 est
2219 1934 2491 1999 Clu-isti?
2547 1938 2664 2001 Ve-

312 2082 361 2132 6.
397 2081 653 2134 Credimus
688 2096 779 2133 nec
809 2081 910 2146 Αβ.
1028 2084 1075 2134 7.
1115 2083 1213 2134 ἀιῖο
1249 2084 1548 2150 respondere
1582 2082 1682 2147 Ass.
1798 2084 1846 2136 8.
1881 2093 2068 2150 patrem
2105 2094 2154 2137 et
2185 2087 2312 2138 ABG.
2381 2098 2569 2153 patrem
2606 2105 2665 2142 ac

308 2153 495 2216 reliqui.
598 2150 648 2201 9.
685 2164 809 2214 quos
843 2151 919 2200 lex
953 2153 1005 2201 A.
1116 2153 1194 2202 10.
1230 2153 1478 2216 praecepit
1510 2151 1832 2203 ABCDEFGH.
1912 2154 2148 2217 praecipit
2181 2155 2231 2204 R.
2339 2155 2417 2206 11.
2457 2171 2579 2220 quos
2614 2167 2665 2210 et

304 2218 392 2268 AR.
464 2218 564 2267 Hos
600 2224 647 2267 et
680 2217 854 2268 EFGH.
922 2218 1024 2268 Nos
1061 2227 1110 2269 et
1141 2219 1268 2270 BGD.
1360 2217 1440 2270 12.
1474 2218 1583 2269 solo
1621 2219 1814 2270 Christo
1839 2219 2045 2271 Erotis.
2114 2220 2225 2270 solo
2259 2219 2382 2286 Xp''m
2417 2223 2572 2287 pluris
2606 2227 2659 2275 A.

309 2284 492 2336 christo
527 2285 641 2354 solo
668 2284 800 2335 BCD.
907 2284 986 2335 13:
1022 2286 1177 2351 pluris
1214 2301 1312 2337 nou
1348 2287 1531 2337 taciens
1565 2285 2006 2346 Alcumenam.
2075 2286 2218 2350 plure
2252 2302 2350 2338 non
2385 2290 2569 2341 faciens
2603 2293 2659 2344 Ε.

307 2349 382 2412 (in
414 2367 557 2415 moro.
591 2354 799 2403 emendat
832 2354 1074 2404 alumnus
1108 2352 1301 2417 pluris).
1371 2354 1541 2419 pluere
1576 2352 1708 2417 (pli‘i'e
1743 2353 1850 2413 BC.)
1886 2368 1983 2404 non
2019 2353 2204 2406 taciens
2235 2356 2361 2405 BGD.
2469 2358 2550 2408 14.
2586 2360 2660 2411 sic

307 2432 518 2483 quorum
554 2418 801 2469 honoravit
834 2420 921 2470 BC.
992 2422 1065 2471 sic
1098 2436 1292 2486 qnoque
1327 2421 1638 2474 inhonorabit
1675 2422 1884 2471 Ursinus.
1973 2421 2053 2472 15.
2089 2424 2398 2474 .n..unciante
2434 2426 2516 2488 qui
2552 2426 2656 2488 gla-

306 2486 388 2537 dio
424 2487 475 2535 A.
564 2485 640 2536 16.
677 2495 722 2535 et
757 2487 943 2551 praelio
980 2489 1199 2552 operuhit
1232 2489 1359 2538 BCD.
1455 2488 1536 2539 17.
1572 2496 1621 2539 et
1656 2488 1894 2553 supplicia
1926 2489 2013 2539 AR.
2085 2504 2141 2539 ac
2172 2490 2412 2555 supplicia
2451 2493 2661 2545 Ursinus.

298 2553 576 2673 mita.
592 2556 778 2672 ⁷²²²,ss
807 2553 1361 2674 ss312t03⁶ff12¹¹⁵⁵m2¹⁷3
1397 2555 2526 2677 ,⁰13unffi'³¹¹3u5‘21i1²⁸i›¹i:¹}2⁸n“¹⁸3‘'2lssi
2553 2560 2663 2678 ⁶3³8

297 2689 385 2740 21.
420 2691 567 2740 iaciat
600 2690 687 2740 BC.
770 2690 852 2740 22.
892 2691 1135 2741 excusabit
1167 2691 1294 2751 B(m.
1315 2689 1408 2755 pr.)
1425 2691 1549 2743 CDE.
1633 2691 1715 2742 23.
1752 2692 2046 2741 renunciavit
2063 2690 2161 2754 Αβ.
2245 2691 2328 2741 24.
2367 2695 2551 2744 cenavit
2569 2694 2656 2746 CD.

297 2754 385 2807 25.
420 2757 606 2820 fugabit
638 2758 692 2807 B.
776 2756 858 2807 26.
894 2758 1156 2808 defensavit
1191 2758 1245 2809 D.
1329 2758 1411 2808 27.
1448 2773 1598 2824 super
1631 2759 1786 2823 pilum
1822 2774 1918 2823 quo
1954 2760 2041 2809 AR.
2109 2772 2259 2822 super
2294 2759 2487 2810 lumbos
2521 2760 2654 2821 (lim-

296 2824 507 2884 bosB?)
544 2838 638 2888 quo
674 2822 839 2877 BGDE.
907 2839 1057 2890 super
1091 2826 1258 2875 lancea
1296 2822 1390 2889 q'ua
1424 2826 1477 2877 B.
1502 2841 1564 2876 m.
1588 2841 1678 2877 sec.
1716 2829 1764 2874 in
1781 2841 1925 2888 mor-9.
1994 2840 2143 2890 super
2177 2825 2355 2875 luncho
2392 2841 2487 2891 quo
2523 2828 2657 2879 ΓΒΗ.

264 2950 273 2959 .
303 2905 454 2957 super
489 2891 663 2941 lonche
697 2907 789 2957 qua
825 2893 1000 2944 Iunius.
1106 2891 1187 2943 28.
1225 2893 1352 2944 latus
1390 2901 1463 2944 est
1496 2894 1550 2944 Δ.
1620 2900 1696 2942 est
1730 2891 1856 2942 latus
1891 2893 2078 2957 reliqui.
2477 2926 2482 2930 -

370 2993 420 3042 b.
469 2988 751 3059 superduci}
796 2995 844 3043 h.
882 3009 928 3044 e.
962 2995 1302 3060 superinduci,
1338 3009 1426 3046 su·
1524 2995 1683 3045 riores
1717 2993 1939 3053 habebo,
1989 3007 2131 3056 quam
2168 2993 2336 3045 Caium
2373 3002 2421 3045 et
2454 3009 2654 3046 sorores

296 3059 517 3125 perimi,
573 3061 771 3125 insuper
816 3062 944 3112 addi.
1014 3062 1083 3113 Ad
1118 3063 1245 3113 Natt.
1282 3064 1320 3123 1,
1361 3063 1425 3114 11
1527 3061 1686 3112 eius-‘⁸
1724 3062 1796 3112 Cr.
1823 3060 2044 3110 Arrhian.
2074 3060 2111 3121 l,
2143 3060 2208 3111 14
2240 3059 2368 3125 ..τῷ
2398 3047 2513 3127 θεῷ
2539 3056 2654 3112 ἔδει

293 3128 435 3189 „Nec
470 3135 653 3178 tantum
690 3128 736 3178 in
773 3129 869 3181 hoc
902 3130 1097 3180 nomine
1131 3131 1203 3181 rei
1238 3130 1328 3193 (sc.
1347 3129 1425 3180 di-
1524 3124 1618 3178 καὶ
1669 3121 1813 3194 ἡμᾶς
1856 3118 2082 3192 ὀμνύειν
2127 3119 2294 3196 ὅρκον
2330 3112 2450 3177 οἷον
2484 3140 2653 3196 στρα-

297 3194 475 3251 cimur)
542 3195 761 3246 desertae
821 3198 1091 3247 communis
1156 3197 1424 3259 religionis,
1529 3194 1725 3246 τιῶται
1759 3193 1836 3261 τῷ
1858 3189 2134 3261 Καίσαρι·
2173 3186 2280 3242 ἀλλ’
2320 3189 2516 3245 ἐκεῖνοι
2545 3191 2653 3263 μὲν

294 3263 384 3313 sed
441 3264 746 3327 superductae
797 3272 1135 3315 monstruosae
1183 3265 1424 3329 supersti-
1521 3257 1915 3331 μισθοφορίαν
1966 3253 2336 3327 λαμβάνοντες
2382 3254 2652 3329 ὀμνύουσι

293 3331 496 3381 tionis.“
1522 3326 1752 3380 πάντων
1781 3322 2146 3397 προτιμήσεον
2177 3323 2283 3389 τὴν
2315 3328 2416 3379 τοῦ
2439 3327 2651 3380 Καίσα-

363 3414 405 3449 c.
440 3393 769 3464 respondere]
821 3398 867 3448 h.
905 3414 949 3450 e.
995 3401 1310 3465 sponsionem
1345 3401 1422 3449 l'a-
1498 3412 1622 3465 -ρος
1658 3393 2005 3466 σωτηρίαν.“

293 3480 433 3527 cere,
493 3466 761 3530 sponsione
806 3481 862 3516 se
914 3467 1147 3530 obligare.
1218 3466 1421 3532 Apolog.
1591 3459 1926 3531 e.prsecepit]
1955 3464 2216 3527 Exod.XX,
2239 3464 2318 3515 12.
2337 3465 2646 3526 Levitvdli.

292 3548 398 3598 cap.
451 3533 483 3583 9
544 3534 717 3598 „Cum
762 3535 975 3599 propriis
1022 3534 1135 3585 filiis
1181 3534 1420 3585 Saturnus
1589 3534 1623 3584 t'.
1678 3533 1786 3584 solo
1838 3533 2027 3584 Christo
2081 3533 2239 3599 pluris
2291 3546 2390 3584 non
2439 3531 2650 3600 faciens]

290 3616 390 3651 nou
427 3602 661 3665 pepercit,
696 3603 933 3652 extraneis
970 3602 1133 3667 ntique
1170 3616 1269 3652 nou
1300 3616 1418 3667 par·
1521 3601 1686 3652 Bauli.
1722 3602 1777 3662 X,
1816 3600 1895 3651 37.

290 3669 447 3719 eeudo
506 3668 871 3733 perseverabat,
932 3686 1048 3734 quos
1095 3671 1279 3736 quidem
1324 3670 1421 3734 ipsi
1588 3685 1634 3731 g.
1690 3669 1762 3720 sic
1797 3682 1991 3734 quoque
2026 3664 2354 3729 honoravitH
2403 3667 2508 3719 Hoc
2554 3676 2644 3729 est,

284 3742 503 3801 parentes
538 3739 614 3786 sui
648 3739 899 3801 offerebant
934 3744 977 3787 et
1001 3738 1193 3787 libentes
1223 3752 1419 3801 respon-
1520 3735 1818 3799 evangelium
1854 3750 1951 3786 non
1987 3736 2146 3785 minus
2187 3742 2414 3799 parentes
2450 3741 2502 3784 et
2533 3748 2644 3784 om·

289 3801 522 3854 debant.“
572 3804 795 3854 Ambros.
830 3804 890 3854 de
923 3804 1195 3855 Abrahamo
1232 3804 1350 3853 diss.
1382 3801 1417 3853 2
1519 3816 1630 3853 uem
1651 3803 1924 3867 proximum
1945 3802 2171 3852 honorari
2195 3802 2460 3864 praecepit,
2497 3813 2642 3864 quam

289 3869 458 3933 „Boua
494 3885 636 3922 meus
671 3886 795 3935 quae
829 3869 1167 3936 sine'rerponsi
1191 3870 1415 3922 caelestis

289 3940 560 4003 syngrapha
597 3948 839 3989 certamen
862 3938 1119 4003 arripuit.“
1167 3939 1413 4003 Papinian.

284 4005 399 4068 Dig.
432 4006 496 4067 L,
537 4008 594 4067 1,
635 4006 695 4056 17
746 4007 1144 4067 ‚sideham-s,
1194 4007 1275 4070 qui
1310 4005 1415 4055 sal-

288 4087 397 4123 vam
456 4073 805 4138 rempublicam
858 4075 968 4125 lore
1017 4070 1414 4138 responderunt.“

286 4140 360 4191 Cf.
397 4141 560 4193 adnot.
598 4141 659 4192 ud
696 4141 765 4192 De
782 4142 975 4194 Resurr.
996 4140 1166 4192 Carnis
1203 4137 1409 4205 cap.48.

282 4218 335 4260 et
365 4208 436 4259 Ad
473 4210 609 4259 Hert.
648 4225 753 4273 cap.
792 4208 841 4260 3.

350 4277 399 4327 d.
436 4286 483 4329 et
519 4278 706 4328 eierare
739 4285 929 4340 patrem
955 4284 1003 4327 et
1026 4272 1252 4339 matrem]
1289 4274 1411 4325 Cum

274 4358 457 4395 novum
495 4346 817 4395 iuramentum
853 4353 1091 4410 praestus,
1127 4344 1263 4407 prius
1282 4341 1411 4392 obli-

276 4421 428 4463 teras.
465 4413 767 4463 sacramenti
790 4412 1047 4485 principali
1077 4411 1241 4461 domui
1265 4424 1411 4474 prae-

276 4478 439 4530 standi
500 4479 689 4540 insigne
746 4479 1018 4544 exemplum
1078 4477 1228 4527 habes
1281 4476 1411 4541 apud

277 4544 483 4597 Sueten.
533 4546 683 4609 Calig.
731 4562 838 4612 cap.
892 4546 955 4597 14
1004 4545 1109 4608 „De
1156 4544 1413 4596 sororibus

276 4624 448 4665 auctor
489 4614 595 4672 tuit,
632 4620 683 4663 ut
717 4615 943 4665 omnibns
964 4612 1279 4663 sacramentis
1304 4610 1409 4661 adi-

278 4691 505 4734 ceretur:
542 4680 707 4745 Neque
744 4697 822 4734 me
855 4682 1137 4745 liberosque
1169 4692 1304 4729 meos
1325 4692 1408 4730 ca·

1516 3869 1625 3933 lege
1661 3868 1870 3920 llosaica
1905 3868 2258 3934 praescriptum
2292 3867 2465 3917 tuerat.
2525 3866 2644 3916 Ete-

1515 3937 1617 3988 nim
1655 3936 1732 3987 lex
1766 3949 1852 3987 eos
1887 3935 2103 3998 proxime
2138 3940 2254 3997 post
2286 3933 2459 3994 deum,
2496 3948 2642 3983 evan·

1516 4004 1697 4068 gelium
1732 4004 1947 4069 proxime
1982 4007 2097 4120 post
2113 4001 2358 4051 Christum
2392 4000 2640 4052 honorare

1512 4073 1778 4137 praecepit.
1847 4070 1980 4132 (sign
2001 4069 2061 4129 t.)

1582 4140 1630 4189 h.
1669 4138 1829 4202 gladio
1861 4133 2154 4202 periturum]
2190 4135 2359 4187 unuh.
2376 4136 2532 4199 xxvi,
2552 4134 2634 4187 52.

1581 4208 1614 4257 i.
1649 4200 1910 4271 stationes]
1946 4204 2014 4255 De
2049 4205 2337 4255 stationibus
2373 4204 2478 4255 vide
2512 4218 2637 4269 quae

1512 4275 1803 4326 adnotavero
1824 4273 1884 4323 ad
1905 4272 2080 4323 librum
2101 4270 2168 4321 Ee
2183 4271 2412 4323 Oratione
2430 4286 2535 4335 cap.
2552 4271 2633 4321 14.

1498 4344 1501 4347 ’
1578 4343 1626 4392 k.
1666 4342 1745 4393 ubi
1781 4339 2006 4405 apostolo
2041 4353 2138 4390 uon
2174 4334 2399 4404 placeri]
2435 4338 2570 4388 Paul.
2594 4337 2635 4389 1.

1512 4408 1573 4461 ad
1609 4409 1827 4460 Corinth.
1862 4407 1980 4467 vm,
2011 4406 2090 4457 10.

1579 4476 1611 4526 l.
1650 4490 1797 4540 super
1830 4469 2008 4539 pilum]
2042 4472 2336 4524 Vocabulum
2366 4472 2516 4536 pilum
2543 4484 2630 4519 so-

1509 4542 1587 4593 lus
1605 4542 1937 4607 Agebardiuus
1972 4542 2211 4604 integrum
2230 4537 2509 4596 adservavit,
2539 4550 2631 4586 nec

1512 4610 1625 4674 quid
1664 4609 1791 4663 aliud
1830 4623 2056 4673 umquam
2091 4606 2254 4671 posuit
2287 4603 2627 4656 Tertullianus.

1506 4677 1628 4729 Nam
1666 4690 1775 4728 cum
1813 4676 2027 4741 corrupti
2066 4674 2174 4725 libri
2211 4672 2473 4737 praebeant
2507 4672 2628 4722 lum-

2395 4925 2419 4964 ἱ
