3263 5311
709 431 793 494 46
891 434 905 441 “
1216 444 1416 495 ouum
1461 442 1722 487 sermm
1766 442 2093 487 nolumus
2138 444 2523 487 ‘rsa-ruscum

406 597 918 669 Ps.xl.lx,1s.fi1rcm,
964 594 1172 675 inquit,
1216 591 1478 667 videbas,
1522 591 1914 657 concurrebas
1955 613 2092 656 cum
2133 613 2229 659 eo.
2302 594 2532 657 Utinam
2574 610 2650 655 ne
2694 593 2756 654 in
2783 594 3042 656 'saecuto

706 684 944 778 quidem
1007 695 1178 758 simul
1242 714 1376 757 cum
1448 693 1562 755 iuis
1617 713 2024 759 moraremur:
2090 695 2197 757 sed
2252 694 2483 756 tamen¹
2522 694 2583 755 in
2637 695 3040 757 saecularibus

708 799 1128 879 ”separamun
1174 796 1311 876 quia
1355 795 1656 858 saeculum
1696 796 1792 857 dei
1833 803 1948 870 est,
1992 794 2369 859 ”saecularia
2412 804 2608 858 autem
2649 796 2885 859 diaboli.

877 899 1023 960 Cum
1067 916 1206 976 ergo
1250 899 1418 958 furor
1454 896 1828 958 interdicitur
1865 896 2064 970 nobiS,
2111 898 2182 959 ab
2227 898 2244 928 ¹
2260 895 2423 958 omni
2477 897 2810 978 spectaculo
2866 898 3039 958 auffe-

709 1001 924 1072 rimur,
972 999 1147 1060 etiam
1190 1018 1225 1059 a
1268 998 1427 1060 circo
1444 1044 1461 1071 ,
1535 996 1636 1058 ubi
1678 997 1920 1078 proprie
1962 1000 2128 1061 furor
2167 997 2494 1078 praesidet.
2572 998 2783 1078 Aspice
2837 1014 3042 1080 popu-

709 1103 829 1163 lum
871 1099 980 1162 'ad
1024 1100 1421 1180 spectaculum
1463 1098 1612 1161 ‘iam
1667 1118 1801 1161 cum
1839 1100 2066 1169 furore·
2091 1099 2453 1173 venientem,
2507 1098 2654 1160 *iam
2710 1099 3038 1161 tinnultuo-

710 1220 875 1274 sum,
922 1200 1036 1262 iam
1083 1219 1338 1275 caecum,
1382 1200 1501 1265 iam
1541 1199 1650 1261 ‘de
1697 1200 2120 1280 sponsionibus
2175 1199 2582 1262 concitatum&
2670 1201 2899 1273 Tardus
2944 1210 3045 1262 est

707 1300 790 1367 mi
831 1303 1140 1383 praetorb:
1207 1292 1446 1383 semper
1484 1300 1637 1367 oculi
1697 1300 1758 1362 in
1799 1320 1947 1365 urna
2010 1301 2137 1389 eius
2184 1320 2336 1362 cum-
2360 1300 2623 1363 sortibus
2673 1301 3042 1365 volutantur:

709 1403 922 1465 dehinc
963 1402 1069 1467 ‘ad
1138 1402 1374 1481 signum
1444 1401 1599 1464 anxii
1655 1402 1945 1483 pendent:
2016 1402 2193 1463 unius
2238 1401 2564 1463 dementiae
2609 1421 2724 1463 una
2766 1422 2877 1463 vox
2922 1411 3040 1465 est.

706 1505 1049 1583 'Cognosce
1093 1503 1447 1566 dementiam
1489 1503 1563 1565 de
1605 1504 1898 1565 vanitate..
1964 1503 2153 1576 Misit,
2198 1503 2430 1577 dieunt,
2497 1511 2560 1564 et
2577 1504 2873 1566 enuntiant
2938 1504 3036 1565 in-

708 1606 894 1668 vicem
937 1604 1096 1686 quod
1138 1605 1317 1667 simul
1357 1604 1430 1666 ab
1474 1604 1752 1666 omnibus
1794 1605 1988 1667 visum
2031 1613 2142 1666 est.
2201 1605 2403 1666 Teneo
2451 1604 2849 1666 testimonium
2896 1624 3040 1666 cae-

708 1706 933 1771 citatis:
978 1725 1099 1767 non
1141 1705 1340 1771 vident
1380 1706 1634 1769 missum
1675 1705 1818 1785 quid
1839 1706 1958 1768 sit.
2027 1704 2317 1786 mappam·
2339 1713 2575 1785 putant,
2620 1706 2727 1769 sed
2765 1714 2863 1768 est
2904 1706 3048 1767 dia·

708 1807 832 1870 boli
875 1806 947 1869 ab
990 1808 1108 1869 alto
1142 1790 1530 1888 ‘praecipitati
1571 1804 1847 1885 ’ὕεια-εδ.
1934 1806 2017 1868 Ex
2076 1826 2150 1868 eo
2205 1807 2400 1887 itaque
2454 1806 2575 1869 itur
2625 1805 2688 1871 in
2741 1807 2922 1868 furias
2979 1816 3043 1868 et

468 921 574 974 Cap.
601 917 704 961 xvt.

711 1960 795 2013 28.
830 1976 1141 2025 saeparamur
1173 1956 1269 2024 Ap.
1380 1958 1460 2010 29.
1496 1960 1735 2040 secularia
1768 1958 1866 2024 Αβ.
2891 1991 2902 2005 .

846 2030 965 2094 Cap.
1001 2030 1112 2079 xvl.
1186 2029 1230 2079 1.
1265 2029 1423 2079 omnis
1455 2029 1508 2079 Δ.
1622 2026 1673 2078 2.
1709 2029 1769 2078 ad
1804 2030 1853 2079 id
1886 2027 2214 2093 spectaculum
2246 2028 2374 2079 1301).
2493 2026 2540 2078 3.
2579 2027 2672 2077 iam
2709 2043 2798 2077 om.
2831 2028 2884 2077 A.
2983 2027 3037 2078 4.

711 2097 807 2148 iam
841 2105 954 2147 tunc
989 2096 1334 2149 tumultuosum
1368 2098 1419 2146 A.
1541 2096 1589 2149 5.
1624 2095 2028 2160 desponsionibus
2061 2098 2111 2147 A.
2236 2096 2284 2146 6.
2320 2097 2379 2146 ad
2414 2111 2504 2146 om.
2536 2098 2589 2145 A.
2705 2094 2753 2144 ’1.
2791 2095 3040 2158 Cognosce

709 2163 845 2232 (Αφ)
880 2166 1007 2216 BGD.
1079 2166 1327 2227 Cognosco
1362 2161 1537 2226 (Am-5.
1637 2163 1687 2214 8.
1725 2165 1874 2227 figura
1909 2164 2035 2215 BCD.
2103 2163 2214 2227 gula
2246 2164 2336 2215 AB.

776 2280 812 2333 f.
862 2282 948 2332 sed
996 2276 1177 2347 tamen]
1232 2282 1328 2332 Sed
1373 2290 1562 2343 tamen,
1620 2297 1728 2333 cum
1775 2282 1823 2332 id

690 2352 817 2401 fleri
849 2359 1081 2415 nequeat,
1134 2351 1180 2399 in
1216 2350 1361 2400 rebus
1395 2350 1726 2403 saecularibus
1762 2350 1822 2399 ab

707 2418 806 2469 iuis
842 2432 932 2469 nos
966 2432 1192 2482 separare
1225 2417 1472 2469 debemus.

1925 2282 2135 2333 Sortium
2193 2282 2410 2332 meminit
2463 2281 2629 2330 Sidou.
2676 2276 2834 2345 Apoii.
2878 2281 3039 2331 Carm.

1923 2351 2086 2411 ΧΧΙΙΙ,
2126 2350 2204 2402 16.
2240 2350 2297 2399 ad
2335 2349 2670 2399 Consentium.
2724 2350 2818 2408 „Et
2850 2350 2942 2399 iam
2978 2349 3041 2399 ds

1925 2430 2044 2467 urna
2077 2419 2197 2481 petit
2229 2417 2414 2485 cietque
2449 2430 2620 2466 raucae
2637 2418 2922 2468 Acclamatio
2946 2432 3041 2481 po-

1923 2485 2078 2550 puii.“
2127 2487 2198 2536 cf.
2233 2486 2518 2549 interpretes
2553 2484 2611 2533 ad
2631 2485 2826 2534 Sueton.
2861 2485 3040 2535 Neron.

1925 2567 2028 2617 cap.
2067 2551 2148 2603 21.
2195 2561 2244 2603 et
2290 2553 2430 2601 iuret.
2482 2553 2554 2605 ad.
2587 2552 2854 2614 Symmachi
2888 2552 3043 2616 Epist.

1921 2622 1981 2682 -Χ,
2018 2619 2100 2671 22.
2135 2635 2183 2686 p.
2228 2619 2323 2671 178
2357 2635 2433 2685 sq.

1995 2722 2036 2756 c.
2084 2699 2326 2770 Mappam]
2379 2705 2577 2755 Martini.
2614 2705 2774 2770 Epigr.
2807 2705 2910 2762 ΧΙΙ,
2955 2704 3042 2758 29.

1926 2772 2198 2835 „Cretatam
2255 2782 2452 2837 praetor
2506 2774 2647 2823 vetiet
2698 2787 2803 2822 cum
2853 2772 3044 2822 mittere

1926 2855 2166 2907 mappam,
2200 2842 2411 2905 praetori
2446 2854 2667 2905 mappam
2699 2839 2898 2903 surripit
2917 2840 3041 2889 Her-

1927 2912 2208 2971 mogenes“
2263 2910 2334 2958 Cf.
2373 2909 2439 2958 id.
2477 2908 2576 2961 ΧΠ.
2613 2908 2692 2958 2³¹.
2745 2908 3042 2970 iuz·enai.xi,

1930 2979 2041 3028 191.
2094 2979 2294 3028 Sueton.
2328 2977 2453 3026 Nero
2488 2985 2594 3040 cap.
2630 2975 2708 3025 22.
2783 2974 2867 3025 Dio
2903 2976 3042 3026 Cass·

1925 3047 2042 3106 ux,
2077 3046 2125 3095 7.

1925 3114 2035 3164 nebi
2068 3113 2259 3163 Advers.
2284 3112 2441 3173 ΧΥΙΙΙ,
2476 3110 2557 3161 3-1.
2594 3120 2642 3160 et
2675 3111 2891 3174 inprimis
2926 3123 3043 3160 eru-

1925 3180 2148 3231 ditissimi
2173 3180 2395 3230 Saimasii
2415 3179 2789 3230 observationem
2809 3179 2858 3227 iu
2885 3178 3042 3229 Solio.

1923 3263 1972 3313 p.
2009 3247 2125 3298 647.

1993 3332 2037 3381 d.
2087 3330 2263 3381 diaboli
2310 3332 2370 3382 ab
2404 3331 2501 3381 aito
2535 3331 2831 3396 praecipitati
2865 3325 3041 3397 figura]

1923 3399 2261 3464 Expressimns
2297 3399 2474 3449 codicis
2501 3399 2808 3449 vetustissimi
2830 3398 3042 3461 scriptu·

1925 3480 2056 3517 ram:
2094 3467 2308 3526 „diaboii
2342 3467 2400 3516 ab
2436 3467 2534 3516 aito
2557 3466 2852 3530 praecipitati
2877 3466 3041 3530 putast‘

780 2519 895 2582 Cap.
932 2519 1042 2569 xvl.
1110 2534 1154 2568 a.
1191 2519 1252 2568 de
1285 2519 1627 2584 sponsionibus
1664 2520 1824 2569 conci·

670 2588 677 2593 '
711 2581 884 2653 tatum]
934 2587 1042 2636 Adr-
1090 2588 1351 2637 Turnebus'
1384 2588 1629 2637 Adversnr.
1666 2586 1826 2648 xvm,

711 2654 791 2706 33.
829 2654 955 2705 bunc
989 2652 1267 2705 Tertulliani
1304 2655 1460 2705 iocum
1500 2657 1627 2706 citat.
1666 2657 1826 2719 Spon-

708 2725 871 2842 {2²33
891 2722 1829 2841 12.:¹'5.‚“:}.‘:.2‘.¹33:.“fstsfflsi’zrz’nxss

710 2861 988 2923 agitatorem
1026 2859 1159 2908 ilium
1195 2861 1418 2909 victorem
1447 2860 1645 2924 pignore
1674 2859 1825 2923 depo·

707 2929 804 2978 sito
841 2929 944 2977 t'ore
979 2926 1175 2986 diceret,
1210 2926 1333 2976 atius
1369 2929 1471 2977 eins
1502 2928 1825 2978 adversarium

708 2997 1033 3046 contenderet.
1105 2995 1175 3045 Cf.
1230 2994 1359 3045 ldem
1396 2994 1584 3046 Advers.
1622 2996 1741 3055 vnn,
1778 2991 1825 3044 4.

709 3063 910 3113 Salmas.
946 3062 1017 3112 hd
1064 3064 1257 3128 Scriptt.
1309 3065 1427 3114 Hist.
1462 3066 1578 3127 Aug.
1625 3079 1674 3128 p.
1711 3064 1827 3114 5¹7.

707 3132 865 3192 (Ado.)
902 3131 1080 3180 Harum
1109 3131 1424 3194 sponsionum
1454 3133 1667 3181 meminit
1694 3131 1839 3180 ovid..

706 3200 758 3248 Α.
796 3200 847 3248 Α.
887 3199 923 3257 Ι,
965 3197 1074 3246 168.
1134 3223 1233 3256 „-
1270 3200 1510 3261 tangitque
1556 3212 1700 3247 manu
1733 3212 1826 3262 po·-

706 3267 891 3330 scitque
948 3263 1161 3312 iibeiium
1211 3263 1268 3311 Et
1312 3269 1498 3328 quaerit
1543 3265 1700 3328 posito
1748 3265 1823 3328 pi—

648 3355 657 3364 ·
706 3347 873 3394 gnore,
917 3331 1070 3384 vincat
1104 3330 1260 3378 uter.“
1329 3333 1445 3380 item
1482 3330 1690 3381 luvenai.
1726 3332 1823 3382 Sat.

707 3399 785 3460 ΧΙ,
822 3398 936 3447 201.
973 3422 1075 3456 ,,-
1092 3404 1311 3459 spectent
1338 3398 1546 3460 iuvenes,
1582 3413 1704 3464 quos
1725 3399 1825 3449 cia-

707 3481 816 3516 mor
849 3472 898 3514 et
931 3465 1080 3514 audax
1116 3466 1342 3528 sponsio,
1390 3481 1515 3531 quos
1548 3467 1703 3517 cuitae
1739 3467 1826 3516 de-

2196 3035 2471 3096 Cassiodor.
2507 3043 2727 3102 vanui,
2764 3043 2844 3092 51.
2913 3043 3043 3093 Tur·
3111 3071 3124 3083 ·

707 3541 784 3584 eet
845 3533 1086 3582 assedisse
1140 3533 1369 3597 pueliae“
1433 3549 1540 3599 sqq.
1626 3534 1827 3584 Martini.

705 3600 870 3665 Epigr.
908 3601 967 3659 11,
1006 3601 1049 3649 1.
1120 3601 1251 3660 „Sed
1297 3616 1403 3651 cum
1449 3603 1649 3665 sponsio
1685 3604 1825 3653 iabu-

707 3668 879 3733 laeque
915 3668 1072 3719 iassae
1105 3668 1174 3717 De
1208 3667 1393 3734 Scorpo
1431 3670 1607 3720 suerint
1641 3670 1714 3720 vei
1742 3672 1825 3721 lu·-

708 3735 906 3787 citato.“
962 3727 1163 3800 Retron.
1205 3751 1308 3801 cap.
1346 3737 1426 3789 70.
1495 3738 1703 3802 „Coepit
1734 3740 1824 3789 do-

708 3806 890 3856 minum
942 3818 1085 3862 suum
1130 3805 1391 3874 sponsione
1438 3821 1725 3870 provocare,
1773 3807 1825 3857 Si

707 3873 935 3938 prasinus
990 3873 1219 3937 proximis
1283 3872 1576 3925 circensibus
1622 3875 1824 3940 primam

707 3939 941 4006 palmam,
978 3940 1229 4000 (tuleritw‘
1313 3942 1453 3992 Plura
1502 3943 1830 4007 suppeditabit

707 4008 890 4127 ,gr-goi]
930 4008 989 4124 εξ
1046 4009 1259 4073 Onupbr.
1306 4009 1499 4061 Fanviu.
1554 4011 1624 4061 De
1680 4010 1828 4061 Ludis

752 4091 837 4126 irc.
896 4112 910 4135 ,
983 4115 994 4127 .

776 4144 825 4193 b.
875 4143 1059 4194 Tardus
1106 4150 1179 4195 est
1215 4143 1283 4194 iiii
1318 4141 1537 4209 praetor]
1584 4144 1823 4195 Praetoris

708 4211 883 4280 duplex
919 4225 1091 4261 munus
1126 4221 1227 4262 erat
1263 4213 1308 4262 in
1347 4214 1490 4269 circo,
1532 4221 1689 4262 sortes
1724 4215 1824 4275 agi-

708 4287 810 4338 tare
844 4286 893 4334 et
928 4294 1147 4345 mappam
1175 4280 1376 4329 mittere.
1411 4280 1670 4330 Sortitione
1700 4281 1825 4330 euim

710 4347 1049 4408 definiebatur,
1097 4347 1290 4411 quinam
1336 4347 1393 4397 ad
1430 4361 1621 4397 cursum
1661 4349 1825 4412 prodi-

709 4415 803 4468 turi
836 4423 1015 4475 esseut,
1058 4421 1105 4463 et
1138 4430 1255 4464 urna
1290 4415 1500 4479 praetori
1537 4415 1595 4464 ad
1631 4430 1821 4465 manum

709 4490 828 4543 erat,
866 4483 990 4532 unde
1024 4490 1153 4531 sorte
1192 4482 1511 4531 educebantur
1543 4483 1821 4545 agitatorum

709 4552 919 4601 nomina.
988 4549 1024 4598 A
1060 4550 1309 4598 sortitione
1345 4550 1599 4614 prodibant
1634 4551 1679 4599 in
1717 4565 1821 4601 car-

711 4633 846 4669 ceres
880 4616 1052 4681 quibus
1087 4630 1196 4667 sors
1230 4617 1489 4679 obtigerat,
1541 4618 1600 4667 ad
1636 4618 1820 4680 signum

708 4675 953 4749 praetori!
981 4700 1069 4752 per
1102 4697 1325 4752 mappam
1346 4686 1504 4738 datum
1529 4681 1822 4751 procursuri.

1924 3536 2071 3585 Antea
2107 3534 2373 3597 legebatur:
2422 3533 2633 3596 „diaboti
2668 3535 2728 3584 ab
2763 3534 2858 3583 aito
2894 3547 3043 3598 prae-

1926 3602 2103 3667 cipitati
2136 3601 2337 3667 figura?
2369 3603 2587 3652 acumine
2621 3602 2811 3651 obtuso.
2863 3601 3045 3651 Atiudit

1925 3670 2052 3721 enim
2086 3671 2146 3720 ad
2182 3686 2254 3730 ea,
2289 3685 2410 3734 quae
2444 3670 2594 3720 sacris
2628 3669 2813 3734 paginis
2839 3669 3045 3719 tradun-

1924 3747 2001 3788 tur
2038 3739 2098 3788 de
2122 3738 2313 3798 Satana,
2349 3752 2490 3802 quem
2526 3737 2586 3788 de
2621 3739 2754 3787 caelo
2790 3737 2909 3787 deus
2944 3737 3050 3808 egit

1899 3805 1974 3868 'in
2010 3813 2183 3857 tartara
2218 3804 2542 3870 praecipitem.
2612 3806 2776 3869 Itaque
2814 3818 3041 3868 mappam

1925 3874 2058 3938 iilam
2093 3873 2381 3936 Septimius,
2428 3886 2569 3937 quam
2616 3879 2808 3937 praetor
2841 3885 2932 3935 pro
2967 3873 3041 3922 si·

1921 3955 2018 4006 gno
2054 3943 2241 3991 mittere
2275 3940 2479 4001 soieb‘at,
2513 3953 2735 4003 mappam
2751 3952 2861 3989 esse
2882 3949 3040 4003 negat.

1923 4010 1999 4059 Ait
2032 4023 2142 4059 vero
2177 4010 2332 4072 ipsum
2369 4022 2478 4058 esse
2512 4007 2770 4068 diabolum,
2806 4006 2889 4071 qui
2910 4015 3042 4059 totus

1925 4077 2053 4139 guia,
2088 4084 2215 4126 totus
2250 4090 2438 4140 gurges,
2490 4083 2618 4126 totus
2649 4089 2824 4139 vorago
2860 4090 3039 4140 expau-

1927 4144 2069 4205 ditur,
2104 4153 2152 4194 et
2184 4145 2295 4194 furit
2330 4146 2508 4194 effusus
2543 4151 2641 4194 toto
2682 4142 2811 4193 circo
2848 4152 2897 4194 et
2929 4158 3039 4194 sae·

1924 4213 1985 4262 rit
2018 4213 2302 4262 immaniter.
2336 4211 2540 4275 (Rigalt.)
2575 4210 2778 4262 Restitui
2803 4212 3038 4275 vulgatam

1923 4281 2207 4344 scripturam
2269 4280 2418 4330 mutto
2471 4281 2723 4343 aptiorem.
2793 4281 3038 4344 Scriptura

1922 4347 2206 4410 Agobardini
2243 4347 2350 4400 iibri
2386 4356 2490 4398 orta
2525 4356 2676 4399 estex
2701 4363 2866 4397 errore
2891 4345 3040 4395 tibra-

1920 4415 2008 4476 rii,
2055 4416 2138 4481 ¹qui
2181 4415 2334 4465 oculis
2387 4416 2718 4466 aberrantibus
2752 4415 2811 4464 ad
2846 4412 3038 4463 tiuaiem

1922 4483 2154 4548 syllabam
2191 4484 2520 4547 praecedentis
2560 4481 3038 4545 vocabuli-praecipi-

1922 4553 2007 4600 tati
2042 4566 2147 4601 cum
2183 4551 2310 4600 vocis
2344 4553 2491 4614 fiyuro
2525 4550 2752 4615 syllabam
2786 4550 2819 4609 fi
2841 4547 3037 4596 omisis-

1920 4626 2011 4677 set,
2063 4620 2153 4667 ium
2190 4618 2342 4682 qulam
2375 4617 2714 4669 restituendum
2751 4627 2859 4664 esse
2889 4622 3036 4678 puta-

1920 4685 1999 4736 vit.
2069 4686 2294 4737 Ceterum
2345 4686 2559 4749 „diaboli
2595 4682 2816 4747 ¹gnimn“
2885 4681 3038 4734 haue-
