3263 5311
376 1298 480 1357 cap.
516 1301 642 1348 xxn.

675 420 793 481 104
1180 431 1378 481 Qum‘ri
1424 428 1684 473 sermm
1727 429 2054 472 nont-:nus
2098 429 2485 472 ‘remensum

669 584 813 646 nibil
859 581 1040 644 esse?
1089 580 1233 643 Nam
1277 582 1327 643 si
1371 580 1686 654 “insanisb,
1731 581 1846 642 iam
1891 598 2027 642 esse
2069 580 2405 653 confirmas,
2464 591 2524 641 et
2578 579 2693 641 erit
2731 578 2984 641 ¹⁰idolo-

669 684 870 745 latriae
910 682 1206 763 professio
1252 681 1479 743 timoris
1526 682 1642 743 tui:
1699 690 1917 761 quanto
1960 682 2165 761 magiS‚
2223 700 2357 743 cum
2397 700 2506 761 per
2546 681 2744 761 ipsum
2785 700 2983 743 rema-

674 785 991 858 maledieiS,
1038 784 1247 845 eodem
1294 783 1499 845 ¹¹Iovis
1544 783 1868 844 honorem⁶
1910 783 2073 858 saeiS,
2119 801 2236 862 quo
2283 790 2341 844 et
2382 782 2499 857 ille,
2567 783 2665 863 qui
2720 790 2781 843 te
2835 801 2984 863 pro-

674 884 944 947 vocavit?
1026 884 1240 946 Fidelis
1295 892 1489 945 autem
1543 884 1603 944 in
1649 883 1981 945 eiusmodi¹¹
2032 883 2224 945 ridere
2281 884 2474 957 debet,
2529 902 2652 945 non
2705 883 2987 956 insanire,

672 986 872 1061 immo,
919 986 1237 1047 secundum
1281 993 1676 1065 praeceptum,
1733 1005 1808 1046 ne
1851 1004 1958 1065 per
2000 986 2173 1046 deum
2218 985 2453 1066 quidem
2498 985 2987 1059 ¹²remaledicere,

673 1088 779 1149 sed
820 1088 991 1167 plane
1033 1087 1381 1148 benedicere
1432 1106 1541 1166 per
1603 1087 1797 1159 deum,
1872 1094 1938 1147 ut
2006 1095 2066 1147 et
2133 1086 2291 1147 idola
2356 1087 2626 1148 destruas
2692 1092 2752 1147 et
2814 1070 2990 1148 deun}

672 1189 975 1269 praedices
1021 1197 1079 1249 et
1121 1187 1439 1268 adimpleas
1485 1187 1870 1268 disciplinam.
2375 1241 2384 1250 .
2463 1200 2474 1213 ’

842 1290 1042 1368 Aeque
1111 1289 1374 1350 benedici
1420 1290 1555 1369 ¹per
1626 1290 1771 1350 deos
1844 1287 2146 1348 nationum
2189 1288 2457 1349 'Christo
2533 1287 2794 1349 initiatus
2866 1305 2992 1348 non

672 1390 1005 1462 sustinebit,
1033 1388 1138 1451 ³ut
1166 1408 1287 1450 non
1334 1408 1569 1470 semper
1607 1389 1840 1451 reiciat‘¹
1871 1389 2227 1450 immundam
2260 1389 2745 1461 benedictionem,
2776 1396 2836 1449 et
2863 1407 2994 1449 eam

584 1516 590 1521 ·
675 1491 786 1552 sibi
841 1491 899 1552 in
958 1491 1132 1552 deum
1185 1498 1532 1552 convertens
1587 1490 1883 1550 emundet.
1967 1490 2239 1552 Benedici
2302 1509 2410 1570 per
2464 1491 2610 1551 deos
2663 1489 2991 1561 nationum,

377 2818 483 2875 cap.
497 2818 645 2865 mn.

672 1592 935 1654 maledici
980 1599 1073 1653 est
1112 1611 1221 1671 per
1263 1592 1458 1652 deum.
1545 1591 1644 1651 ⁴Si
1687 1591 1905 1652 dedero
1952 1591 2380 1672 eleemosynam
2421 1592 2510 1652 ve'l
2555 1590 2767 1671 aliquid
2809 1609 2991 1670 prae-

672 1694 877 1754 stitero
921 1691 1204 1765 beneficii,
1253 1700 1310 1754 et
1352 1692 1448 1752 ille
1491 1693 1630 1753 mibi
1678 1693 1823 1753 deos
1869 1711 2013 1753 suos
2057 1693 2147 1754 vel
2190 1693 2452 1754 coloniae
2507 1692 2775 1772 gentumb
2804 1692 2992 1771 ‘pro-

654 1793 849 1874 pitios
910 1793 1283 1873 imprecetur,
1348 1793 1462 1854 iam
1529 1793 1745 1854 oblatio
1804 1812 1934 1854 mea
1995 1792 2085 1854 vel
2141 1794 2403 1873 operatio
2461 1793 2755 1855 idolorum
2799 1793 2996 1854 bonor

674 1895 815 1968 erit,
860 1913 968 1974 per
1013 1913 1159 1974 quae
1200 1894 1625 1956 benedictionis
1681 1895 1924 1974 gratiam
1965 1894 2362 1974 “compensah
2450 1895 2568 1956 Cur
2621 1903 2814 1957 autem
2868 1913 2997 1955 non

673 1996 819 2057 sciat
859 2015 953 2056 me
999 1995 1089 2056 dei
1135 2015 1307 2057 eausa
1353 1997 1584 2070 secisse,
1629 2005 1696 2058 ut
1738 2004 1797 2057 et
1839 1997 1985 2056 deus
2026 1996 2228 2075 potius
2272 1995 2628 2075 glorificetur
2659 2004 2718 2056 et
2747 1995 2994 2055 daemo-

668 2097 765 2158 nia
809 2115 930 2158 non
971 2098 1370 2159 ‘'honorentur
1410 2098 1471 2158 in
1516 2117 1587 2159 eo
1634 2097 1793 2178 quod
1836 2106 2079 2178 propter
2125 2098 2299 2158 deum
2340 2096 2530 2158 ‘reem
2597 2096 2660 2158 Si
2706 2095 2854 2158 deus
2898 2095 2994 2156 vi-

670 2198 787 2271 det,
836 2198 1148 2278 quoniam⁰
1188 2208 1433 2279 propter
1478 2200 1674 2278 ipsum
1717 2200 1846 2272 feci,
1904 2198 2123 2278 pariter
2162 2199 2338 2271 videt,
2396 2198 2705 2277 quoniam⁶
2748 2206 3003 2278 propter

671 2298 867 2379 ipsum
911 2299 1123 2360 fecisse
1166 2318 1260 2361 me
1301 2300 1464 2361 nolui
1509 2300 1843 2374 ostendere,
1900 2308 1958 2360 et
2000 2306 2379 2380 praeceptum
2403 2284 2551 2359 'eius
2605 2299 3004 2378 idolothytum

673 2401 1106 2481 quodammodo
1152 2401 1280 2461 feci.
1367 2401 1532 2463 Multi
1576 2401 1794 2474 dicunt,
1841 2402 2025 2462 Nemo
2073 2420 2140 2461 se
2185 2400 2358 2461 dehet
2399 2400 2806 2479 promulgare3
2847 2408 3001 2479 puto

671 2510 865 2563 autem
911 2521 1020 2563 nee
1062 2521 1295 2581 negare.
1383 2503 1565 2580 Negat
1628 2502 1784 2564 enim
1838 2502 2186 2581 quicumque
2230 2501 2560 2562 dissimulat
2601 2501 2663 2562 in
2707 2519 3000 2580 quacum-

672 2623 785 2683 que
829 2622 1025 2665 eausa-
1044 2622 1151 2684 pro
1199 2603 1431 2665 ethnico
1475 2602 1740 2678 habituS,
1798 2611 1856 2664 et
1900 2603 2097 2683 utique
2141 2602 2335 2664 omnis
2381 2603 2612 2682 negatio
2665 2602 3006 2665 idololatria

671 2715 782 2780 est,
830 2706 981 2766 sicut
1025 2706 1216 2765 omnis
1262 2685 1585 2765 idololatria
1629 2705 1882 2784 negatio,
1931 2706 2053 2765 sive
2096 2704 2156 2765 in
2200 2704 2367 2765 factis
2414 2705 2536 2766 sive
2576 2705 2637 2766 in
2679 2704 2897 2765 verbiS.

850 2807 965 2868 Sed
1010 2815 1103 2867 est
1146 2807 1427 2885 quaedam
1471 2806 1761 2868 eiusmodi
1807 2805 2033 2885 species
2078 2805 2139 2865 in
2183 2805 2334 2866 facto
2401 2814 2462 2866 et
2513 2805 2604 2865 ¹in
2653 2804 2835 2866 verbo
2899 2803 3004 2865 bis

672 2916 837 2969 acuta
881 2916 939 2968 et
981 2907 1192 2968 infesta
1234 2908 1577 2989 'utrimque,
1623 2908 1759 2969 licet
1802 2907 1906 2967 tibi
1949 2906 2296 2980 blandiatur,
2344 2907 2511 2987 quasi
2539 2914 2702 2968 vacet
2730 2905 2792 2966 in
2820 2914 3002 2966 utro-

675 3028 808 3089 que,
855 3009 993 3070 dum
1037 3010 1250 3070 factum
1296 3028 1417 3074 non
1459 3009 1705 3085 videtur,
1754 3009 1886 3090 quia
1930 3008 2148 3070 dictum
2192 3026 2314 3069 non
2358 3016 2609 3069 tenetur.
2682 3006 3008 3070 Pecuniam

2143 3262 2222 3311 12.
2258 3263 2598 3312 remaledicere
2637 3263 2743 3313 Cab.
2812 3269 2859 3311 et
2891 3192 3009 3312 ulid-.-

675 3197 722 3246 9.
763 3196 959 3245 insanus
995 3196 1043 3244 B.
1184 3196 1260 3244 10.
1300 3195 1597 3244 idololatriae
1630 3195 1748 3244 BCa.
1830 3193 2101 3244 idololatria
2136 3196 2180 3254 b,
2220 3195 2295 3244 Fr.
2331 3195 2507 3256 Iunius,
2543 3196 2768 3245 Latinius.

676 3263 798 3312 lovis
834 3264 946 3311 Rea.
1019 3262 1113 3310 lovi
1150 3264 1193 3321 b,
1232 3262 1359 3311 Futv.
1400 3263 1620 3323 Ursinus,
1660 3264 1748 3312 10³.
1785 3263 2004 3326 Scaliyer.

677 3331 886 3379 ledicere
920 3329 970 3377 B.

814 3397 927 3458 Cap.
964 3394 1101 3443 xxti.
1176 3394 1217 3442 1.
1255 3409 1343 3456 per
1378 3410 1463 3444 om.
1501 3396 1553 3446 B.
1690 3394 1737 3445 2.
1776 3396 1965 3446 Cbristo
2004 3397 2210 3447 initiatus
2250 3396 2356 3447 Cab.
2428 3394 2672 3446 Christum
2707 3395 3007 3447 Sationistus

678 3465 730 3513 B.
852 3462 899 3510 3.
937 3470 987 3510 nt
1023 3476 1117 3510 non
1153 3476 1345 3525 semper
1380 3463 1464 3512 BC.
1501 3464 1575 3513 Fr.
1611 3464 1784 3513 Iunius.
1857 3473 1907 3512 ut
1942 3480 2133 3528 semper
2168 3467 2241 3514 ab.
2378 3459 2440 3513 4:
2463 3464 2514 3512 Si
2551 3464 2666 3513 Bca.
2748 3465 2799 3513 Si
2837 3463 2913 3513 eui
2953 3467 3004 3525 b,

678 3532 808 3581 Fulv.
847 3529 1051 3578 Ursinus.
1191 3529 1236 3577 5.
1276 3530 1518 3592 propicius
1553 3531 1605 3579 B.
1744 3530 1789 3580 6.
1828 3540 2107 3594 compensat
2143 3535 2186 3592 b,
2225 3532 2355 3580 Fulv.
2394 3531 2599 3580 Ursinus.
2685 3541 3010 3594 compensant

678 3599 794 3648 soa.
914 3597 958 3645 7.
1001 3598 1293 3646 honorantur
1327 3598 1377 3646 B.
1494 3597 1539 3648 8.
1579 3595 1712 3647 ieci?
1780 3599 1830 3649 Si
1867 3599 1985 3649 deus
2022 3615 2118 3663 29⁰·
2189 3595 2325 3648 reci?
2378 3600 2474 3649 Sed
2510 3600 2628 3650 deus
2664 3602 2707 3662 ὁ,
2744 3599 2873 3650 Fulv.
2913 3600 3009 3649 Ur-

679 3669 830 3716 sinus.
901 3666 1072 3714 l'ecisse
1109 3666 1226 3713 deus
1263 3665 1311 3713 B.
1385 3665 1490 3714 l'eci.
1545 3666 1670 3714 Deus
1710 3667 1784 3715 Ca.

814 3735 927 3798 Cap.
964 3733 1125 3784 xxtn.
1232 3732 1277 3781 1.
1314 3735 1360 3780 in
1397 3733 1552 3782 verbis
1587 3741 1723 3783 acuta
1757 3734 1833 3784 Fr.
1868 3734 2043 3783 Iunius.
2116 3733 2163 3784 in
2199 3733 2354 3783 verbis
2391 3741 2526 3783 cauta
2563 3735 2666 3784 olii.

680 3818 772 3866 que
808 3802 858 3850 B.

2771 3733 2839 3783 .2.
2877 3734 3008 3784 utri-

746 3920 793 3967 b.
830 3918 946 3966 Nam
982 3918 1022 3967 si
1059 3912 1264 3982 insanis]
1303 3918 1348 3967 h.
1381 3934 1424 3968 e.
1460 3921 1624 3968 insane
1662 3934 1796 3968 com-

681 3986 913 4043 moveris,
962 3993 1011 4034 ut
1060 3987 1205 4049 paulo
1242 3994 1351 4050 post
1402 3989 1593 4044 „ridere
1640 3987 1796 4047 debet,

680 4068 778 4103 non
813 4055 1068 4103 ἱππικὴ-εὐ*
1130 4056 1225 4114 (Fr.
1265 4054 1463 4113 lunius.)

748 4153 789 4187 c.
848 4137 965 4185 lovis
1015 4134 1268 4202 bonorem]
1326 4139 1445 4189 Iovis
1492 4139 1799 4188 scribendum

682 4221 790 4255 esse
839 4219 893 4253 ex
941 4206 1272 4255 vetustioribus
1329 4206 1491 4266 libris,
1542 4222 1636 4255 non
1683 4209 1794 4268 Iovi,

680 4273 885 4338 probant
922 4274 1167 4337 superiora
1227 4288 1351 4337 ..per
1387 4289 1527 4337 quem
1564 4282 1608 4323 te
1646 4273 1798 4323 malus

683 4343 846 4391 honori
874 4342 1117 4402 idolorum,
1141 4343 1187 4391 id
1212 4349 1286 4392 est
1311 4342 1627 4403 idololatriae,
1649 4357 1797 4407 quae-

681 4409 817 4459 rebat
852 4405 1157 4458 'annecteref‘

647 4539 657 4549 ,
750 4493 796 4543 d.
833 4493 881 4541 in
916 4490 1171 4558 eiusmodi]
1215 4493 1287 4543 Cl'.
1325 4494 1452 4556 quod
1488 4492 1703 4542 adnotavi
1739 4493 1798 4544 ad

686 4577 788 4625 cap.
830 4559 909 4612 14.

755 4662 1027 4727 eap.xxn.
1087 4676 1130 4711 a.
1169 4670 1219 4711 ut
1255 4674 1350 4710 non
1386 4673 1577 4723 semper
1610 4655 1798 4727 reiciat]

1884 3918 2181 3967 Christianus
2227 3932 2323 3967 non
2372 3919 2627 3968 sustinebit
2658 3918 2877 3969 benedici
2912 3935 3015 3983 per

1882 3985 2000 4035 deos
2048 3988 2318 4044 nationum,
2375 4001 2470 4036 non
2517 3987 2773 4036 sustinebit
2818 3994 3014 4038 utnon

1881 4069 2076 4117 semper
2109 4054 2273 4103 reiciat
2295 4053 2586 4104 immundam
2618 4055 3014 4106 benedictionem

1882 4122 1927 4170 h.
1965 4137 2006 4169 e.
2044 4122 2209 4171 reiciat
2242 4135 2450 4186 semper.
2488 4122 2571 4182 (La
2608 4121 2797 4182 Corda.)

1950 4222 1993 4271 b.
2046 4221 2262 4271 coloniae
2309 4219 2524 4288 genium]
2587 4222 2638 4271 In
2679 4224 3019 4275 marmoribus

1884 4291 2089 4352 antiquis
2109 4298 2263 4339 extant
2283 4290 2646 4353 inscriptiones:
2683 4290 2866 4340 (zi-:Nlo
2894 4291 3019 4340 CO-

1881 4356 2117 4406 LOMAE.
2203 4358 2386 4408 GENto
2449 4358 2746 4407 uvmtcn‘u.
2815 4359 3028 4410 cento

1882 4424 2039 4474 LOCl.
2080 4423 2261 4476 nemo
2291 4423 2540 4484 Foxrts„
2578 4426 2723 4474 immo
2749 4425 3019 4477 etGENlO

1883 4491 2289 4554 ssonnssonunt„
2324 4493 2461 4542 aliae.
2510 4493 2720 4556 (Rigalt.)

1953 4609 1993 4641 c.
2030 4589 2296 4658 quoniam]
2335 4594 2407 4646 Cl.
2443 4609 2563 4659 quae
2597 4593 2814 4645 adnotavi
2849 4594 2908 4645 ad
2935 4594 3023 4647 Aa

1885 4660 2073 4724 martyr.
2111 4677 2215 4725 cap.
2252 4661 2300 4711 4.
