3263 5311
1040 464 1119 506 sn
1160 463 1399 508 uxonnu
1443 463 1558 506 un.
1589 462 1633 505 1.
2380 447 2500 512 671

329 614 462 678 Non
502 614 744 695 quidem
785 614 1101 680 abrasimus
1164 597 1644 677 conitmetions-
1697 611 1810 676 viri
1867 612 1959 678 ¹ot
2009 612 2264 677 feminae
2314 614 2504 679 bene·-
2543 636 2648 694 cap.
2670 636 2723 683 n.

173 719 377 782 dictam
418 715 489 777 ’a
532 716 648 778 deo
690 726 761 780 ut
800 715 1183 779 seminarium
1224 714 1461 795 generis
1502 713 1774 789 humani,
1821 721 1883 775 et
1907 712 2228 794 ⁸replendo
2274 716 2407 780 orbi
2449 726 2509 780 et

174 816 514 882 instruendo
558 818 799 881 saeculo
840 817 1229 898 excogitatam
1268 823 1449 897 atque
1486 814 1701 879 exinde
1743 814 2137 896 permissam,
2185 834 2367 881 unam
2410 827 2502 881 ta·

175 938 322 984 men.
402 918 1603 992 NametAdamnnusEvaemaritus,
1661 924 1725 979 et
1774 916 1898 979 Era
1949 933 2069 980 una
2119 935 2274 981 usar
2325 919 2503 996 illius,

175 1041 285 1084 una
332 1019 577 1095 mulier,
640 1038 759 1083 una
813 1029 1000 1084 costa.
1096 1020 1255 1084 Sane
1293 1017 1451 1101 apud
1492 1025 1728 1080 veteres
1769 1026 2020 1081 nostros
2062 1018 2352 1100 ipsosque
2393 1038 2505 1101 pa·

176 1122 468 1187 triarchas
492 1140 615 1184 non
654 1122 837 1185 modo
876 1121 1137 1194 nubere,
1197 1120 1305 1184 sed
1348 1120 1527 1183 etiam
1565 1118 1934 1202 plurifariam
1975 1120 2372 1184 matrimoniis
2416 1123 2505 1186 uti

176 1226 261 1286 las
299 1224 427 1286 suit.
513 1222 699 1285 Erant
739 1234 801 1286 et
841 1222 1222 1287 concubinae.
1329 1221 1447 1284 Sed
1484 1221 1626 1284 licet
1680 1221 2036 1300 ⁴figuraliter
2091 1223 2153 1284 in
2210 1241 2507 1304 synagoga

177 1325 414 1389 ecclesia
455 1324 915 1400 intercessu-iv,
982 1333 1050 1387 ut
1090 1333 1289 1387 tamen
1332 1323 1679 1405 simpliciter
1732 1323 2223 1404 interpretemur,
2287 1342 2504 1387 neces-

177 1427 387 1490 sarium
450 1426 563 1489 suit
624 1426 940 1492 instituere
994 1444 1147 1507 quae
1196 1434 1408 1508 postea
1473 1424 1607 1487 ‘aut
1668 1425 1960 1505 amputari
2023 1433 2128 1487 aut
2191 1426 2509 1507 temperari

174 1529 586 1591 ‘mererentun
674 1526 1117 1608 Superventura
1158 1526 1317 1590 enim
1358 1527 1453 1589 lex
1495 1534 1642 1589 erat.
1715 1525 1737 1556 ⁷
1753 1524 2084 1606 Oportebat
2123 1525 2318 1589 'enim
2355 1527 2506 1608 legis

175 1628 571 1711 adimplendae
612 1646 820 1691 causas
861 1629 1361 1709 praecucurrisse.
1425 1628 1607 1690 ’Item
1651 1645 1794 1689 mox
1836 1626 1952 1705 legi
1981 1627 2354 1691 msuccedere
2393 1629 2504 1691 ha-

173 1731 343 1795 bebat
394 1731 491 1793 dei
547 1749 746 1794 sermo
801 1729 1313 1794 cirumcisionem
1366 1728 1656 1791 inducens
1710 1727 2056 1808 spiritalem.
2162 1728 2348 1809 igitur
2398 1750 2510 1811 per

175 1832 455 1895 licentiam
498 1840 640 1895 ttmc
694 1832 1031 1912 passivam*
1094 1830 1426 1893 ”materiae
1478 1829 1970 1910 subsequentium
2024 1829 2508 1895 emendationum

173 1933 825 2015 praeministrabantur,
868 1951 1016 2013 quas
1060 1932 1339 1995 dominus
1380 1930 1685 2012 evangelio
1729 1949 1872 2005 suo,
1935 1930 2154 1994 dehinc
2193 1933 2503 2012 apostolus

176 2036 239 2098 in
276 2033 742 2098 extremitatibus
786 2034 1039 2097 saeculi·
1095 2044 1198 2097 aut
1241 2033 1511 2095 ¹²excidit
1558 2031 1990 2124 redundantes·
2017 2040 2119 2095 aut
2173 2036 2512 2116 composuit

175 2135 562 2200 inconditas&

337 2237 459 2299 Sed
498 2254 623 2298 non
666 2237 802 2299 ideo
843 2236 1269 2317 praemiserim,
1296 2235 1370 2297 de
1411 2234 1682 2297 libertate
1711 2235 2021 2297 vetustatis
2055 2243 2117 2299 et
2142 2237 2508 2317 posteritatis
2545 2243 2745 2301 Cup-¹¹1·

174 2338 583 2420 castigatione,
625 2347 694 2401 ut
724 2346 1096 2419 praestruam
1125 2336 1427 2399 Chrismm
1471 2335 1820 2417 separandis
1850 2335 2278 2411 matrimoniis,
2323 2337 2506 2408 {abo-

174 2441 359 2504 lendis
417 2438 933 2502 coniunctionibus
987 2437 1331 2510 advenisse,
1400 2436 1570 2517 quasi
1626 2438 1742 2499 iam
1806 2436 1947 2499 hinc
2007 2437 2189 2500 finem
2248 2438 2512 2504 nubendi

175 2539 653 2624 'praescr-ibam·.
761 2540 1029 2603 Viderint
1079 2538 1181 2620 qui
1235 2538 1391 2601 inter
1460 2546 1658 2601 cetera
1716 2531 2172 2619 perversitatum
2226 2542 2506 2604 suarum*

78 2704 85 2709 .
178 2643 513 2724 disiungere
555 2643 769 2706 docent
810 2661 1048 2706 carnem
1090 2640 1185 2703 ³in
1229 2640 1461 2704 duobus
1506 2659 1716 2714 unam,
1762 2650 2047 2722 negantes
2094 2660 2226 2704 eum
2271 2641 2372 2723 qni
2414 2644 2520 2705 l'e··

173 2747 388 2809 minam
446 2745 520 2807 de
583 2745 845 2807 masculo
909 2752 1209 2807 mutuatus
1264 2742 1383 2806 duo
1439 2760 1693 2824 corpora
1745 2743 1852 2805 ⁴ex
1906 2742 2173 2805 eiusdem
2226 2743 2508 2806 materiae

173 2847 477 2910 consortio
523 2854 758 2926 sumpta
801 2865 1010 2908 rursus
1053 2846 1117 2907 in
1159 2863 1227 2907 se
1267 2843 1629 2907 matrimonii
1658 2843 2168 2924 ‘computatione‘
2195 2844 2508 2925 compegit.

312 3000 425 3063 Cap.
462 3000 520 3049 ll.
568 3001 639 3055 ,1.
675 3007 724 3049 et
755 3000 840 3050 Ad.
912 3014 969 3050 ac
1002 3000 1186 3063 reliqui.
1268 2996 1317 3048 2.
1354 3012 1380 3046 a
1419 2997 1510 3047 deo
1547 3004 1598 3047 ut
1633 2997 1945 3047 seminarium
1983 2998 2173 3060 generis
2211 2997 2513 3050 humaniAd.

173 3084 201 3118 a
238 3067 450 3128 domino,
487 3076 538 3117 ιιι
571 3069 807 3117 sciremus
844 3068 1005 3130 generi
1043 3066 1253 3116 humano
1290 3065 1720 3115 BCDabc.Flov-ent.
1802 3064 1850 3114 3.
1885 3065 2123 3131 replendo
2159 3065 2264 3116 orbi
2298 3066 2512 3118 ADobcd.

168 3134 415 3195 (florent.)
497 3135 837 3199 reprenhendo
872 3135 959 3185 Bc.
1075 3133 1125 3184 4.
1166 3133 1430 3195 figuraliter
1462 3133 1511 3182 in
1547 3146 1790 3196 synagoga
1825 3133 2029 3184 ecclesia
2067 3134 2393 3186 intercesserit
2425 3136 2513 3186 Ad.

169 3207 423 3266 figuratum
460 3203 508 3253 iu
543 3216 833 3267 synagogam
870 3211 919 3253 et
952 3201 1208 3252 ecelesiam
1241 3201 1443 3251 cesserit
1474 3201 1664 3266 reliqui.
1743 3200 1793 3250 5.
1829 3209 1912 3251 aut
1944 3217 2034 3252 osi.
2051 3202 2104 3252 B.
2126 3202 2359 3263 Floreat„
2399 3210 2443 3252 et
2458 3203 2510 3253 A.

166 3288 339 3324 n-sec.
423 3270 474 3321 6.
512 3280 757 3321 merentur
787 3270 877 3323 BG.
967 3269 1017 3319 7.
1055 3268 1320 3334 Oportebat
1354 3284 1443 3319 ost.
1467 3268 1556 3319 BG.
1642 3267 1696 3323 8.
1728 3269 1856 3318 enim
1893 3269 2014 3332 legis
2047 3272 2100 3321 A.
2169 3269 2291 3332 legis
2324 3271 2512 3336 reliqui.

167 3339 219 3392 9.
255 3339 378 3390 Item
411 3340 494 3390 Ad.
564 3338 698 3390 idem
735 3337 863 3388 Boo.
930 3337 1098 3388 Eidem
1133 3340 1253 3398 aba,
1291 3344 1333 3386 et
1366 3337 1418 3388 A.
1450 3352 1514 3387 m.
1547 3351 1642 3387 sec.
1746 3336 1828 3388 to.
1862 3337 2125 3388 succedere
2157 3338 2242 3388 Ad.
2307 3350 2513 3389 succur-

164 3422 281 3459 rere
312 3408 503 3472 reliqui.
610 3407 688 3457 ll.
724 3406 973 3456 materiam
1010 3405 1097 3456 BG.
1129 3406 1332 3456 Floreat.
1440 3402 1518 3454 12.
1555 3403 1741 3454 excidet
1772 3406 1824 3456 A.

307 3476 427 3540 Cap.
464 3473 545 3523 111.
638 3473 969 3525 hebetandis
1001 3475 1085 3524 Ad.
1172 3481 1221 3523 et
1254 3472 1476 3523 delendis
1509 3473 1697 3537 reliqui.
1811 3472 1860 3523 2.
1897 3472 2242 3538 praescribam.
2302 3456 2515 3524 Viderint

164 3543 253 3609 qai
285 3544 372 3595 Ad.
442 3543 791 3607 praescriptam
825 3542 1029 3592 viderint
1060 3542 1141 3606 qui
1176 3541 1292 3605 (que
1324 3538 1434 3599 BC.)
1467 3539 1682 3592 sonabo.
1776 3539 1825 3591 3.
1861 3541 1909 3591 in
1944 3542 2029 3592 Aa.
2098 3540 2158 3595 de
2191 3542 2378 3607 reliqui.
2462 3541 2512 3591 4.

164 3618 218 3661 et
251 3612 359 3662 eius
393 3611 658 3662 matheriae
689 3612 740 3661 A.
811 3618 861 3660 et
893 3609 1109 3660 eiusdem
1135 3608 1363 3659 materiae
1386 3608 1472 3659 BG.
1561 3608 1612 3658 5.
1650 3608 2007 3674 computatione
2025 3610 2111 3660 Ad.
2181 3610 2514 3674 compactione

163 3680 361 3745 reliqui.
431 3678 767 3742 coniugatione
800 3678 897 3728 vult
932 3677 1291 3728 Eusebi-mu.

234 3813 359 3877 Cap.
396 3812 456 3863 lt.
539 3828 582 3864 a.
631 3812 896 3876 figuraliter
946 3813 993 3862 in
1048 3825 1288 3876 synagoga
1458 3810 1577 3876 Cap.
1613 3809 1700 3861 111.
1751 3826 1794 3860 a.
1831 3806 2205 3877 praescribam]
2239 3812 2313 3863 ct.
2350 3811 2515 3862 adnot.

157 3881 376 3932 ecclesia
411 3876 766 3946 intercesserit]
815 3880 919 3932 lios
963 3888 1040 3930 est
1083 3880 1289 3930 ecclesia
1394 3879 1454 3929 ad
1458 3876 1693 3995 bApolog.
1730 3893 1836 3943 eap.
1850 3878 1901 3929 7.

154 3950 260 3999 tuit
295 3950 343 3998 in
379 3963 620 4013 synagoga
654 3949 783 3999 velut
815 3949 862 3998 in
897 3949 1049 4011 figura
1084 3954 1132 3998 et
1166 3948 1292 3998 ima·
1458 3945 1908 4011 b.perversitatum
1946 3939 2167 4011 suarum]
2211 3945 2513 3997 Marcionitas

154 4017 297 4080 gine,
335 4030 577 4080 synagoga
612 4017 702 4067 tait
733 4018 891 4079 imago
939 4024 989 4066 et
1020 4016 1173 4078 ligura
1208 4030 1291 4066 ee-
1395 4020 1544 4065 notat.
1613 4015 1647 4063 A
1687 4014 1749 4064 nd
1785 4014 2077 4064 Marcionem
2112 4014 2260 4075 esim,
2303 4022 2357 4064 ιιι
2388 4015 2513 4063 scri-

156 4083 370 4134 clesiae.
404 4084 619 4147 (Rigalt.)
1396 4081 1569 4132 bitlib.
1594 4082 1631 4133 1.
1652 4028 1788 4147 ῗωρ.
1803 4078 1939 4145 222]
1977 4081 2118 4142 „Non
2138 4082 2368 4144 tinguitur
2386 4081 2515 4146 apud

1397 4149 1431 4199 il
1434 4149 1535 4199 lem
1584 4164 1715 4211 caro,
1764 4150 1860 4201 nisi
1894 4151 2043 4214 virgo,
2091 4150 2184 4199 nisi
2220 4149 2374 4210 vidua,
2422 4151 2515 4200 nisi

1392 4217 1633 4345 3:⁵32
1637 4218 1739 4345 ›nisi
1774 4219 1976 4270 divertio
1996 4217 2236 4283 baptisma
2251 4218 2516 4269 mercatast‘

234 4176 289 4226 b.
328 4176 569 4227 licentiam
618 4185 731 4228 tune
774 4170 1039 4243 passivam]
1092 4176 1294 4241 Nuptias

152 4243 489 4308 multiplices,
541 4245 724 4308 passim
774 4258 1046 4296 concessas.
1082 4244 1295 4307 (Rigalt.)

149 4313 233 4363 De
273 4324 381 4361 voc.
411 4315 628 4377 passivus
661 4328 702 4363 v.
740 4313 900 4363 adnot.
937 4311 996 4362 ad
1016 4311 1080 4362 Dc
1102 4312 1294 4363 Corona
1463 4369 1506 4404 c·
1544 4362 1741 4419 mmm
1793 4355 1804 4365 .
1904 4351 1926 4416 l
1976 4352 2235 4416 mmmm,
2269 4352 2336 4403 ,ἢ
2369 4353 2512 4403 deum

150 4378 353 4446 αμα
513 4474 523 4484 ,
598 4474 610 4484 ,
908 4472 918 4482 ,
1398 4422 1619 4473 instituto
1667 4422 1750 4473 viri
1799 4438 1856 4472 ac
1901 4423 2110 4472 feminae
2143 4421 2364 4483 coniugio
2417 4420 2513 4469 duo

234 4489 284 4523 Ο.
323 4472 704 4525 ΕΣΙΙὉΙΠΙΒΠΙΠΙΒ
739 4467 945 4538 88801111]
983 4472 1055 4525 Cf.
1071 4473 1141 4525 Ad
1168 4473 1294 4525 Νῆα·
1399 4490 1935 4552 corporn-mssl'lmonll
1987 4489 2344 4553 compulgfioug
2377 4501 2514 4537 com-

148 4541 195 4603 12
224 4540 274 4590 ¹·
320 4555 431 4590 ⁰¹¹OE
468 4541 629 4592 ⁸⁶⁰⁰*-
1397 4558 1607 4621 μείω.
1681 4557 1866 4606 Etenim
1902 4565 2184 4623 computare
2225 4555 2398 4605 dicitur
2433 4555 2518 4619 qui

228 4625 284 4676 d.
342 4626 617 4690 composuit
666 4620 979 4692 inconditas]
1038 4626 1107 4676 Ad
1174 4625 1294 4690 legis
1397 4624 1565 4689 plures
1599 4637 1815 4674 summas
1850 4625 1900 4678 in
1934 4639 2080 4674 uuam
2126 4623 2323 4685 colligit,
2373 4629 2423 4672 ut
2459 4636 2536 4672 ex-
2621 4662 2626 4669 ,

145 4692 366 4746 divinae
403 4693 649 4745 modulum
685 4692 935 4745 revocavit.
1395 4692 1619 4756 pluribus
1670 4705 1763 4742 una
1812 4692 1894 4741 flat
1935 4704 2156 4753 summa;
2210 4698 2257 4741 et
2307 4690 2514 4742 amicitia
