3263 5311
1150 484 1227 527 ne
1269 454 1680 527 motorum:
2505 468 2584 529 91

246 632 618 706 servatione,
662 651 788 694 nou
835 633 897 695 in
938 633 1369 696 exorbitatione
1413 633 1792 715 disciplinam
1837 632 1978 696 dum
2020 631 2371 713 probamur,
2418 633 2592 694 ¹⁰non

245 735 387 796 dum
431 733 842 813 reprobamur.
929 735 1035 797 ¹¹0
1079 734 1505 813 blasphemiam
1548 735 1812 815 martyrii
1857 734 1898 767 ¹²
1911 734 2195 807 adfinem,
2262 752 2410 813 quae
2455 742 2597 796 tunc

244 840 342 896 me
385 842 642 895 testatur
684 834 1166 908 ¹³Christianum,
1212 854 1345 897 cum
1388 835 1690 914 ”propter
1732 855 1799 896 ea
1841 854 1939 896 me
1981 834 2338 896 detestatur!
2395 835 2590 896 Bene-

245 935 425 996 dictio
473 944 571 996 est
609 935 870 997 nominis
913 936 1241 997 maledictio
1287 936 1616 997 custoditae
1672 934 2033 1014 disciplinae.
2121 936 2184 996 Si
2229 935 2589 1007 hominibus,

243 1037 478 1115 inquit‚-
506 1036 767 1097 ¹“’vellem
810 1036 1062 1115 placere,
1109 1054 1318 1097 servus
1365 1036 1583 1098 Christi
1627 1054 1749 1096 non
1792 1054 2012 1096 essem.
2102 1036 2221 1096 Sed
2265 1036 2419 1097 idem
2456 1036 2592 1098 alibi
2620 1055 2714 1097 oni.
2742 1054 2776 1104 1,
2809 1057 2870 1098 ιο.

246 1137 430 1209 iubet,
479 1136 759 1197 omnibus
786 1138 1018 1217 placere
1049 1135 1369 1199 curemus‘.
1427 1136 1936 1210 Quemadmodum
1966 1155 2098 1215 ego,
2141 1137 2350 1215 inquit,
2394 1138 2590 1198 omni-

246 1238 357 1298 bus
420 1256 535 1316 per
589 1238 786 1298 omnia
836 1237 1064 1317 placeo.
1148 1237 1439 1299 Nimirum
1496 1237 1876 1300 ¹⁰Saturnalia
1931 1246 1996 1298 et
2043 1236 2333 1298 Kalendas
2375 1237 2893 1307 lanua-Lcor.x,ao.

246 1339 363 1399 rias
412 1338 724 1424 celebrans
780 1338 1120 1400 hominibus
1178 1336 1542 1419 ¹⁷placebat?
1605 1358 1682 1400 an
1746 1338 2036 1400 modestia
2092 1339 2206 1399 ¹'et
2257 1337 2591 1418 patientia?

248 1459 320 1500 an
362 1441 689 1518 gravitate,
757 1456 829 1499 an
872 1439 1264 1514 humanitate,
1324 1459 1399 1501 an
1439 1439 1852 1519 integritate?¹
1909 1439 2165 1501 Proinde
2233 1458 2364 1501 cum
2431 1440 2590 1513 dicit,

248 1541 600 1602 ”omnibus
648 1539 841 1601 omnia
886 1543 1073 1603 sactus
1116 1559 1280 1615 sum,
1343 1541 1467 1602 ”ut
1526 1560 1737 1602 omnes
1797 1541 2185 1614 lucrifaciam,
2250 1540 2893 1620 ”numquid1.c0r.1x,22.

248 1642 584 1703 idololatris
626 1640 1074 1704 ²'‘idololatres‘l
1115 1641 1456 1721 ”numquid
1499 1642 1750 1704 ethnicis
1783 1640 2099 1704 ethnicus?
2141 1642 2426 1720 numquid
2454 1660 2591 1702 sae·
2637 1647 2642 1655 '

249 1742 548 1803 cularibus
593 1741 960 1805 saecularis?
1046 1743 1165 1805 Sed
1230 1744 1344 1805 etsi
1400 1762 1520 1805 non
1575 1743 1852 1822 prohibet
1907 1760 2021 1805 nos
2077 1743 2416 1804 conversari
2459 1761 2592 1803 cum
2907 1812 2918 1819 ,

249 1844 581 1905 idololatris
627 1853 687 1904 et
729 1843 1007 1909 adulteris
1052 1853 1112 1906 et
1153 1844 1364 1906 ceteris
1408 1844 1779 1919 criminosis,
1847 1844 2083 1918 dicens,
2145 1842 2472 1905 ”Ceterum
2517 1843 2590 1904 de
2606 1858 2806 1911 Leon-N,
2831 1861 2894 1902 ιο.

250 1946 469 2006 mundo
514 1944 834 2020 ”exiretiffi
879 1966 1001 2007 non
1044 1946 1247 2026 utique
1290 1965 1391 2009 eas
1432 1947 1694 2007 habenas
1725 1945 2191 2007 conversationis
2220 1944 2593 2019 ”immittite

249 2056 327 2119 ut,
373 2045 667 2125 quoniam
706 2047 1012 2109 ”necesse
1058 2056 1152 2109 est
1195 2055 1255 2108 et
1309 2047 1621 2109 convivere
1673 2047 1844 2107 ”nos
1903 2053 1963 2107 et
2015 2045 2386 2108 commisceri
2460 2065 2630 2111 cum.

247 2148 686 2228 peccatoribuS,
729 2148 941 2210 ”idem
987 2157 1047 2209 et
1088 2167 1469 2228 compeccare
1510 2147 1834 2228 possimuS.
1891 2145 2058 2208 ”Ubi
2099 2155 2198 2207 est
2238 2147 2594 2227 ⁸¹commer-

232 2250 403 2310 cium
448 2249 628 2321 vitae,
674 2249 831 2328 quod
877 2250 1186 2328 apostolus
1231 2249 1517 2321 concedit,
1561 2248 1700 2309 a'ibi
1744 2267 2010 2328 peccare,
2055 2248 2214 2327 quod
2243 2266 2420 2310 nemo
2450 2266 2595 2327 per-

250 2351 449 2412 mittit.
539 2350 710 2412 Licet
751 2350 1064 2412 convivere
1106 2370 1237 2413 cum
1281 2350 1549 2429 ethniciS,
1593 2349 1980 2412 ⁸'commori''
2025 2368 2148 2410 non
2190 2348 2344 2411 licet.
2433 2348 2595 2410 Con-

258 2539 330 2587 to.
368 2537 589 2586 noudum
627 2538 676 2586 B.
723 2538 861 2585 Verba
900 2552 994 2584 non
1031 2537 1143 2585 dum
1180 2535 1498 2600 reprobamur
1532 2553 1619 2587 om.
1640 2538 1692 2587 A.
1820 2537 1898 2586 11.
1926 2535 1965 2584 Ο
2002 2535 2349 2600 blasphemiam
2389 2537 2430 2585 b.
2453 2535 2598 2586 'Fulm

256 2606 467 2655 Ursinus.
525 2608 587 2654 ob
626 2604 1139 2668 blasphemiamABCo.
1248 2604 1323 2654 12.
1344 2604 1659 2668 αάὓιιεωᾼβ.
1713 2606 1906 2654 affinem
1945 2605 2048 2654 Gab.
2102 2604 2161 2652 ad
2197 2606 2338 2651 tinem
2375 2603 2427 2651 B.
2518 2602 2596 2651 13.

256 2675 546 2724 Cristianum
583 2671 701 2737 Αφ.
872 2673 946 2722 14.
997 2682 1251 2736 propterea
1301 2688 1377 2722 me
1425 2675 1501 2724 Fr.
1538 2675 1717 2733 timeus,
1767 2676 1832 2724 Lo
1871 2674 2028 2722 Cerdo.
2100 2663 2326 2735 propter*
2347 2685 2450 2721 eam
2487 2672 2599 2721 libri

259 2758 425 2791 mes.
571 2741 650 2790 15.
687 2740 825 2789 velim
864 2743 912 2789 A.
1054 2741 1131 2790 16.
1168 2741 1416 2790 siturualia
1451 2738 1546 2803 Αβ.
1691 2741 1767 2791 17.
1795 2732 1991 2803 ‘placeat
2034 2737 2149 2805 Αφ.
2193 2755 2329 2788 niani«
2377 2739 2594 2786 serundo.

262 2808 339 2857 18.
376 2818 421 2858 et
452 2809 686 2872 patientia
722 2824 811 2857 om.
845 2810 896 2857 Α.
1002 2807 1079 2858 19.
1118 2809 1354 2857 Omnibus
1390 2809 1549 2857 omnia
1583 2810 1700 2859 Aut».
1771 2809 1940 2856 Omnia
1977 2809 2201 2855 omnibus
2239 2805 2313 2853 Co.
2428 2803 2508 2853 20.
2546 2812 2599 2854 ut

258 2877 479 2926 omnibus
514 2875 813 2926 lucrifaciam
836 2879 871 2925 A
990 2873 1071 2924 21.
1098 2877 1328 2939 numquid
1362 2874 1485 2938 Ap„
1521 2882 1564 2925 et
1598 2877 1667 2926 ita
1701 2878 1750 2924 in
1783 2876 2092 2939 sequentibus.
2195 2871 2276 2920 22.
2314 2870 2597 2920 idololatres

256 2961 341 2994 om.
377 2947 427 2994 A.
550 2944 636 2994 23.
672 2944 902 3006 numquid
940 2943 1139 2992 ethnicis
1175 2952 1221 2991 et
1258 2943 1487 3005 numquid
1522 2945 1572 2991 Α.
1712 2941 1793 2990 24.
1830 2943 2079 2990 Caeterum
2116 2937 2246 3000 ΑβΒ.
2354 2938 2433 2986 25.
2473 2939 2598 2985 exis-

255 3015 369 3062 tetis
403 3029 449 3062 u.
592 3010 674 3062 26.
713 3011 937 3062 immittit.
974 3020 1023 3060 ut
1057 3012 1169 3060 Petr.
1210 3011 1504 3070 Giaccouius,
1550 3011 1680 3072 prob.
1719 3010 1793 3059 Fr.
1832 3009 1989 3066 Iunio,
2047 3007 2112 3056 La
2149 3007 2311 3054 Cerdo.
2380 3005 2598 3053 immutat.

1966 3072 2046 3122 28.
2084 3087 2175 3121 nos
2210 3071 2511 3148 commisceri
2546 3074 2597 3120 A.

2006 3207 2090 3256 31.
2126 3207 2457 3257 commertium
2489 3138 2540 3252 'g
2567 3153 2596 3252 Ἴ

716 3077 797 3126 27.
834 3092 1031 3127 necesse
1066 3087 1140 3127 est
1172 3077 1224 3127 A.
1298 3091 1496 3125 necesso
1531 3077 1594 3124 sit
1627 3076 1814 3139 reliqui.

255 3082 361 3158 U„
397 3095 576 3129 ‘'mu‘'
1744 3142 1867 3190 idem
1906 3148 1953 3189 et
1988 3155 2094 3189 cum
2132 3153 2331 3202 peccare
2367 3140 2417 3187 B.

185 3194 197 3202 .
227 3133 344 3197 ‘uos
379 3149 703 3196 commiscere
736 3162 784 3195 a.

252 3214 303 3265 'et
335 3229 443 3264 cum
483 3216 556 3263 eis
594 3227 798 3277 peccare
834 3213 911 3263 Co.
1049 3212 1132 3262 30.
1171 3213 1256 3261 Ubi
1293 3221 1366 3261 est
1399 3212 1486 3261 AB.
1558 3211 1626 3259 lbi
1664 3216 1738 3259 est
1775 3210 1879 3258 Cati.

886 3143 966 3195 29.
1003 3146 1126 3194 idern
1165 3152 1210 3194 et
1247 3158 1557 3206 compeccare
1590 3144 1672 3193 Ab.

174 3313 181 3322 ι
258 3282 334 3332 32.
370 3283 437 3332 ibi
471 3284 559 3333 Ab.
630 3281 723 3331 sibi
757 3281 809 3331 B.
879 3281 958 3331 hic
994 3281 1070 3330 Ga.
1139 3279 1222 3330 33.
1258 3279 1493 3329 commori
1524 3278 1673 3330 BGab.
1742 3275 2028 3326 commoveri
2055 3277 2108 3325 A.

320 3432 364 3466 e.
400 3417 716 3474 Dosiuamus,
752 3422 800 3463 et
818 3429 914 3463 nou
939 3409 1390 3480 blasphemabitur]
1474 3427 1583 3463 esse
1620 3413 1968 3461 desineremus.
2018 3410 2113 3460 Sed
2137 3408 2490 3472 blasphement,
2516 3407 2601 3457 sed

256 3485 444 3534 Dixerat
484 3483 751 3546 plerosque
786 3482 945 3531 animo
971 3482 1212 3531 induxisse
1241 3496 1391 3542 agno·
1475 3482 1774 3530 detestentur
1793 3479 1985 3536 ethnici,
2009 3478 2122 3527 dum
2141 3491 2307 3525 sumus
2327 3474 2602 3534 Christiani,

257 3553 489 3602 scendum
505 3560 652 3613 atque
666 3550 968 3613 probandum
985 3549 1392 3612 esse,siquando‚
1472 3549 1587 3598 dum
1626 3561 1795 3596 sumus
1831 3547 1878 3595 iu
1914 3546 2265 3604 observatione,
2302 3558 2397 3592 uon
2435 3543 2482 3591 in
2519 3555 2602 3591 ex-

256 3636 375 3684 quae
413 3620 619 3678 ethuici,
672 3633 727 3666 ea
764 3626 810 3666 et
846 3617 937 3680 ipsi
975 3618 1165 3676 faciant,
1204 3632 1258 3665 ea
1294 3617 1392 3664 sci-
1475 3617 1763 3665 orbitatioue
1798 3613 2099 3677 disciplinae.
2156 3612 2282 3660 iiaec
2316 3611 2443 3659 enim
2470 3608 2602 3658 blas-

252 3687 365 3736 licet
398 3688 463 3736 dc
503 3700 651 3734 causa
688 3685 1007 3747 probandum,
1032 3685 1140 3748 quia
1180 3684 1240 3733 ita
1276 3683 1394 3733 vite·
1476 3684 1666 3746 phemia
1705 3681 2038 3745 probationem
2075 3681 2153 3729 dei
2192 3680 2350 3738 babet,
2393 3691 2487 3726 non
2522 3691 2604 3726 re-

254 3765 347 3814 tur,
406 3769 471 3803 ne
508 3766 690 3800 nomen
729 3752 1047 3804 Christianum
1084 3752 1393 3814 blaspheme·
1477 3750 1829 3815 probationem.

256 3831 345 3871 tur.
419 3819 681 3869 Habebam
719 3819 846 3867 euim
882 3821 1057 3867 ethuici
1096 3819 1394 3868 Christianos

257 3905 343 3952 pro
381 3889 601 3937 factione
637 3887 856 3949 (Apolog.
896 3902 999 3950 cap.
1037 3885 1158 3945 39).
1193 3897 1283 3949 pre
1322 3885 1393 3933 la-

260 3959 451 4006 tebzosa
489 3963 541 4003 et
577 3953 830 4015 lucifugaci
859 3963 1048 4003 natione
1082 3951 1393 4014 (MinucAEel.

264 4023 418 4072 octav.
482 4037 594 4085 cup.
645 4021 713 4076 8.)
772 4021 1063 4084 reipublicae
1120 4020 1394 4083 periculosa

267 4092 478 4153 (Apolog.
518 4105 628 4153 cap.
668 4089 786 4146 35.).
844 4096 898 4139 At
934 4089 1185 4146 eiusmodi,
1226 4087 1394 4151 inquit,

266 4156 563 4220 blasphemia
627 4165 825 4219 peccato
875 4156 1014 4205 uobis
1063 4156 1256 4219 quidem
1304 4155 1395 4202 mi-

267 4224 391 4273 nime
434 4233 507 4275 est
560 4223 866 4287 deputanda,
926 4238 1032 4272 cum
1085 4239 1165 4271 eas
1213 4231 1395 4271 tantum

261 4292 465 4342 devitare
502 4307 597 4341 nos
636 4293 798 4340 iubeat
835 4291 1075 4348 dominuS,
1118 4305 1240 4353 quae
1278 4303 1395 4338 con-

256 4361 512 4410 trahuntur
550 4361 740 4416 Fraude,
778 4359 970 4419 iniuria,
1004 4366 1085 4406 aut
1108 4355 1397 4405 contumelia

257 4428 404 4477 aliare
442 4430 647 4477 materia
682 4425 843 4476 iustae
880 4427 1120 4489 querelae.
1177 4425 1396 4486 Alioquin

255 4499 383 4545 euim
422 4497 494 4544 vel
536 4496 653 4545 circi
693 4496 842 4543 totius
879 4494 991 4541 illae
1018 4493 1224 4542 nominis
1249 4490 1398 4539 iiubtri

256 4565 481 4613 immeriti
532 4562 886 4612 detestatioues
935 4575 1024 4608 uos
1070 4573 1239 4609 omnes
1286 4572 1399 4619 per-

254 4633 395 4680 niciei
432 4617 689 4689 dederent,
728 4643 853 4693 quas
887 4626 1401 4684 detestationesiacilc
1466 4677 1477 4690 ι

257 4700 447 4761 quidem
468 4699 821 4758 devitaremus,
858 4695 898 4744 si
927 4694 1123 4744 omuino
1145 4691 1401 4744 Christiani

1546 3836 1580 3884 f.
1633 3834 1791 3892 iubet,
1840 3831 2064 3880 omnibus
2109 3828 2302 3892 placere
2339 3819 2605 3887 curemus]

1481 3900 1547 3949 De
1582 3907 1820 3949 structura
1858 3898 1986 3947 verbi
2030 3897 2190 3946 iubere
2222 3908 2330 3943 cum
2372 3891 2606 3956 particula

1477 3974 1528 4017 ut
1576 3975 1656 4016 aut
1703 3967 1911 4028 simplici
1959 3963 2255 4014 coniunctivo
2305 3976 2345 4008 v.
2385 3959 2606 4010 Ruddim.

1481 4036 1635 4084 instit.
1684 4036 1893 4084 Gramm.
1942 4032 2003 4091 ll,
2052 4046 2097 4094 pz
2140 4028 2270 4087 133„
2317 4028 2488 4076 Deder.
2530 4026 2605 4075 ad.

1480 4102 1599 4152 Dict.
1652 4103 1779 4151 Cret.
1819 4102 1889 4160 il,
1937 4100 2018 4149 25.
2070 4105 2168 4147 not.
2207 4097 2330 4152 crit.,
2383 4095 2607 4144 Muncker

1481 4171 1539 4219 ad
1580 4170 1744 4232 Hygia.
1783 4169 1895 4217 Fab.
1936 4165 2126 4217 cxcvi.
2173 4179 2220 4227 p.
2258 4161 2393 4218 326..
2446 4163 2607 4210 Burm.

1482 4238 1540 4288 ad
1579 4237 1712 4286 Ovid.
1751 4236 1936 4284 Metam.
1974 4233 2094 4293 Vlll,
2125 4230 2259 4290 752„
2298 4229 2508 4279 ilildebr.
2547 4228 2606 4276 ad

1482 4305 1617 4369 Apul.
1659 4303 1836 4353 Florid.
1873 4302 1946 4361 lv,
1982 4299 2064 4351 23.
2102 4309 2217 4349 tom.
2258 4298 2316 4358 ll,
2351 4313 2402 4361 p.
2444 4295 2557 4345 100.
2593 4303 2600 4306 “

1549 4419 1593 4466 g.
1635 4398 1864 4466 immittit]
1903 4402 2075 4465 Recepi
2109 4397 2346 4451 Ciacconii
2383 4393 2609 4469 emenda-

1483 4474 1680 4521 tionem.
1728 4472 1961 4533 Suspicor
1996 4477 2152 4517 tumen
2178 4463 2461 4540 Septimium
2486 4475 2608 4509 scri-

1486 4541 1643 4604 psisse
1679 4541 1885 4601 imputat,
1939 4544 1984 4584 nt
2025 4538 2259 4597 imputare
2296 4539 2358 4580 sit
2393 4538 2609 4579 nostrum

1486 4608 1746 4658 zumuthru.

1557 4691 1601 4738 h.
1641 4681 1901 4754 commori]
1941 4686 2028 4734 Per
2063 4688 2327 4746 peecatum.
