3263 5311
664 400 793 462 154
1158 411 1361 463 ouran
1407 410 1672 456 sermm
1712 409 2044 454 mensuris
2087 408 2480 451 rsurunmm

659 570 789 625 tota
833 571 946 632 est,
992 570 1054 624 et
1093 561 1299 640 utique
1340 559 1517 638 digna
1559 559 1863 637 mosei,
1930 558 1984 620 si
2028 555 2601 637 non-praesumptio
2644 563 2748 618 aut
2789 554 3015 634 iniqui-

657 671 752 726 tas
809 662 1045 735 iudicet,
1100 661 1286 724 altera
1336 678 1493 739 quae
1532 659 1878 739 wesperat,
1933 659 2114 721 altera
2172 676 2324 737 quae
2389 665 2628 718 recusat
2681 655 3015 720 veritum.

655 762 820 826 Deos
862 771 1096 826 vestros
1141 760 1339 823 colere
1379 759 1748 828 ’desinimus
1789 759 1899 822 'ex
1939 777 2058 838 quo
2114 757 2250 820 illos
2303 775 2432 820 non
2485 775 2627 818 esse
2691 756 3014 837 cognosci-

656 883 813 932 mus.
876 863 1007 926 Hoc
1043 860 1224 941 igitur
1251 860 1486 940 exigere
1527 860 1780 933 debetis,
1829 860 1913 922 uti
1953 858 2279 939 probemus
2322 877 2448 922 non
2487 876 2628 920 esse
2669 857 2806 919 illos
2833 857 3014 930 deos,

657 973 720 1028 ot
758 963 978 1031 idcirco
1020 979 1146 1026 non
1189 960 1494 1033 colendos,
1552 961 1691 1040 quia
1733 969 1875 1024 tunc
1913 959 2155 1023 demum
2207 959 2319 1021 coli
2377 957 2746 1030 debuissent.
2805 957 2861 1020 si
2917 955 3014 1021 dei

654 1063 933 1126 fuissent.
1020 1063 1192 1138 Tunc
1230 1068 1293 1124 et
1321 1060 1644 1124 Christiani
1670 1060 1977 1141 puniendi,
2022 1061 2065 1093 ¹⁰
2077 1060 2133 1122 si
2177 1078 2330 1139 quos
2373 1077 2500 1122 non
2542 1059 2826 1131 colerent,
2871 1055 3012 1135 quia

651 1171 934 1246 putarent
971 1181 1096 1226 non
1138 1181 1299 1237 esse,
1344 1169 1651 1224 constaret
1691 1162 1825 1223 illos
1869 1162 2020 1224 deos
2065 1162 2278 1224 ¹¹esse.
2366 1160 2486 1222 Sed
2541 1159 2738 1232 nobis,
2803 1156 3010 1236 inqui-
3061 1158 3070 1166 ‘

652 1266 754 1341 tis,
798 1265 899 1328 dei
942 1271 1103 1327 sunt.
1188 1262 1567 1344 Appellamus
1612 1270 1675 1323 et
1713 1279 2107 1342 provocamus
2151 1262 2238 1323 ¹²¹a
2281 1261 2452 1324 vobis
2483 1260 2556 1324 ad
2586 1257 3012 1322 conscientiam

652 1373 944 1430 vestram:
989 1364 1086 1428 illa
1127 1382 1242 1427 nos
1288 1364 1528 1438 iudicet,
1575 1355 1727 1426 ¹³illa
1765 1383 1884 1426 nos
1929 1364 2187 1436 damnet,
2234 1363 2287 1424 si
2316 1361 2540 1442 poterit
2565 1378 2783 1440 negare
2814 1359 3008 1420 “om-

630 1487 765 1564 ,nes
804 1468 965 1530 istos
1009 1465 1159 1528 deos
1203 1474 1437 1528 vestros
1479 1465 1755 1528 homines
1799 1464 2006 1528 fuisse.
2097 1465 2138 1498 ¹⁸
2151 1463 2218 1525 Si
2271 1471 2331 1525 et
2385 1460 2797 1542 1983111110138
2854 1458 3015 1532 ierit,

654 1567 733 1629 de
777 1568 905 1630 suis
948 1566 1360 1646 antiquitatum
1403 1565 1819 1627 instrumentis
1863 1566 2250 1637 revincetur⁸‚
2309 1564 2384 1625 de
2440 1562 2655 1642 quihus
2701 1560 2744 1593 ¹⁶
2757 1579 2865 1623 eos
2911 1560 3010 1621 di-

654 1667 817 1743 dicit,
852 1666 1272 1754 ‘testimonium
1313 1665 1769 1746 perhibentibus
1815 1666 1886 1727 ad
1931 1665 2287 1728 hodiernum
2315 1673 2377 1726 et
2415 1662 2746 1728 civitatibus
2778 1661 2840 1721 in
2869 1660 3012 1740 qui-

655 1766 772 1830 bus
836 1766 959 1829 nati
1018 1775 1179 1841 sunt,
1247 1775 1309 1828 et
1373 1766 1719 1845 regionibus
1787 1767 1848 1829 in
1912 1766 2128 1846 quibus
2174 1765 2395 1845 aliquid
2437 1765 2477 1797 ¹⁷
2491 1763 2718 1843 operati
2761 1760 3012 1841 vestigia

653 1867 1042 1947 reliquerunt,
1108 1867 1169 1929 in
1223 1867 1436 1947 quibus
1498 1869 1673 1929 etiam
1719 1866 1932 1947 sepulti
1995 1866 2499 1928 demonstrantur.
2586 1864 2627 1897 ¹⁸
2639 1863 2811 1924 Nunc
2864 1880 3010 1940 ergo

652 1987 764 2048 per
804 1967 1075 2048 singulos
1121 1968 1452 2042 decurram,
1520 1976 1610 2030 tot
1653 1988 1722 2030 ac
1775 1975 1995 2042 tantos,
2026 1986 2274 2041 moves,
2331 1967 2374 1999 ¹⁹
2388 1972 2638 2038 veteres,
2695 1963 3014 2036 barbaros»,

655 2068 933 2143 Graecos,
978 2069 1303 2141 Romanos,
1346 2068 1722 2149 peregrinoS,
1768 2069 2030 2149 captivos
2046 2068 2094 2142 ἃ,
2140 2067 2471 2147 adoptivos,
2502 2064 2807 2144 proprios,
2838 2082 3010 2125 com-

642 2187 885 2243 munes„
928 2168 1305 2240 ”masculum
1352 2169 1627 2243 feminas,
1670 2170 1951 2242 rusticos,
1999 2169 2280 2242 urbanoS,
2323 2166 2616 2238 nauticoS,
2672 2161 3015 2226 militares?
3073 2237 3084 2246 ,

654 2269 932 2332 otiosum
972 2269 1125 2331 ”est
1166 2268 1343 2330 etiam
1387 2268 1594 2331 titulos
1639 2271 1940 2350 persequi,
1983 2270 2107 2332 ²²ut
2151 2268 2419 2346 colligam
2474 2267 2537 2326 in
2586 2264 3011 2346 conpendium,

632 2378 717 2431 *et
766 2370 886 2432 hoc
936 2389 1061 2431 non
1116 2388 1234 2451 quo
1300 2370 1699 2449 cognoscatis,
1769 2371 1934 2433 ”sed
1988 2369 2454 2449 recognoscatis·
2553 2366 2783 2429 ”Certe
2849 2365 3016 2427 enim

655 2470 874 2532 oblitos
915 2470 1167 2551 ”agitis.
1255 2469 1405 2532 Ante
1451 2472 1772 2534 Saturnum
1817 2473 1963 2533 deus
2007 2489 2194 2551 penes
2239 2488 2345 2532 vos
2388 2486 2565 2531 nemo
2609 2474 2725 2540 est,
2795 2465 2869 2527 ab
2904 2465 3011 2526 illo

653 2657 705 2707 7.
741 2655 957 2721 disparat
989 2659 1038 2708 Α.
1122 2657 1349 2720 desperet
1382 2651 1458 2708 λα.
1597 2657 1645 2707 8.
1684 2659 1941 2709 desivimus
1975 2660 2027 2709 F.
2113 2657 2344 2707 desiimus
2381 2673 2422 2707 c.
2558 2654 2607 2705 9.
2657 2669 2722 2705 ex·
2760 2669 2856 2718 quo
2894 2651 3014 2705 illos

654 2739 753 2775 non
788 2739 898 2774 esse
934 2725 1301 2786 recognovimus
1336 2725 1388 2774 F.
1460 2732 1507 2775 et
1542 2726 1704 2774 statim
1743 2727 2052 2788 cognovimus
2084 2720 2132 2773 λ.
2262 2723 2340 2773 10.
2377 2723 2421 2773 si
2457 2738 2542 2772 eos
2575 2719 2622 2771 λ.
2762 2721 2839 2771 11.
2879 2736 3012 2770 csse.

655 2792 753 2843 Sed
789 2788 919 2855 apud
955 2805 1068 2849 vos,
1103 2790 1329 2855 inquitis,
1380 2800 1568 2842 constat
1614 2793 1735 2842 deos
1784 2808 1892 2843 esse
1939 2794 2068 2844 illos.
2137 2792 2448 2856 Appellamus
2482 2787 2528 2838 λ.
2673 2788 2748 2839 12.
2798 2803 2826 2837 a
2874 2789 3015 2839 vobis

653 2860 776 2923 ipsis
811 2860 871 2909 ad
908 2859 1251 2909 conscientiam
1286 2854 1334 2908 λ.
1474 2858 1553 2909 13.
1592 2860 1674 2909 illa
1709 2862 1779 2911 vis
1816 2877 1905 2911 nos
1940 2862 2136 2911 damnet
2170 2861 2222 2910 F.
2291 2859 2377 2908 illa
2413 2860 2701 2909 condemnet
2732 2853 2777 2911 λ-
2926 2855 3010 2905 14.

653 2941 825 2978 omnes
861 2927 980 2976 deos
1016 2928 1135 2976 istos
1171 2928 1224 2976 F.
1293 2941 1464 2977 omnes
1499 2929 1620 2976 istos
1657 2928 1711 2978 E.
1747 2930 1921 2993 Erfurt.
1960 2931 2108 2979 Ooeon.
2249 2927 2327 2976 15.
2368 2926 2416 2975 81
2456 2935 2502 2976 et
2538 2927 2642 2990 ipsa
2679 2924 2863 2974 inficias
2900 2924 3013 2975 ierit

650 2990 826 3057 Αβλ-εῙ.
896 2996 948 3044 Si
984 2994 1085 3053 (Sic
1117 2995 1192 3054 F.)
1231 3002 1279 3043 et
1314 2995 1420 3058 ipsa
1456 2996 1615 3045 inlicia
1651 2997 1691 3044 si
1728 2999 1819 3046 erit
1855 2997 1980 3047 EFG.
2007 2997 2196 3046 Vindob.
2220 2996 2393 3058 Erfurt.
2463 2994 2558 3043 Sed
2595 3002 2642 3042 et
2678 2996 2786 3055 ipsa
2819 2991 3012 3041 inficias

650 3060 825 3127 (ΑφΒ)
860 3063 902 3112 si
938 3063 1046 3112 ierit
1078 3060 1342 3124 Assssobca.
1413 3065 1464 3112 Si
1501 3071 1548 3112 et
1584 3064 1690 3127 ipsa
1725 3064 1911 3114 inficias
1947 3065 1987 3112 si
2025 3065 2133 3113 ierit
2167 3080 2209 3113 a.
2354 3060 2432 3112 16.
2472 3076 2556 3111 eos
2593 3061 2707 3111 dicit
2753 3062 2802 3111 Α.
2890 3059 3012 3108 dicit

626 3144 740 3185 ,eos
774 3131 828 3180 E.
866 3130 1041 3194 Erfurt.
1111 3128 1226 3179 dicit
1261 3147 1306 3180 a.
1449 3131 1527 3180 17.
1564 3133 1750 3193 operati
1788 3132 1969 3195 aliquid
2005 3132 2056 3181 F.
2199 3129 2277 3187 18.
2313 3129 2414 3179 Nec
2447 3144 2564 3191 ergo
2608 3129 2796 3178 Vindob.
2901 3126 3010 3175 Nec

653 3212 743 3259 ego
778 3199 898 3259 edes.
968 3196 1092 3246 Num
1129 3211 1243 3257 ergo
1282 3186 1457 3255 ambs
1574 3198 1654 3247 19.
1690 3207 1906 3257 veteres,
1942 3212 2124 3257 servos,
2160 3197 2395 3249 barbaros
2431 3199 2504 3247 ab.
2589 3204 2791 3254 veteres,
2825 3193 3011 3243 barba-

650 3278 753 3322 ros,
790 3277 956 3313 servos
991 3264 1047 3312 D.
1185 3263 1266 3312 20.
1305 3265 1602 3314 masculinos
1638 3269 1712 3316 ab.
1851 3265 1933 3315 21.
1971 3273 2044 3315 est
2079 3265 2205 3313 enim
2240 3260 2286 3312 λ.
2424 3263 2505 3313 22.
2545 3272 2596 3313 ut
2630 3279 2717 3313 om.
2756 3265 2799 3312 b.
2921 3260 3008 3311 23.

650 3331 739 3380 sod
776 3338 829 3379 ut
859 3325 905 3378 λ.
1044 3327 1125 3379 24.
1163 3330 1279 3379 certi
1314 3324 1360 3378 λ.
1541 3330 1621 3381 25.
1657 3334 1762 3383 Post
1807 3349 1903 3384 voc.
1957 3334 2095 3393 agitis
2142 3335 2192 3381 in
2237 3334 2466 3382 veteribus
2502 3333 2635 3382 libris
2670 3345 2836 3381 novum
2869 3336 3012 3393 caput

652 3398 844 3459 incipit,
912 3396 1136 3445 decimum
1180 3400 1232 3447 in
1268 3400 1453 3462 scriptis
1488 3399 1694 3449 ABDEG.
1738 3401 1925 3451 Vindob.
1969 3401 2117 3451 Oxou.
2155 3401 2331 3463 Erfurt.
2365 3401 2571 3450 Ambros.
2622 3414 2722 3449 cum
2756 3398 2891 3451 titulo
2931 3396 3014 3445 DS

651 3461 923 3521 sATvtmo
963 3462 1038 3512 ΕΤ
1077 3463 1255 3521 love„
1300 3467 1591 3516 undecimum
1625 3469 1678 3515 in
1711 3470 1896 3517 excusis
1933 3484 2034 3518 cum
2068 3468 2367 3531 inscriptione
2404 3465 2696 3524 Qvomono
2734 3463 3010 3513 vernum

650 3530 734 3649 ἓξ
763 3529 1319 3649 ἔὸἒιῗξιᾶίέὓῦῢῐῖὶὶὸ
1355 3532 1545 3583 FVERE
1580 3533 1659 3583 ΕΤ
1697 3535 1887 3594 QVARE
1926 3535 2048 3585 CUM
2086 3534 2356 3584 nomm-:s
2391 3533 2624 3585 ESSENT
2661 3532 2832 3582 FACTl
2866 3530 3013 3581 Sw‘t·

647 3729 834 3783 nm.“
901 3732 1023 3782 lbid.
1060 3732 1097 3792 l,
1137 3732 1161 3782 1
1200 3732 1349 3792 „Scio
1384 3731 1531 3795 plane
1566 3748 1661 3797 qua
1695 3749 1777 3784 re-
1947 3736 1995 3785 d.
2056 3732 2293 3801 captivos]
2365 3735 2591 3785 Prudent.
2639 3750 2681 3784 c.
2732 3734 3008 3796 Symmach.

648 3800 914 3863 sponsione
961 3800 1133 3850 soletis
1182 3798 1528 3849 redundantiae
1580 3810 1776 3851 nostrae
1880 3803 1955 3861 ll,
1992 3803 2090 3853 347
2146 3803 2469 3861 „Innumeros
2515 3809 2627 3867 post
2674 3802 2848 3851 deinde
2883 3801 3012 3851 deos

648 3868 974 3917 testimonium
1013 3866 1313 3919 convenire.“
1346 3866 1561 3931 ·Apolog.
1588 3868 1771 3932 cap.3l
1877 3872 2047 3920 virtute
2067 3870 2279 3921 subactis
2309 3871 2516 3921 Urbibus
2551 3877 2600 3920 et
2635 3869 2781 3919 claris
2816 3868 3012 3931 peperit

648 3934 777 3995 „Qui
816 3934 968 3996 magis
1004 3934 1180 3985 inimici
1206 3943 1253 3984 et
1272 3944 1610 3998 persecutores
1633 3938 1774 3986 Chri·
1876 3939 1970 3987 sibi
2035 3939 2185 3989 Roma
2257 3938 2544 4000 triumphis,
2624 3938 2753 3985 luter
2811 3937 3010 3985 fuman-

647 4000 933 4060 sticum-um,
982 4017 1126 4065 quam
1173 4002 1234 4051 de
1269 4017 1474 4066 quorum
1524 4005 1774 4073 maiestate
1878 4013 1950 4054 tes
2004 4006 2295 4069 templorum
2350 4013 2532 4055 armata
2589 4005 2753 4054 ruinas
2801 4003 3012 4053 Dextera

648 4071 939 4121 convenimur
975 4070 1021 4118 in
1058 4065 1320 4119 crimen?“
1391 4070 1512 4120 lbid.
1562 4086 1668 4133 cap.
1707 4071 1773 4122 35
1875 4073 2069 4122 victoris
2138 4074 2398 4124 simulacra
2473 4072 2667 4122 hostilia
2741 4071 2871 4135 cepit
2940 4071 3008 4118 Ex

647 4135 757 4212 „ln'
797 4137 1063 4213 seeundum
1115 4136 1423 4198 sacrilegium
1482 4142 1775 4190 convenimur
1876 4142 2057 4202 captiva
2120 4140 2317 4190 domum
2371 4154 2603 4189 venerans
2664 4131 2776 4189 σου·
2807 4138 3010 4187 numina

645 4202 957 4253 Chnstiani.“
1874 4208 2048 4257 vexit-‘⁶
2115 4209 2416 4258 Arnob.Adv.
2432 4208 2556 4257 Nau.
2581 4206 2744 4266 111,39
2781 4206 3010 4267 „Quodsi

713 4286 755 4319 c.
803 4272 1135 4321 instrumentis
1170 4267 1459 4336 revincetur]
1499 4272 1570 4323 Ct'.
1608 4273 1771 4325 adnot.
1874 4275 2041 4338 opinio
2097 4275 2339 4331 Cornificii
2391 4289 2501 4325 vera
2556 4283 2660 4333 est,
2721 4272 3012 4337 imprudens

643 4336 808 4414 ndtsse
844 4337 1034 4387 Corona
1071 4354 1176 4402 cap.
1213 4339 1292 4399 7..
1356 4348 1403 4391 et
1438 4340 1497 4389 ad
1536 4341 1602 4389 De
1642 4343 1772 4393 Test.
1874 4342 2069 4392 Cincius
2105 4342 2368 4404 invenitur,
2416 4344 2497 4407 qui
2546 4342 2736 4392 urbium
2773 4341 3010 4391 victarum

639 4406 839 4455 Animae
875 4421 978 4469 cap.
1004 4407 1049 4455 1.
1102 4407 1170 4457 La
1191 4407 1343 4457 Cerda
1381 4415 1491 4473 apte
1515 4409 1627 4458 citat
1651 4409 1770 4458 Pro·
1873 4409 1993 4459 deos
2029 4410 2178 4460 afficit
2213 4418 2449 4474 potestate
2463 4409 2845 4459 Novensilium.“
2883 4407 3009 4456 Ter-

641 4486 773 4536 sper.
821 4473 889 4522 De
923 4474 1023 4523 Vita
1061 4474 1380 4538 contemplat.
1422 4475 1515 4536 ΙΙΙ,
1550 4476 1613 4526 31
1665 4477 1772 4536 „De
1871 4476 1980 4525 tull.
2007 4478 2149 4541 Apol.
2186 4477 2370 4543 cap325
2407 4478 2538 4538 „Tot
2570 4477 2714 4539 igitur
2749 4474 3008 4535 sacrilegia

640 4541 746 4618 suis
778 4555 974 4617 quoque
1008 4542 1182 4593 litteris
1228 4544 1430 4593 istorum
1467 4546 1772 4594 revincantur
1871 4544 2198 4595 Romanorum
2246 4554 2364 4609 quot
2410 4553 2627 4607 tropaea,
2686 4552 2757 4594 tot
2804 4544 2864 4593 de
2899 4542 3007 4591 deis

640 4609 904 4673 ineptiae.‘·
1134 4670 1145 4683 ’
1874 4618 1993 4674 quot
2026 4613 2086 4662 de
2122 4614 2346 4674 gentibus
2368 4612 2616 4676 triumphi,
2653 4618 2725 4661 tot
2749 4609 3014 4662 manubiae
