3263 5311
713 415 809 463 xlv
1480 396 1489 405 ’
1714 422 2060 466 rasurum.

717 574 771 634 l.
817 552 959 634 Adv.
983 570 1343 633 Marcionem
1383 570 1571 634 libros
1601 572 1669 632 V.
1742 573 1806 636 2.
1851 571 1940 634 De
1966 571 2202 634 Corona
2244 571 2468 635 Militis.
2533 575 2594 638 3.
2639 573 2729 635 Ad
2757 575 3072 657 Martyres.

709 676 770 736 4.
817 672 903 734 De
921 671 1306 734 Paenitentia.
1373 677 1434 737 5.
1480 671 1567 734 De
1592 671 1930 752 Virginibus
1962 672 2260 735 velandis.
2321 676 2381 739 6.
2413 673 2500 736 De
2521 673 2742 737 Habitu
2771 676 3065 751 Muliebri,

709 781 769 835 et
812 771 897 834 De
939 773 1113 836 Cultu
1155 773 1529 837 Feminarum
1572 772 1784 838 libros.
1853 777 1910 837 7.
1956 775 2043 836 Ad
2071 774 2344 837 -Uxorem
2387 774 2618 837 libros..
2669 778 2728 841 8.
2772 776 2862 839 De
2901 777 3064 857 Fuga

706 873 770 936 in
812 874 1257 936 Persecutione.
1342 877 1404 938 9.
1447 875 1534 937 Ad
1580 874 1910 955 Scapulam.
1991 880 2091 940 10.
2133 876 2221 938 De
2261 875 2694 939 Exhortatione
2737 877 3062 940 Castitatis.

715 978 813 1038 11.
857 974 944 1037 De
986 975 1375 1056 monogamia.
1489 979 1588 1041 12.
1645 975 1732 1037 De
1785 975 1993 1038 Pallio.
2109 978 2209 1041 13.
2267 977 2716 1056 Apologeticum
2774 978 3060 1041 adversus

708 1076 928 1137 Gentes
971 1075 1159 1138 luisse
1198 1094 1274 1151 ex
1319 1076 1451 1137 solo
1495 1075 1905 1157 Hirsaugiensi
1949 1077 2163 1139 editos.
2271 1078 2400 1139 Nisi
2457 1079 2612 1140 forte
2655 1079 2790 1158 quis
2835 1080 3059 1142 rectius

705 1176 979 1241 statuerit
995 1177 1441 1258 Apologeticum
1463 1178 1782 1256 repetitum
1812 1196 1846 1240 a
1870 1177 2156 1240 Rhenano
2189 1197 2261 1240 ex
2288 1179 2504 1258 priscis
2526 1178 2814 1242 Italorum
2835 1180 3056 1243 editio-

705 1278 916 1353 nibus,
961 1278 1312 1359 apud-quos
1369 1280 1484 1341 iam
1529 1297 1582 1341 a.
1626 1278 2184 1342 MCCCCLXXXIII.
2248 1280 2508 1342 Venetiis
2564 1281 2872 1360 prodierat
2913 1281 3060 1343 illud

705 1396 821 1440 una
864 1397 1000 1441 cum
1042 1379 1331 1442 Lactantii
1371 1379 1541 1442 libris
1586 1398 1696 1459 per
1736 1380 2165 1443 Bet-nardinum
2185 1380 2522 1454 BenaHnm,
2568 1381 2863 1461 siquidem
2894 1391 3055 1447 certe

700 1480 911 1543 Aldina
956 1499 1007 1543 a.
1038 1480 1270 1543 Moxv.
1317 1481 1389 1543 ad
1427 1482 1674 1543 verbum
1719 1481 1980 1543 concinit
2022 1500 2157 1544 cum
2202 1480 2463 1544 editione
2505 1481 2906 1546 Rhenaniana.
3015 1556 3022 1561 β

872 1581 1143 1644 Rhenani
1215 1583 1395 1657 editio
1459 1584 1718 1664 primum
1787 1583 2041 1663 repetita
2111 1592 2207 1647 est
2257 1583 2524 1645 Basileae
2581 1603 2636 1646 a.
2684 1584 3050 1647 Muxxvlss.

703 1682 864 1745 Haec
933 1670 1303 1746 emendatior
1365 1693 1486 1757 est,
1572 1684 1775 1747 multis
1805 1732 1814 1737 .
1840 1693 2104 1747 veterum
2166 1684 2455 1747 librorum
2521 1686 2878 1765 corruptelis
2939 1704 3051 1766 per

700 1784 1103 1846 coniecturam
1170 1784 1418 1847 sublatis
1484 1794 1585 1847 aut
1648 1794 1809 1847 certe
1875 1785 2210 1865 temptatis3
2298 1785 2467 1847 novis
2533 1785 2693 1847 enim
2750 1785 2807 1848 ei
2879 1787 3049 1849 codi-

701 1903 837 1947 cum
881 1886 1242 1966 scriptorum
1303 1885 1589 1949 subsidiis
1649 1887 1735 1949 uti
1777 1886 2042 1949 nondum
2096 1878 2279 1949 licuit.
2378 1885 2554 1961 „Non
2610 1894 2737 1949 erat
2794 1887 3047 1964 animus,

697 1985 761 2047 in
803 1985 1170 2066 praefatione
1212 1987 1403 2067 inquit
1434 1987 1789 2059 Rhenanus,
1836 1987 2113 2068 quicquid
2157 1995 2388 2050 tentare
2432 1987 2496 2049 in
2525 1987 2887 2051 Tertulliano
2929 1988 3050 2051 nisi

696 2087 943 2150 vetustis
988 2088 1422 2168 exemplaribus
1453 2107 1656 2152 essem
1684 2088 2030 2152 instructus».
2095 2088 2489 2169 Expectabam
2518 2089 2687 2151 avide
2718 2107 2788 2151 ex
2814 2090 3045 2152 Medio-

701 2188 964 2251 matricis
1010 2189 1396 2252 Gorziensem
1454 2189 1719 2252 codicem
1774 2198 1835 2253 et
1888 2209 1920 2251 a
1965 2190 2229 2252 Treviris
2287 2190 2771 2270 Spectaculorum
2833 2190 3046 2271 libros,

702 2290 812 2351 sed
840 2290 1123 2353 [rustra.“
1191 2289 1532 2353 Gorziensis
1576 2298 1737 2354 certe
1781 2290 2002 2355 codicis
2046 2290 2420 2379 collationem
2449 2299 2658 2354 nactus
2691 2300 2788 2354 est
2814 2300 3044 2373 postea,

700 2391 945 2470 eiusque
1002 2410 1117 2471 ope
1172 2392 1657 2455 emendatissima
1714 2391 1940 2471 prodiit
1990 2391 2086 2453 illa
2145 2392 2312 2454 tertia
2358 2391 2624 2456 Rhenani
2667 2392 2935 2455 Basileae
2987 2412 3042 2455 a.

698 2490 1068 2555 mxxxix.
1151 2493 1367 2556 Debuit
1409 2493 1600 2567 illam,
1646 2500 1716 2555 ut
1757 2492 1964 2555 scribit
2003 2493 2068 2555 in
2110 2491 2505 2572 praelatione,
2556 2493 2932 2572 „diligentiae
2973 2511 3043 2555 ac

699 2592 1029 2658 dexteritati
1076 2595 1322 2658 Huberti
1366 2594 1665 2667 Custinei‚
1724 2594 1832 2657 viri
1888 2612 2070 2674 quum
2123 2594 2344 2675 pietate
2384 2603 2512 2657 tum
2553 2594 2887 2658 eruditione
2931 2612 3042 2657 ex-

697 2695 992 2771 cellentis,
1038 2697 1350 2760 adiuvante
1390 2695 1701 2759 Dominico
1744 2695 2090 2758 Florentino
2147 2695 2337 2758 sodali
2379 2703 2678 2776 peractam
2719 2714 2861 2758 cura
2904 2696 3040 2759 Cla-

694 2796 923 2859 rissimi
965 2798 1359 2862 Iureconsulti
1404 2797 1631 2860 Claudii
1675 2797 2094 2859 Cantiunculae
2122 2795 2481 2860 Ferdinandi
2510 2796 2782 2860 Caesaris
2826 2816 2861 2859 a
2890 2815 3040 2860 con-

692 2896 896 2966 silio-‘⁴
982 2898 1043 2962 Is
1085 2899 1304 2973 codex,
1361 2899 1474 2962 etsi
1517 2898 1705 2962 multo
1763 2898 2132 2961 emendatior
2174 2897 2586 2978 Hirsaugicnsi
2627 2905 2795 2960 esset
2836 2906 2894 2960 et
2919 2897 3039 2960 Pa-

695 3000 1085 3076 tormacensi,
1149 3008 1345 3062 tamen
1389 3001 1460 3063 ad
1518 3019 1704 3063 unum
1762 3000 2039 3079 idemque
2096 3017 2228 3061 cum
2284 2999 2382 3061 his
2438 2999 2819 3078 archetypum
2872 3000 3037 3062 refe-

695 3100 921 3162 rendus
967 3101 1231 3176 videtur,
1277 3111 1339 3164 et
1372 3109 1668 3181 quotquot
1709 3100 1826 3163 iam
1871 3101 2239 3180 promulgata
2287 3107 2454 3161 erant
2482 3099 2827 3161 Tertulliani
2854 3118 3038 3180 opera

693 3200 1212 3280 complectebatur.
1260 3201 1378 3264 Sed
1400 3202 1512 3264 alia
1542 3201 1737 3264 adbuc
1764 3201 2040 3264 latebant.
2100 3201 2260 3264 Haec
2288 3200 2575 3266 debemus
2600 3199 2806 3261 Ioanni
2831 3201 3035 3280 Gang-

690 3301 864 3376 ncio,
928 3300 1251 3364 Parisiensi
1294 3302 1434 3363 olim
1479 3300 1807 3382 „theologo
1873 3310 1933 3364 et
1975 3301 2466 3366 christianissimi
2510 3300 2832 3364 Galliarum
2872 3302 3035 3381 regis

644 3463 661 3492 Ι,
688 3400 883 3480 primo
946 3401 1411 3482 eleemosynario
1427 3408 1487 3476 ⁴⁴,
1563 3402 1732 3465 cuius
1788 3421 2035 3483 operum
2092 3397 2438 3466 Tertulliani
2493 3410 2633 3482 post
2683 3401 3068 3465 Rhenanum‘

689 3502 929 3576 „denuo
974 3502 1047 3564 ad
1090 3503 1269 3565 fidem
1323 3513 1590 3567 veterum
1652 3504 2073 3584 exemplarium
2127 3522 2307 3567 manu
2358 3502 2794 3583 descriptorum
2849 3503 3033 3565 colla-

688 3610 887 3664 torum
932 3611 993 3666 et
1034 3603 1494 3668 restitutorum“
1541 3605 1723 3667 editio
1767 3605 1992 3685 prodiit
2016 3604 2260 3668 Parisiis
2303 3623 2357 3667 a.
2387 3591 2667 3667 MDXLV.
2740 3603 3032 3667 Accessc-
3078 3661 3090 3669 .

688 3711 828 3766 runt
868 3704 1029 3766 enim
1072 3717 1189 3780 ‚;ex
1229 3706 1636 3769 vetustissimo
1694 3707 1901 3769 codice
1952 3706 2307 3785 desumpta“
2362 3723 2541 3784 opera
2598 3705 2772 3768 haec:
2843 3709 2900 3769 1.
2945 3704 3033 3766 De

689 3805 1064 3886 Testimonio
1108 3806 1372 3869 Animae.
1459 3810 1522 3873 2.
1565 3809 1655 3874 De
1694 3807 1925 3870 Anima.
1998 3810 2060 3873 3.
2107 3806 2192 3870 De
2234 3806 2617 3887 Spectaculis.
2691 3811 2752 3870 4.
2798 3804 2881 3868 De
2909 3805 3028 3867 Ba-

684 3905 929 3986 ptismo.
1002 3911 1061 3970 5.
1104 3908 1405 3970 Adversus
1450 3908 1773 3972 Gnostieos
1819 3908 2225 3989 Scorpiacum.
2299 3910 2361 3972 θ.
2406 3907 2492 3970 De
2529 3906 2890 3969 Idololatria.
2967 3910 3029 3970 7.

684 4005 772 4069 De
812 4005 1120 4071 Pudicitia.
1195 4010 1255 4074 8.
1301 4007 1386 4072 De
1428 4009 1658 4074 Ieiunio
1700 4009 2003 4074 Adversus
2046 4009 2388 4089 Psychicos.
2462 4010 2523 4073 9.
2567 4006 2653 4069 De
2700 4007 3030 4082 Oratione.·‚

684 4126 922 4188 unaque
965 4126 1099 4171 cum
1159 4110 1252 4173 his
1296 4110 1609 4174 Novatiani.
1658 4110 1813 4174 liber
1856 4109 1941 4172 De
1985 4109 2274 4173 Trinitate
2328 4118 2388 4171 et
2438 4108 2526 4170 De
2569 4107 2728 4171 Cibis
2772 4107 3032 4171 Iudaicis

685 4208 971 4288 epistola,
1058 4211 1201 4276 item
1276 4211 1390 4276 sub
1463 4213 1709 4276 nomine
1770 4211 2133 4274 Tertulliani.
2257 4210 2378 4274 Illis
2456 4218 2650 4272 autem
2737 4208 2838 4288 qui
2909 4209 3030 4271 iam

560 4322 571 4332 ·
682 4309 785 4372 diu
840 4311 1055 4390 vulgati
1110 4321 1286 4392 atquc
1328 4311 1470 4377 editi
1512 4323 1684 4377 erant
1726 4313 2039 4394 scriptoris
2093 4299 2264 4374 libris
2323 4329 2505 4391 opera
2547 4310 2834 4391 Gangneii
2867 4326 3025 4390 pro-

680 4410 793 4474 luit
845 4411 1039 4475 milies
1084 4414 1417 4495 supplendo
1461 4433 1613 4495 quae
1655 4413 1823 4495 prius
1867 4421 2040 4477 erant
2079 4411 2304 4484 omissa
2345 4421 2447 4475 aut
2485 4412 2681 4475 lacera
2729 4412 2829 4487 (οἳ.
2875 4427 2929 4471 e.
2966 4425 3028 4488 g.

678 4511 765 4575 De
806 4511 1095 4576 Patientia
1136 4533 1263 4595 cap.
1300 4518 1434 4590 13„
1496 4516 1598 4579 ubi
1646 4524 1834 4578 totum
1876 4514 2020 4582 illud
2061 4514 2276 4576 lemma
2321 4514 2427 4588 „in
2469 4512 2741 4594 corporis
2784 4526 3028 4590 quoque

678 4647 765 4660 -
791 4649 876 4663 —
918 4634 1069 4696 quae
1113 4616 1414 4698 apostoli“
1460 4635 1533 4681 ex
1574 4616 1745 4680 libris
1789 4618 2028 4680 demum
2085 4614 2482 4696 Gangneianis
2525 4613 2866 4678 restitutum
2905 4612 3026 4688 cst)
