3263 5311
50 402 53 493 Ι
1099 419 1175 462 ur.
1215 417 1626 462 morou-rma.
2442 399 2525 462 97

213 570 370 633 dedit
416 568 715 633 saectssum
757 566 1103 643 idololatria,
1158 567 1355 631 licebit
1408 569 1620 630 adesse
1679 566 1736 627 in
1797 566 2160 648 quibusdam,
2227 586 2375 647 quae
2415 586 2529 630 nos

50 722 53 755 L
211 671 456 743 homini,
499 689 623 732 non
654 659 849 744 idolo,
897 671 1199 732 officiosos
1242 669 1475 731 habent.
1565 668 1744 731 Plane
1786 670 1857 729 ad
1903 669 2293 730 sacerdotium
2337 678 2397 731 et
2423 688 2523 730 sa-

50 784 53 887 ?
212 772 491 834 crificium
534 781 775 834 vocatus
816 790 939 833 non
980 770 1080 832 ibo
1127 770 1455 850 (proprium
1500 769 1656 831 enim
1699 769 1841 831 idoli
1885 771 1924 802 ¹⁴
1939 771 2193 832 officium
2237 775 2375 848 est),
2421 769 2527 831 sed

50 898 53 941 ι
210 893 399 954 neque
469 872 717 935 consilio
776 892 968 952 neque
1023 880 1266 952 sumptu
1310 871 1542 933 ¹⁵aliave
1600 889 1781 951 opera
1835 870 1898 931 in
1965 872 2254 933 eiusmodi
2298 874 2523 951 fungar.

210 975 267 1036 Si
308 984 564 1055 propter
606 975 956 1038 sacrificium
999 980 1239 1034 vocatus
1287 972 1586 1041 adsistam,
1651 991 1753 1033 ero
1797 973 2089 1052 particeps
2134 974 2526 1035 idololatriae:

208 1076 257 1136 si
283 1096 380 1138 me
410 1076 529 1137 alia
566 1096 742 1137 causa
771 1075 1074 1154 coniungit
1102 1073 1477 1148 sacrificanti,
1512 1093 1614 1136 ero
1645 1082 1869 1135 tantum
1901 1082 2197 1154 spectator
2239 1075 2526 1135 sacrificii.

368 1178 654 1239 Ceterum
711 1177 849 1258 quid
906 1176 1119 1237 sacient
1160 1176 1316 1236 servi
1372 1175 1462 1235 vel
1517 1175 1716 1235 ¹liberi
1771 1176 1994 1249 fideles,
2052 1176 2192 1237 item
2248 1176 2524 1237 officiales
2562 1175 2667 1231 cap.
2701 1172 2827 1216 ΝΠ·

208 1278 671 1340 sacrificantibus
702 1278 956 1339 dominis
1002 1276 1093 1338 vel
1135 1276 1402 1356 patronis
1445 1276 1537 1337 vel
1581 1277 1952 1357 praesidibus
1993 1278 2155 1338 ²suis
2200 1279 2523 1339 adhaeren-

212 1379 339 1441 tes?
392 1381 555 1442 Sed·
600 1380 653 1441 si
694 1380 956 1442 ³merum
1001 1378 1132 1459 quis
1190 1377 1535 1439 sacrificanti
1590 1377 1921 1451 tradiderit,
1981 1378 2160 1440 immo
2204 1379 2290 1439 “si
2345 1379 2524 1440 verbo

212 1498 432 1559 quoque
493 1480 693 1560 aliquo
750 1480 1033 1541 sacrificio
1087 1480 1426 1540 necessario
1499 1478 1811 1553 adiuverit,
1884 1479 2152 1541 minister
2221 1480 2528 1542 habebitur

214 1580 591 1643 idololatriae.
679 1581 865 1643 Huius
909 1579 1143 1661 regulae
1194 1599 1492 1641 memores
1549 1581 1721 1642 etiam
1786 1582 2218 1659 magistratibus
2263 1582 2356 1642 ⁵et
2407 1601 2521 1661 po-

213 1682 520 1744 testatibus
566 1684 821 1745 officium
863 1701 1187 1764 possumus
1232 1681 1478 1745 reddere
1522 1682 1845 1743 secundum
1902 1682 2257 1761 patriarchas
2321 1690 2380 1743 et
2422 1702 2521 1744 ce-

216 1788 361 1842 teros
402 1783 693 1858 maioreS,
762 1785 861 1864 qui
916 1784 1155 1862 regibus
1211 1782 1539 1844 idololatris
1584 1802 1771 1862 usque
1814 1784 1885 1843 ad
1939 1786 2114 1844 linem
2167 1784 2527 1845 idololatriae

217 1892 621 1964 apparuerunt.
708 1885 859 1946 Hinc
898 1885 1167 1965 proxime
1209 1884 1525 1964 disputatio
1569 1883 1812 1945 “oborta
1871 1893 1981 1957 est,
2039 1904 2112 1946 an
2167 1904 2373 1946 servus
2432 1886 2525 1947 dei

220 1984 441 2047 alicuius
522 1985 819 2065 dignitatis
888 1994 989 2046 aut
1057 1985 1367 2066 potestatis
1443 1984 2007 2047 administrationem
2064 1987 2278 2066 capiat,
2346 1987 2396 2047 si
2453 1986 2523 2047 ab

222 2087 361 2147 omni
402 2087 614 2167 specie
654 2085 1018 2173 idololatriae
1061 2086 1341 2147 intactum
1397 2106 1463 2147 se
1518 2094 1618 2147 aut
1671 2088 1852 2165 gratia
1909 2087 2096 2166 aliqua
2153 2096 2253 2148 aut
2311 2088 2522 2149 astutia

222 2187 371 2248 etiam
414 2196 726 2268 praestare
769 2188 980 2267 possit,
1038 2188 1363 2250 secundum
1416 2187 1576 2267 quod
1620 2196 1681 2248 et
1723 2189 1937 2268 loseph
1981 2198 2040 2250 et
2078 2189 2279 2251 Daniel
2323 2190 2524 2250 mundi

221 2287 281 2347 ab
316 2288 652 2350 idololatria
696 2297 755 2349 et
796 2289 1131 2368 dignitatem
1175 2296 1236 2350 et
1273 2297 1622 2369 potestatem
1665 2289 2246 2351 'administraverunt
2286 2291 2376 2352 ‘in
2418 2310 2521 2352 or-

220 2399 476 2451 namento
537 2399 602 2451 et
664 2408 924 2469 purpura
978 2390 1377 2470 praefecturae
1432 2390 1613 2450 totius
1669 2391 1909 2469 Aegypti
1976 2391 2096 2452 sive
2153 2391 2521 2471 Babyloniae.

220 2488 524 2552 'Cedamus
569 2490 769 2570 itaque
813 2491 1127 2552 succedere
1170 2490 1335 2552 alicui
1379 2509 1582 2570 posse,
1648 2497 1715 2551 ut
1754 2490 1814 2551 in
1859 2511 2095 2570 quoquo
2139 2493 2367 2554 honore
2411 2493 2524 2555 ¹⁰in

224 2591 339 2651 solo
389 2592 640 2654 honoris
697 2591 936 2653 nomine
991 2590 1246 2665 incedat,
1320 2610 1509 2672 neque
1576 2591 1892 2667 sacrificet,
1966 2613 2158 2678 neque
2222 2595 2532 2677 sacrificiis·

227 2695 607 2755 auctoritatem
651 2713 820 2755 suam
863 2693 1279 2767 accommodet,
1323 2712 1443 2754 non
1486 2693 1713 2754 hostias
1744 2695 1915 2769 locet,
1961 2714 2081 2755 non
2112 2697 2333 2756 ¹¹curas
2367 2705 2518 2756 tem-

232 2792 441 2868 ptorum
488 2795 748 2874 deleget,
813 2813 936 2856 nou
990 2794 1284 2874 vectigalia
1341 2813 1545 2856 eorum
1599 2803 1907 2874 procuret,
1967 2814 2087 2855 non
2144 2796 2522 2876 ¹²spectacula

242 2891 360 2952 edat
395 2895 461 2954 de
501 2915 608 2956 suo
654 2904 756 2956 aut
799 2897 871 2957 de
912 2895 1145 2977 publico
1190 2903 1290 2956 aut
1331 2894 1575 2956 edendis
1605 2896 1844 2974 praesit,
1886 2895 2030 2955 nihil
2061 2895 2343 2956 sollemne
2373 2915 2518 2975 pro-

242 2993 451 3054 nuntiet
486 2996 574 3055 vel
610 2996 816 3070 edicat,
862 3015 938 3058 ne
979 2996 1136 3058 iuret
1176 2995 1443 3075 quidem3
1489 2996 1603 3055 iam
1645 3014 1784 3054 vero
1831 3014 1977 3074 quae
2022 3004 2174 3068 sunt,
2191 2996 2520 3074 potestatis,

232 3090 463 3174 ,¹³neque
516 3096 723 3159 iudicet
778 3099 851 3159 de
907 3098 1091 3177 capite
1144 3096 1387 3156 alicuius
1439 3095 1529 3157 vel
1585 3095 1855 3175 pudoreb
1898 3127 1983 3140 —-
2023 3098 2179 3157 feras
2237 3096 2390 3156 enim
2449 3098 2523 3159 de

231 3196 497 3273 pamniaf
525 3229 607 3243 -
662 3216 855 3276 neque
930 3198 1167 3260 damnet
1235 3216 1428 3277 neque
1512 3195 1950 3277 praedamnet&
2029 3197 2323 3258 neminem
2386 3199 2518 3260 vin-

230 3345 296 3396 14.
327 3358 395 3399 eet
426 3350 643 3402 officium
678 3353 729 3400 A.
839 3349 918 3400 15.
953 3351 1046 3402 alia
1080 3366 1187 3402 vera
1222 3365 1370 3414 opera
1402 3351 1453 3402 A.

340 3434 453 3498 Cap.
488 3433 627 3484 xvu.
702 3434 746 3483 1.
781 3433 937 3484 liberti
975 3438 1018 3496 b,
1055 3437 1131 3485 Fr.
1167 3437 1339 3485 Iunius.
1442 3433 1489 3484 2.
1526 3435 1626 3484 suis
1662 3447 1750 3485 om.
1783 3435 1864 3485 Ab.
1966 3434 2014 3485 3.
2043 3435 2218 3485 mirum
2255 3435 2360 3500 quis
2387 3434 2521 3500 (quid

220 3495 339 3563 Αφ.)
372 3502 696 3552 sacrificantis
729 3503 781 3552 A.
919 3502 966 3552 4.
1002 3504 1042 3551 si
1079 3518 1189 3552 vero
1237 3518 1426 3567 quoque
1478 3503 1664 3566 aliquos
1700 3501 1841 3562 (alios
1877 3518 1998 3566 quos
2032 3501 2169 3568 Αφ.)
2204 3507 2254 3554 A.
2391 3504 2438 3554 5.
2474 3512 2522 3554 et

218 3573 520 3644 potestatibus
558 3585 646 3619 om.
672 3571 722 3619 A.
841 3569 887 3619 6.
925 3571 1093 3619 oborta
1126 3571 1240 3621 ABb.
1311 3571 1507 3619 suborta
1545 3571 1619 3620 Ca.
1742 3570 1788 3619 7.
1825 3571 2251 3621 administraverint
2285 3572 2336 3622 B.
2471 3570 2520 3623 8.

218 3635 259 3683 iu
288 3645 573 3688 ornamento
611 3643 660 3686 et
692 3652 903 3716 purpura
940 3639 1268 3701 praefecturae
1307 3653 1404 3701 eqo.
1475 3638 1521 3686 in
1562 3646 1841 3687 ornamento
1879 3640 2205 3701 praefecturae
2242 3643 2282 3689 b.
2355 3641 2401 3689 in
2438 3655 2519 3689 or-

218 3715 418 3756 namento
463 3708 723 3754 exturaeA.
795 3714 842 3754 et
877 3706 922 3754 in
961 3713 1240 3755 ornamento
1279 3713 1324 3755 et
1360 3720 1570 3768 purpura
1607 3707 1799 3754 extitere
1823 3706 1893 3755 Fr.
1918 3708 2090 3756 Iunius.
2161 3707 2206 3755 in
2239 3715 2518 3756 ornamento

219 3779 256 3818 et
285 3788 495 3838 purpura
535 3773 732 3821 extitere
766 3775 948 3837 reliqui.
1087 3774 1135 3823 9.
1174 3773 1409 3823 Cedamus
1442 3775 1524 3823 Ab.
1597 3773 1858 3822 Credamus
1893 3773 2376 3839 reliqui.10.in
2412 3773 2518 3822 solo

216 3836 390 3891 honoris
430 3841 901 3903 Ab.10s.Scc112·92r.
970 3848 1021 3890 ut
1067 3844 1115 3890 in
1150 3842 1256 3890 soio
1295 3841 1490 3890 honoris
1525 3842 1709 3904 reliqui.
1826 3840 1903 3889 11.
1941 3856 2078 3890 curas
2116 3848 2381 3902 temporum
2415 3840 2514 3904 Αβ.

218 3904 285 3956 12.
315 3907 686 3984 spectaculedat
718 3907 817 3970 Αβ.
979 3907 1057 3960 13.
1093 3922 1248 3974 neque
1293 3909 1467 3958 iudicia
1512 3908 1570 3956 de
1620 3908 1774 3971 capite
1820 3908 2021 3958 alicuius
2053 3908 2124 3958 vei
2162 3909 2345 3973 pudore
2381 3910 2519 3970 serat,

216 3975 334 4026 etiam
367 3980 434 4028 de
475 3990 679 4040 pecunia
716 3976 791 4024 Fr.
825 3977 1001 4026 Iunius.

272 4094 560 4160 eap.xv1l.
632 4109 674 4143 a.
724 4090 843 4159 Sed]
880 4094 974 4144 Sed
1009 4095 1069 4144 ad
1104 4094 1212 4152 hoc,
1249 4094 1324 4142 in·
1408 4094 1448 4142 si
1485 4092 1543 4142 de
1578 4093 1777 4156 pecunia
1815 4093 2002 4152 iudicet,
2039 4108 2153 4154 nou,
2195 4093 2235 4142 si
2273 4094 2330 4142 de
2367 4094 2520 4158 capite

215 4162 311 4222 quit,
345 4163 657 4224 respondere
676 4162 867 4211 minime
888 4163 1079 4211 difficile
1105 4177 1210 4210 esse
1234 4177 1324 4225 po-
1408 4169 1488 4210 eut
1522 4162 1722 4224 pudore.
1777 4162 1838 4209 La
1877 4162 2026 4210 Cerda
2062 4169 2172 4225 post
2203 4166 2394 4226 pecunia
2427 4177 2518 4226 po-

210 4234 303 4287 test,
334 4231 603 4296 siqnidem,
640 4231 902 4279 secundum
939 4230 1117 4279 domini
1154 4231 1326 4290 legem,
1409 4229 1475 4277 nit
1522 4228 1905 4290 interrogationis
1953 4231 2138 4291 signum
2188 4238 2234 4278 et
2266 4233 2338 4279 sic
2372 4231 2518 4279 inter-

211 4296 248 4343 si
284 4299 385 4360 quis
442 4300 731 4347 sacrificanti
768 4313 950 4347 merum
986 4299 1044 4348 ad
1081 4298 1324 4347 libandum
1407 4304 1650 4360 pretatur:
1698 4298 1876 4356 „Feras
1922 4305 1971 4345 tu
2008 4298 2066 4346 de
2103 4300 2298 4359 pecnnia
2337 4299 2520 4346 minore

211 4366 450 4416 tradiderit
511 4367 735 4416 minister
802 4366 1051 4416 habebitur
1117 4365 1326 4415 idolola-
1408 4361 1577 4413 malo?
1626 4379 1671 4427 q.
1709 4364 1754 4412 d.
1818 4365 1922 4414 Non
1959 4366 2149 4413 damnet
2184 4368 2362 4428 capite,
2412 4379 2519 4414 cum

210 4433 330 4482 triae.
1406 4432 1656 4480 ferendum
1694 4447 1787 4480 non
1822 4433 1884 4481 sit
1917 4432 2094 4482 malum
2129 4432 2300 4493 minus,
2337 4439 2387 4482 ut
2421 4434 2517 4481 sci—

268 4500 311 4550 b.
348 4502 408 4551 de
444 4497 665 4566 pudore]
719 4500 1012 4565 Interpretor
1045 4502 1104 4551 de
1140 4501 1324 4551 honore
1406 4499 1518 4549 licet
1551 4500 1743 4549 damnet
1775 4500 1835 4550 de
1870 4501 2123 4564 pecuniaf‘

212 4580 307 4618 cum
338 4570 416 4620 Fr.
458 4570 618 4619 lunio.
1475 4568 1522 4616 d
1574 4582 1730 4633 neque
1779 4568 1970 4617 damnet
2004 4582 2155 4631 neque
2190 4560 2521 4632 praedamnet]

269 4652 307 4685 c.
340 4639 472 4687 feras
508 4639 638 4688 enim
676 4636 736 4685 de
758 4634 983 4701 pecunia]
1017 4636 1174 4686 Possit
1208 4635 1324 4685 ferri
1409 4635 1609 4686 Damnat
1666 4635 1832 4698 iudex,
1890 4637 2199 4700 praedamnat
2257 4634 2514 4695 legislator.

270 4722 583 4770 Taurunum
604 4736 710 4768 οη.
730 4735 805 4767 ιιι.
822 4734 1016 4767 onnus.
1085 4722 1208 4766 Tom.
1225 4721 1262 4765 1.
2120 4717 2148 4766 7
