3263 5311
657 383 782 456 7752
1177 404 1381 457 cumn
1425 400 1689 446 ssr'rmt
1731 389 2062 446 nomm
2108 398 2501 444 ram-uuum

569 591 576 598 ·
657 560 853 621 denuo
897 545 1083 619 nubat
1123 555 1367 633 (quanto
1410 552 1600 633 magis
1644 552 1805 614 enim
1846 537 2228 634 non-nubet,
2274 549 2331 611 si
2356 547 2515 611 iiiios
2542 548 2758 611 babeat
2770 545 2854 626 ἲ),
2898 548 3017 610 sed

376 991 637 1047 Garmai.

403 1080 638 1133 Apoc.1,6.

409 1348 512 1391 ιον.
523 1348 630 1401 xxl,

481 1402 518 1442 1.
533 1401 597 1444 11.

390 2181 498 2236 cap.
512 2179 627 2225 vni.

659 660 778 722 11ἰιι
819 659 873 720 si
914 655 1222 729 habuerit,
1268 674 1301 716 a
1343 654 1464 715 filio
1506 652 1709 734 potius
1754 651 1943 713 alatur
1984 669 2160 731 quam
2216 669 2251 711 a
2290 658 2496 731 patre,
2558 668 2679 730 quo
2734 657 2797 710 et
2848 648 3007 710 filius

656 766 1040 840 praeceptum
1095 755 1190 818 dei
1246 761 1637 835 exsequatur,
1707 751 1951 814 Honora
2015 761 2246 833 patrem
2317 760 2378 814 et
2447 759 2719 813 matrem.
2824 747 3015 810 ¹⁸⁹Nos

655 849 852 923 autem
897 858 1063 920 [esus
1105 873 1375 918 summus
1416 854 1698 917 sacerdos
1744 861 1806 914 et
1844 852 2151 932 ”magnus
2200 851 2391 933 patris
2448 850 2524 913 de
2578 867 2690 913 suo
2748 849 3011 912 vestiens

658 961 820 1041 (quia
862 958 963 1038 qui
1019 958 1080 1019 in
1126 957 1364 1019 Christo
1423 957 1804 1035 tinguuntur,
1860 954 2163 1022 Christum
2216 953 2595 1030 induerunt),
2663 951 3015 1013 sacerdotes

658 1062 772 1123 deo
814 1060 968 1141 patri
1013 1077 1125 1120 suo
1172 1057 1370 1131 recith,
1416 1055 1743 1119 secundum
1786 1055 2092 1118 Ioannem.
2167 1054 2315 1116 Nam
2359 1064 2421 1116 et
2460 1053 2627 1115 illum
2655 1052 3010 1123 adulescen-

659 1169 778 1224 tem
822 1160 1199 1223 festinantem
1245 1159 1336 1221 ad·
1363 1158 1677 1237 exsequias
1719 1155 1907 1237 patris
1951 1156 2089 1218 ideo
2130 1162 2402 1229 revocat,
2460 1162 2527 1216 ut
2570 1153 2851 1216 ostendat
2904 1170 3011 1214 sa-

656 1263 933 1326 cerdotes
976 1280 1091 1322 nos
1137 1259 1334 1322 vocari
1378 1259 1452 1319 ab
1496 1275 1602 1336 eo,
1647 1256 1867 1336 ”quos
1900 1257 1995 1318 lex
2036 1256 2269 1319 vetabat
2309 1263 2622 1335 parentum
2666 1253 3011 1335 sepulturae

660 1364 908 1426 adesse:
974 1362 1171 1442 Super
1225 1341 1493 1433 omnem,
1557 1358 1781 1437 inquit,
1848 1358 2105 1419 animam
2157 1358 2495 1419 defunctam
2551 1355 2833 1416 sacerdos
2888 1371 3011 1415 non

655 1463 929 1542 introibit
970 1470 1030 1525 et
1073 1456 1259 1539 super
1296 1467 1527 1540 patrem
1571 1477 1747 1521 suum
1793 1467 1853 1520 et
1894 1477 2080 1539 super
2118 1466 2368 1520 matrem
2420 1474 2590 1519 suam
2631 1473 2757 1517 nou
2799 1462 3015 1518 conta-

656 1565 996 1628 minabitur.
1071 1562 1227 1641 Ergo
1275 1568 1335 1622 et
1376 1579 1488 1622 nos
1531 1561 1652 1622 hoc
1691 1559 2072 1621 interdictum
2116 1559 2435 1621 observare
2477 1555 2814 1619 debemus?
2876 1555 3015 1618 Non

656 1666 881 1746 utique.
946 1663 1099 1724 Vivit
1139 1661 1300 1724 enim
1328 1661 1597 1723 ”unicus
1642 1668 1813 1741 pater
1853 1668 2066 1722 noster
2108 1661 2255 1722 deus
2300 1669 2362 1720 et
2401 1667 2593 1722 mater
2628 1658 2907 1730 ecclesia,
2952 1664 3017 1718 et

658 1767 910 1847 ²⁴neque
950 1763 1173 1830 mortui
1219 1780 1462 1836 sumus,
1521 1762 1622 1841 qui
1664 1761 1836 1823 ”deo
1880 1761 2165 1835 vivimus,
2230 1779 2425 1841 neque
2467 1768 2739 1822 mortuos
2786 1758 3013 1838 sepeli-

658 1886 828 1942 mus,
894 1865 1031 1945 quia
1086 1871 1145 1925 et
1200 1863 1284 1925 illi
1339 1862 1542 1924 vivunt
1594 1861 1657 1923 in
1715 1862 1975 1924 Christo.
2033 1854 2055 1877 ‘
2086 1863 2262 1924 Certe
2322 1861 2664 1924 sacerdotes
2710 1878 2925 1922 sumus
2976 1877 3015 1922 a

662 1967 899 2029 Christo
945 1964 1167 2038 vocati,
1226 1962 1641 2042 monogamiae
1684 1963 2023 2036 debitoreS,
2088 1982 2164 2025 ex
2204 1963 2461 2042 pristina
2505 1962 2600 2024 dei
2643 1961 2806 2041 lege,
2864 1977 3017 2040 quae

661 2084 778 2127 nos
821 2073 965 2130 tunc
1008 2065 1071 2126 in
1115 2064 1244 2126 suis
1289 2063 1698 2125 sacerdotibus
1742 2065 2135 2144 prophetavit.

833 2166 1005 2227 Nunc
1048 2166 1122 2227 ad
1161 2166 1352 2246 legem
1398 2164 1643 2245 proprie
1686 2174 1987 2239 nostram,
2035 2164 2097 2226 id
2140 2172 2235 2227 est
2277 2163 2381 2227 ¹ad
2408 2163 2822 2243 evangelium,
2864 2181 3019 2224 con-

657 2268 820 2330 versi
862 2267 1133 2348 qualibus
1179 2266 1504 2347 excipimur
1547 2265 1833 2346 exemplis
1851 2313 1867 2341 ‚
1913 2265 2055 2328 dum
2093 2266 2170 2328 ad
2213 2264 2541 2328 sententias
2580 2261 3017 2346 pervenimus?

656 2371 812 2432 Ecce
855 2368 1057 2430 statim
1100 2368 1270 2447 quasi
1313 2367 1376 2428 in
1418 2366 1658 2429 ’limine
1699 2366 1886 2429 'duae
1925 2367 2105 2428 nobis
2150 2367 2446 2429 antistites
2469 2366 2840 2438 Christianae
2866 2360 3019 2426 san·

661 2470 881 2530 utitatis
927 2476 1280 2541 occurrunt,
1339 2467 1717 2548 monogamia
1762 2476 1823 2529 et
1874 2468 2271 2542 continentia,
2337 2467 2448 2529 alia
2491 2467 2731 2548 pudica,
2792 2467 2855 2528 in
2898 2465 3017 2527 Za-

662 2569 858 2632 charia
902 2569 1242 2642 sacerdote,
1289 2568 1398 2630 alia
1442 2569 1672 2647 integra
1691 2616 1707 2642 ,
1752 2569 1815 2629 in
1857 2569 2080 2631 Ioanne
2122 2576 2541 2642 antecursore,
2586 2568 2701 2630 alia
2744 2568 3019 2647 ‘placans

661 2672 869 2744 deum,
916 2672 1027 2733 alia
1068 2670 1415 2751 praedicans
1459 2670 1791 2743 Christum,
1839 2670 1949 2732 alia
1993 2677 2187 2733 totum
2228 2671 2576 2751 praedicans
2619 2670 3019 2743 sacerdotem,

663 2771 774 2837 alia
816 2773 950 2854 plus
993 2773 1340 2852 praeterens
1383 2790 1557 2851 quam
1587 2771 1987 2852 ‘prophetem
2032 2772 2260 2835 scilicet
2301 2791 2437 2836 eum
2480 2772 2581 2852 qui
2626 2790 2751 2834 non
2788 2781 3023 2833 tantum

662 2873 1090 2956 praedicaverit
1132 2881 1234 2934 aut
1287 2872 1789 2935 demonstraverit
1842 2890 2072 2947 coram,
2137 2892 2345 2935 verum
2399 2874 2578 2936 etiam
2630 2871 3027 2952 baptizaverit

662 2974 984 3036 Christum.
1019 3024 1028 3029 .
1073 2973 1225 3047 Quis
1268 2975 1427 3037 enim
1473 2992 1708 3054 corpus-
1736 2973 1962 3035 domini
2016 2972 2257 3053 dignius
2311 2974 2569 3036 initiaret
2630 2993 2808 3054 quam
2853 2975 3023 3036 eius·

662 3075 824 3137 modi
891 3094 1028 3137 caro
1092 3075 1282 3154 qualis
1340 3083 1403 3136 et
1441 3075 1718 3154 concepit
1758 3074 1917 3136 illud·
1947 3083 2008 3137 et
2046 3073 2328 3154 peperit?
2409 3074 2485 3136 Et
2528 3073 2835 3137 Christum
2878 3074 3018 3155 qui-

663 3168 797 3238 dem
858 3176 1026 3257 virgo
1083 3177 1254 3238 enixa
1310 3183 1456 3249 est·,
1531 3175 1719 3237 semel
1770 3183 2025 3257 nuptura
2082 3175 2258 3256 ⁶post
2308 3184 2573 3255 partum,
2647 3185 2716 3237 ut
2766 3185 3025 3254 uterque

662 3277 913 3339 titulusb
958 3277 1287 3339 sanctitatis
1332 3278 1395 3339 in
1440 3276 1664 3339 Christi
1708 3294 1895 3337 censu
1939 3275 2451 3357 dispungeretur⁶,
2509 3294 2621 3356 per
2659 3284 2901 3338 matrem
2943 3282 3015 3335 et

658 3377 948 3458 virginem
992 3384 1053 3438 et
1096 3378 1406 3440 univiram.
1502 3376 1581 3439 At
1618 3377 1722 3469 ubi
1764 3377 1958 3439 infans
2003 3377 2224 3458 templo
2269 3377 2612 3452 exhibetur,
2670 3376 2800 3458 quis
2840 3374 3013 3437 illum

659 3477 726 3540 in
767 3495 982 3539 manus
1028 3477 1326 3560 suscipit?
1370 3478 1503 3557 quis
1548 3479 1612 3539 in
1658 3478 1873 3557 spiritu
1914 3478 2144 3559 primus
2188 3476 2507 3558 agnoscit?
2566 3478 2669 3540 Vir
2711 3479 2906 3539 iustus
2950 3484 3014 3537 et

617 3688 623 3693 ⁶
665 3695 746 3749 19.
783 3704 831 3746 et
865 3697 906 3747 si
940 3695 1066 3746 Aac.
1170 3695 1252 3750 20.
1288 3697 1393 3748 Nou
1431 3706 1590 3748 autem
1628 3698 1669 3749 is
1704 3711 1924 3759 summus
1963 3698 2085 3750 Aac.
2191 3697 2272 3749 21.
2311 3713 2463 3759 agnus
2492 3680 2597 3749 Ἰοε.
2624 3699 2849 3763 διαὶίςετ.
2930 3696 3023 3748 22-

662 3764 793 3832 quod
830 3763 880 3814 B.
986 3762 1070 3814 23.
1107 3765 1268 3815 unitus
1302 3765 1392 3816 ΑΒ.
1497 3765 1580 3816 24.
1616 3781 1776 3830 neque
1811 3768 1902 3831 ipsi
1942 3766 2116 3817 mortui
2153 3769 2226 3818 cd.
2329 3764 2413 3816 25.
2450 3765 2511 3815 de
2546 3766 2638 3815 deo
2676 3782 2717 3816 c.

798 3832 917 3897 Cap.
953 3831 1073 3882 Vm.
1159 3833 1203 3884 1.
1240 3831 1302 3883 ad
1338 3834 1635 3896 evangelium
1671 3836 1744 3885 cd.
1780 3835 1901 3885 liber
1937 3834 2176 3884 clementis
2212 3839 2255 3883 et
2290 3841 2382 3883 tres
2424 3833 2646 3885 Vaticani.
2717 3833 3023 3896 evangelium

659 3900 846 3951 Asoat.
951 3897 999 3949 2.
1036 3901 1219 3950 lumine
1252 3900 1339 3951 AB.
1445 3901 1492 3950 3.
1530 3903 1654 3951 duae
1690 3904 1793 3952 bed.
1875 3902 1971 3950 duo
2005 3903 2193 3965 reliqui.
2296 3901 2346 3951 4.
2380 3915 2619 3964 praecauti
2652 3902 2703 3951 A.
2810 3902 2859 3950 5.
2896 3915 3019 3966 pro—

662 3969 842 4032 pheten
877 3967 931 4029 (A
945 3969 1096 4027 ?)bcd.
1180 3969 1479 4032 prophetans
1513 3970 1699 4034 reliqui.
1804 3968 1852 4019 6.
1888 3977 2002 4033 post
2042 3969 2226 4019 ABCcd.
2271 3969 2475 4019 Vaticani
2507 3975 2617 4019 tres.
2704 3969 2767 4017 ob
2805 3972 2881 4020 ab.

731 4136 780 4184 h.
834 4135 1132 4191 sacerdotes,
1168 4136 1258 4185 deo
1313 4137 1438 4201 patri
1502 4150 1592 4185 suo
1647 4131 1782 4201 tecit]
1885 4136 2100 4201 quidem,
2135 4138 2306 4201 iuquit,
2343 4136 2462 4186 nibil
2498 4135 2709 4201 amplius
2731 4136 2842 4186 dico
2866 4148 3017 4199 qum

662 4202 733 4253 De
782 4202 876 4251 hoc
926 4201 1036 4252 loco
1097 4203 1158 4253 cr.
1209 4203 1278 4252 De
1326 4204 1570 4253 Exhortat.
1619 4202 1786 4254 Castit.
1887 4206 2124 4257 ecclesiae
2162 4205 2405 4255 hominem
2443 4219 2541 4253 non
2568 4203 2772 4253 fuisse.“
2827 4204 3013 4263 Quibus

666 4284 773 4333 cap.
792 4267 839 4316 ⁷.
1887 4272 2045 4321 verbis
2069 4273 2308 4334 significat
2322 4273 2609 4336 Septimium
2633 4271 2864 4321 uouuulia
2886 4274 3008 4321 seri·

734 4337 852 4400 Cap.
885 4334 1005 4385 Vm.
1094 4350 1135 4385 a.
1189 4335 1248 4385 Et
1297 4336 1541 4387 Christum
1590 4338 1786 4402 quidem
1888 4340 2047 4404 psisse
2093 4339 2346 4391 catholicis
2395 4340 2593 4389 minime
2630 4337 3010 4389 consentanea-'⁵‘

663 4405 795 4465 virgo
844 4403 978 4454 enixa
1028 4398 1125 4467 est]
1173 4404 1305 4453 Hanc
1340 4404 1623 4456 Tertuliiaui
1673 4421 1790 4456 sen·
1887 4406 2103 4470 (Rigalt.)

662 4472 861 4522 tentiam
916 4470 1160 4527 adserenti
1219 4471 1434 4522 Helvidio
1505 4474 1790 4524 contradixit
1955 4474 2005 4523 b.
2040 4468 2233 4538 titulus]
2270 4474 2343 4525 ct.
2364 4474 2527 4525 adnot.
2545 4472 2823 4537 adApolog.
2844 4486 2946 4536 cap.
2964 4472 3015 4523 1.

666 4537 985 4602 metonymus
1021 4535 1154 4604 [Λᾶν.
1173 4538 1438 4589 Helvidium
1461 4556 1509 4605 p.
1530 4540 1643 4591 141.
1670 4549 1786 4592 tom.
1958 4557 2000 4592 c.
2032 4536 2436 4605 dispungeretur]
2473 4542 2577 4592 Hoc
2598 4550 2675 4591 est
2709 4542 3023 4604 probaretur.

661 4605 740 4656 IV.
785 4607 862 4657 ed.
909 4601 1180 4672 Benedict.]
1236 4607 1332 4669 „Et
1382 4607 1443 4658 de
1489 4608 1789 4660 Tertulliano
1891 4609 1965 4662 ct.
2001 4609 2063 4661 de
2082 4624 2141 4660 eo
2161 4609 2307 4661 verbo
2326 4606 2486 4660 adnot.
2507 4609 2569 4658 ad
2584 4608 2787 4674 apolog.
2808 4603 3027 4671 capav-
