3263 5311
1279 1239 1410 1302 DE

175 1357 1338 1551 ‘VIRGINIBUS
1468 1435 2511 1561 VELANDIS.

345 1873 677 1985 Proprium
719 1904 838 1969 iam
879 1906 1186 1985 negotium
1226 1925 1444 1986 passus
1489 1926 1658 1971 meae
1722 1907 2061 1987 opinionis·
2103 1907 2315 1973 Latine
2358 1929 2513 1990 que-
2551 1930 2658 1988 cap.
2678 1932 2716 1976 1.

165 2023 286 2084 que
326 2005 635 2069 ostendam
679 2005 939 2085 virgines
985 2008 1000 2039 ¹
1018 2016 1260 2071 nostras
1316 2008 1498 2073 velari
1559 2016 1841 2088 oportere
1895 2028 1967 2071 ex
2030 2028 2151 2089 qno
2196 2012 2515 2075 transitum

166 2107 373 2171 aetatis
415 2125 559 2171 suae
601 2106 882 2170 fecerint:
926 2107 1043 2171 hoc
1086 2108 1323 2188 exigere
1350 2109 1691 2179 veritatem.
1735 2108 1830 2171 cui
1858 2127 2037 2173 nemo
2064 2111 2513 2190 praescribereb

163 2208 391 2289 potest,
436 2226 558 2269 non
602 2208 860 2287 spatium
903 2217 1272 2288 temporum,
1337 2227 1463 2270 non
1505 2208 1867 2288 ²patrocinia
1909 2228 2340 2289 personarum,
2385 2230 2511 2274 non

160 2307 528 2388 privilegium
581 2309 915 2388 regionum.
1029 2308 1118 2371 Ex
1159 2309 1274 2369 his
1327 2309 1486 2371 enim
1537 2310 1665 2371 fere
1719 2311 2091 2372 consuetudo
2148 2311 2381 2374 initium
2437 2312 2510 2375 ab

155 2407 352 2487 aliqua
392 2409 726 2488 ignorantia
768 2410 862 2472 vel
907 2409 1282 2489 simplicitate
1327 2409 1538 2475 sortita
1579 2410 1645 2471 in
1689 2428 1864 2471 usum
1906 2428 2015 2490 per
2057 2411 2508 2475 successionem

127 2509 583 2573 -corrohoratur
626 2519 686 2571 et
727 2512 809 2573 ita
852 2511 1137 2573 adversus
1193 2510 1502 2575 veritatem
1555 2494 1937 2575 'vindicattih
2046 2512 2166 2575 Sed
2222 2513 2791 2579 donimanum-,m

153 2618 368 2674 noster
410 2610 686 2712 Christus
740 2612 1052 2676 veritatem
1108 2631 1206 2688 se,
1278 2630 1408 2675 non
1460 2612 1984 2689 consuetudinem,
2050 2586 2539 2694 cognominavit.

145 2711 223 2774 Si
279 2731 519 2794 semper
561 2713 866 2790 Christus,
920 2722 981 2776 et
1035 2714 1207 2795 prior
1262 2713 1572 2789 omnibus,
1628 2732 1838 2802 aeque&
1867 2715 2088 2803 yeritas
2146 2716 2511 2796 sempiterna

149 2820 217 2874 et
259 2814 502 2894 antiqua
543 2833 668 2877 res.
756 2814 1024 2880 Viderint
1066 2833 1209 2895 ergo
1253 2815 1464 2895 quibus
1519 2833 1739 2878 novum
1796 2824 1892 2878 est
1946 2816 2108 2896 quod
2166 2816 2283 2878 sibi
2335 2823 2507 2878 vetus

145 2925 268 2977 est.
336 2915 667 2978 ⁴Haereses
711 2934 834 2978 non
879 2925 997 2978 tam
1041 2916 1272 2978 novitas
1311 2933 1487 2997 quam
1527 2916 1747 2978 veritas
1788 2916 2088 2980 revincit·.
2176 2917 2505 2991 Quodcun-
2540 2929 2567 2988 f

154 3033 278 3094 que
321 3016 612 3078 adversus
659 3016 967 3078 veritatem
1012 3016 1199 3097 sapit,
1243 3017 1359 3078 hoc
1402 3016 1518 3077 erit
1556 3017 1824 3079 haeresis
1846 3064 1861 3092 ,
1919 3018 2097 3079 etiam
2137 3025 2310 3081 vetus
2355 3035 2505 3080 con-

137 3117 431 3178 suetudo.
521 3117 798 3180 Ceterum
844 3137 956 3180 suo
1000 3119 1144 3180 vitio
1189 3118 1321 3197 quis
1365 3117 1507 3197 quid
1549 3117 1803 3197 ignorat.
1881 3118 2057 3192 Quod
2102 3127 2299 3180 autem
2326 3119 2514 3197 igno-³

131 3224 311 3279 ratur
377 3218 492 3280 suit
559 3226 680 3280 tam
743 3219 1169 3298 requirendum
1239 3236 1414 3298 quam
1466 3217 1873 3297 recipiendum
1929 3219 2089 3298 quod
2142 3219 2503 3298 agnoscitur.

129 3316 372 3397 Regula
419 3319 662 3398 quidem
704 3319 843 3380 fidei
886 3338 1003 3381 una
1047 3320 1291 3382 omnino
1337 3327 1464 3392 est,
1537 3318 1666 3379 sola
1720 3319 2079 3381 ‘immobilis
2137 3328 2197 3381 et
2252 3319 2501 3382 irrefor-

125 3418 418 3493 mabilis,
487 3420 766 3482 credendi
824 3419 1049 3482 scilicet
1101 3420 1164 3481 in
1207 3420 1448 3481 unicum
1489 3418 1664 3481 deum
1729 3420 2229 3501 omnipotentem,
2294 3420 2503 3484 mundi

121 3519 557 3594 conditorem,
604 3531 662 3582 et
703 3521 887 3582 filium
933 3521 1062 3584 eius
1091 3521 1292 3583 lesum
1322 3520 1653 3593 Christum,
1699 3527 1905 3582 natum
1948 3539 2019 3582 ex
2052 3520 2278 3600 virgine
2294 3520 2501 3594 Maria,

275 3707 402 3771 Cap.
444 3705 480 3755 1.
575 3705 614 3754 l.
654 3715 837 3756 vestras
874 3708 991 3757 liber
1026 3710 1224 3771 scriptus
1260 3707 1472 3757 biblioth.
1507 3708 1844 3757 Laurentianus
1878 3723 1925 3756 n.
1956 3707 2051 3768 ΙΙΙ,
2087 3709 2204 3770 plut.
2227 3708 2377 3756 XXVI.
2449 3706 2498 3755 2.

115 3774 405 3837 patrocinii
442 3771 682 3838 A(m.pr.)
701 3775 751 3824 B.
790 3775 907 3824 liber
925 3776 1278 3825 Laurentianus.
1350 3774 1671 3838 patrocinium
1709 3777 1758 3824 Α.
1782 3789 1844 3823 m.
1868 3790 1958 3824 sec.
2031 3773 2079 3822 3.
2114 3774 2391 3822 vendicetur
2407 3774 2495 3824 AB.

111 3841 174 3889 4.
219 3840 484 3890 haereseis
521 3843 655 3891 abed.
727 3842 1010 3890 haeresibus
1032 3841 1085 3891 A.
1154 3841 1370 3891 haeresis
1405 3842 1458 3891 B.
1481 3842 1834 3891 Laurentianus.
1925 3841 1972 3890 5.
2012 3839 2300 3890 inviolabilis
2337 3847 2385 3889 et
2419 3842 2496 3889 in-

111 3909 528 3958 reformidabiiis
575 3909 928 3959 Laurentianus.

133 4045 150 4058 '
190 4043 324 4105 Cep.
366 4042 406 4092 1.
482 4055 524 4091 a.
577 4041 832 4106 Proprium
881 4043 975 4092 iam
1026 4044 1269 4105 negotium
1376 4041 1582 4105 quadam
1630 4040 1860 4090 adversus
1896 4042 2124 4101 Graecos,
2172 4055 2280 4090 cum
2318 4048 2366 4091 et
2399 4043 2494 4092 vir-

110 4124 312 4174 passus
355 4123 499 4159 meae
536 4106 805 4176 opinionis]
842 4112 1116 4174 Scripserat
1149 4111 1270 4160 Ter·
1373 4109 1510 4171 gines
1557 4108 1702 4158 velari
1752 4113 1979 4171 oportere
2032 4108 2191 4158 acrias
2245 4110 2370 4159 forte
2406 4109 2495 4160 ad·

110 4176 374 4226 tullianus
411 4184 668 4227 tractatum
714 4177 775 4226 de
808 4178 1032 4228 Vetandis
1067 4178 1268 4240 Virgini·
1371 4176 1623 4235 seruisset,
1663 4176 1953 4226 Graecorum
2003 4176 2229 4226 conviciis
2265 4185 2493 4241 exceptus

110 4246 214 4294 bus
237 4245 443 4294 Graeco
479 4258 727 4304 sermone,
763 4259 821 4295 ac
854 4245 1055 4309 perinde
1085 4246 1151 4295 ait
1179 4245 1272 4294 hoo
1372 4259 1429 4293 ac
1463 4257 1558 4307 pro
1591 4244 1834 4293 haeretico
1872 4244 2133 4305 exagitatus
2154 4258 2264 4295 esse
2289 4245 2492 4296 videtur.

110 4311 390 4372 negotium
429 4311 525 4362 iam
576 4327 685 4361 esse
720 4327 861 4362 snum
898 4314 1169 4377 proprium,
1218 4319 1272 4361 ut
1373 4311 1585 4372 (Rigalt.)

110 4379 202 4442 qui
246 4379 415 4428 semei
455 4380 734 4445 opinionem
757 4379 889 4429 illam
917 4380 1268 4431 defendendam
1411 4379 1488 4428 ὼ.
1525 4373 1885 4444 praescribere]
1922 4378 1968 4428 V.
1992 4377 2053 4428 de
2088 4378 2182 4430 boc
2197 4378 2341 4429 verbo
2367 4392 2493 4442 qnae

110 4447 434 4508 msceperit.
493 4447 619 4509 Ergo
657 4448 740 4508 ait,
775 4462 951 4510 passus
985 4448 1078 4498 iam
1117 4447 1270 4497 semel
1372 4444 1591 4496 adnotavi
1629 4447 1689 4495 ad
1723 4445 1925 4510 Apolog.
1962 4446 2170 4510 cap.''1..

111 4514 390 4574 negotium
439 4513 772 4564 detendendae
825 4528 960 4564 meae
1008 4515 1269 4579 opinionis,
1439 4529 1482 4563 c.
1530 4510 1771 4578 revincit]
1825 4514 1897 4563 ct.
1934 4513 2098 4564 adnot.
2135 4513 2194 4563 ad
2242 4513 2312 4562 De
2358 4514 2511 4563 Test:

110 4581 231 4631 stilo
278 4581 500 4643 Graeco,
547 4582 594 4631 id
650 4584 808 4644 ipsum
846 4582 1096 4632 ostendam
1144 4597 1268 4645 qno·
1369 4581 1454 4630 An.
1493 4595 1599 4643 cap.
1624 4581 1665 4629 1.
1716 4589 1766 4630 et
1816 4580 1877 4630 ad
1911 4580 1980 4632 De
2017 4579 2161 4630 enim
2196 4581 2326 4630 Fem.
2359 4580 2493 4642 u,6.
2598 4609 2621 4628 .-

110 4663 210 4714 ,σε
265 4648 477 4700 Latino.
524 4649 611 4712 (La
647 4648 840 4710 Cei-da.)
936 4649 1267 4714 Disputatione
1369 4656 1417 4698 et
1451 4650 1678 4713 inter-prr.
1718 4647 1779 4698 ad
1811 4646 1948 4713 Apul.
1986 4646 2056 4696 De
2091 4647 2242 4710 Uagia
2279 4647 2316 4708 1,
2343 4648 2387 4697 1.

1972 4727 2086 4781 56*
