3263 5311
777 414 904 484 804
1297 427 1501 479 oumrr
1546 425 1812 471 snrrnm
1852 425 2186 472 nonanus
2231 424 2618 470 rsnruttum

780 580 854 642 de
897 580 1092 644 sutura
1133 576 1443 640 ‘laborat'
1517 575 1642 640 Sed
1687 576 1816 638 ovis
1860 576 2105 656 proprie
2150 575 2550 650 Christianus,
2605 582 2663 636 et
2703 591 2825 652 grex
2862 570 3021 634 domini

782 678 1068 743 ecclesiae
1123 677 1413 758 populus,
1483 686 1543 740 et
1593 686 1804 757 pastor
1844 676 2041 739 honus
2087 676 2393 751 ChristuS,
2460 656 2520 739 εἰ
2570 676 2700 737 ideo
2741 672 3024 736 Christianus

723 771 744 788 ‘
781 782 878 843 ⁷in
921 799 1032 842 ove
1075 778 1538 857 intellegendus,
1584 779 1687 858 qui
1730 778 1804 840 ab
1849 777 2133 841 ecclesiae
2176 796 2357 857 grege
2401 776 2692 840 erraverit.
2760 774 2901 854 Ergo
2929 769 3025 834 nihil

783 883 857 944 ad
899 880 1352 962 pharisaeorum
1397 879 1874 942 mussitationem
1920 880 2314 960 respondisse
2355 878 2445 940 vis
2489 878 2809 949 dominum,
2870 872 2953 936 sed
2980 870 3024 932 sd

781 993 945 1046 tuam
996 981 1562 1062 praesumptionem.
1601 1006 1614 1016 ·
1678 980 1753 1043 Et
1792 965 2002 1044 'tamen
2057 981 2140 1044 ita
2195 998 2324 1044 eam
2380 979 2670 1043 vindicare
2710 973 2944 1048 debebis,
2985 979 3026 1034 nt

783 1101 967 1163 neges
1010 1082 1071 1146 in
1116 1082 1414 1144 ethnicum
1458 1089 1800 1162 competere
1858 1101 2007 1162 quae
2058 1082 2123 1143 in
2165 1080 2567 1144 Christianum
2618 1079 2890 1142 existimas
2929 1091 3022 1137 cou-

781 1184 1005 1247 venire.
1072 1182 1177 1245 Dic
1219 1182 1394 1259 mihi,
1441 1182 1675 1245 ‘nonne
1719 1201 1897 1246 omne
1938 1182 2250 1248 hominum
2291 1201 2481 1264 genus
2510 1200 2664 1244 unus
2692 1179 2780 1242 dei
2805 1170 3024 1259 gruel?
3080 1163 3081 1176 ¹

783 1303 984 1348 nonne
1028 1285 1437 1348 universarum
1482 1284 1748 1364 gentium
1789 1285 1949 1346 idem
2004 1285 2152 1347 deus
2210 1291 2270 1347 et
2312 1284 2594 1346 dominus
2636 1290 2695 1344 et
2730 1287 2909 1361 pastor
2939 1269 3023 1337 est?

785 1386 936 1460 Quis
988 1385 1177 1464 magis
1231 1386 1388 1465 perit
1442 1404 1477 1447 a
1531 1385 1646 1447 deo
1703 1405 1878 1466 quam
1934 1385 2238 1458 ethnicae,
2313 1385 2596 1465 quamdiu
2647 1379 2865 1445 ”erratY
2933 1375 3022 1450 Qui!

781 1487 973 1566 magis
1014 1485 1339 1565 requiritur
1381 1505 1415 1547 a
1457 1485 1570 1548 deo
1615 1505 1791 1567 quam
1830 1487 2131 1562 ethnicus,
2176 1486 2412 1566 quando
2441 1494 2746 1548 revocatur
2770 1501 2801 1545 a
2826 1473 3023 1544 Christo?
3080 1487 3081 1516 ³

781 1588 1053 1668 Denique
1097 1587 1392 1649 antecedit
1417 1586 1516 1649 hic
1545 1587 1695 1650 ordo
1725 1590 1789 1650 in
1819 1588 2104 1664 ethnicis3
2150 1587 2441 1667 siquidem
2468 1605 2594 1650 non
2620 1586 2781 1650 aliter
2799 1574 3022 1645 Christiani

784 1708 856 1752 ex
886 1687 1137 1751 ethnicis
1166 1689 1318 1750 fiunt
1360 1688 1479 1750 nisi
1505 1689 1674 1769 prius
1704 1689 1919 1769 perditi
1966 1700 2026 1751 et
2052 1710 2088 1752 a
2118 1690 2231 1751 deo
2272 1689 2549 1770 requisiti
2592 1696 2653 1752 et
2686 1706 2720 1751 a
2744 1683 2938 1748 Christo
2963 1696 3021 1739 re-
3080 1673 3081 1692 *

781 1789 1022 1872 portati.
1066 1789 1154 1851 Ita
1184 1789 1357 1851 etiam
1390 1779 1548 1851 huuc
1578 1791 1849 1853 ordinem
1882 1792 2109 1854 servari
2137 1799 2397 1873 oportet,
2440 1798 2509 1852 ut
2536 1791 2601 1853 in
2632 1807 2736 1852 eos
2763 1787 2863 1850 tale
2883 1775 3023 1859 aliquid

784 1890 1248 1971 interpretemur
1290 1889 1352 1952 in
1399 1889 1615 1971 quihus
1660 1892 1830 1971 prius
1865 1891 2032 1954 ¹⁰est.
2097 1892 2174 1955 At
2203 1900 2300 1967 tu,
2347 1892 2596 1973 opinor,
2642 1891 2754 1953 hoc
2779 1884 2960 1956 uvolis,
2985 1887 3039 1938 ¹11

675 2033 680 2037 -
785 2011 954 2054 ovem
997 2009 1121 2054 non
1164 1990 1240 2052 de
1281 2008 1462 2071 grege
1503 1991 1798 2072 perditam
1839 1993 2089 2068 faceret,
2137 1995 2246 2057 sed
2288 1991 2364 2056 de
2406 2012 2546 2057 arca
2572 1992 2664 2055 vel
2691 1989 2925 2054 armario.
2966 1973 3022 2041 St

782 2093 893 2155 etsi
939 2092 1310 2154 ethnicorum
1356 2092 1650 2172 reliquum
1692 2111 2005 2157 numerum
2037 2094 2314 2158 ¹²iustum
2357 2095 2471 2170 ait,
2516 2114 2642 2159 non
2670 2093 2797 2157 ideo
2824 2083 3019 2153 Clitis&-

780 2211 896 2258 nos
941 2210 1081 2256 esse
1126 2194 1419 2267 ostendit,
1495 2212 1630 2258 cum
1671 2194 1905 2260 ludaeis
1966 2195 2202 2275 ¹³agens
2259 2204 2321 2259 et
2361 2195 2496 2259 illos
2545 2216 2679 2260 cum
2721 2192 2927 2258 maxime
2955 2182 3019 2244 ob·

785 2295 1079 2369 tundens,
1145 2294 1307 2375 quod
1362 2294 1810 2375 indignarentur
1866 2296 1997 2377 spei
2041 2298 2448 2361 ethnicorum:
2516 2299 2627 2362 sed
2670 2305 2740 2361 ut
2774 2287 3021 2375 cuprinumt

783 2397 1071 2459 adversus
1115 2396 1362 2458 livorem
1404 2396 1852 2476 pharisaeorum
1883 2416 2051 2462 suam
2081 2399 2327 2479 gratiam
2369 2408 2431 2462 et
2455 2397 2897 2464 benevolentiam
2913 2389 3017 2452 aim

785 2497 939 2559 circa
985 2515 1165 2560 uuum
1210 2496 1541 2572 ethnicum,
1591 2498 1943 2578 praeposuit
1982 2499 2161 2562 unius
2202 2500 2538 2579 peccatoris
2583 2500 2818 2564 salutem
2855 2513 2908 2557 ex
2931 2504 3015 2569 W·

785 2597 1033 2663 nitentia
1077 2615 1252 2678 quarn
1295 2597 1534 2661 illorum
1577 2617 1651 2661 ex
1691 2599 1936 2663 iustitia.
2032 2600 2152 2662 Aut
2205 2601 2491 2683 numquid
2550 2619 2676 2666 non
2727 2597 2852 2664 iusti
2882 2584 3017 2657 ludaei.

731 2766 738 2775 ‚
786 2708 848 2762 et
889 2699 1106 2778 quihus
1134 2699 1496 2781 paenitentia
1527 2719 1681 2780 opus
1711 2720 1835 2763 non
1868 2708 2065 2776 esset,
2116 2701 2493 2767 ¹³¹’habentes
2529 2699 2889 2784 gubernacula
2909 2687 3019 2755 disti·

782 2800 979 2880 plinae
1023 2810 1084 2863 et
1125 2801 1358 2863 timoris
1403 2802 1799 2865 instrumenta
1852 2803 2043 2883 legem
2099 2813 2159 2866 et
2210 2805 2629 2891 prophetas}
2691 2800 2876 2866 Posuit
2914 2792 3020 2873 ψ

783 2900 919 2963 illos
966 2903 1028 2963 in
1069 2901 1381 2981 parabola,
1428 2911 1490 2965 et
1533 2904 1586 2966 si
1629 2923 1755 2967 non
1798 2904 2004 2985 quales
2049 2914 2251 2982 erant,
2308 2906 2417 2968 sed
2460 2899 2670 2985 quales
2713 2922 2836 2967 esse
2877 2895 3017 2960 debue-

741 3006 949 3075 'rant‚
1018 3021 1135 3083 quo
1189 3003 1378 3084 magis
1437 3005 1924 3069 suffunderentur
1939 3012 1981 3081 ⁶,
2047 3006 2178 3068 aliis
2247 3014 2309 3069 et
2361 3025 2485 3069 non
2534 2996 2665 3071 “sihi
2715 2991 3019 3087 paenitentiam

784 3098 1089 3167 audientes
1132 3104 1550 3169 necessariam.
1621 3106 1882 3170 Proinde
1914 3107 2280 3170 ¹“drachmae
2306 3106 2682 3191 parabolam,
2725 3115 2785 3169 ut
2815 3121 2875 3165 ex
2893 3095 3020 3160 eadm

783 3204 1031 3268 materia
1089 3214 1503 3286 provocatam,
1575 3207 1816 3289 ¹⁸aeqne
1869 3209 1930 3270 in
1987 3208 2288 3272 ethnicum
2343 3210 2825 3291 interpretamur,
2875 3197 2956 3262 etsi
2987 3189 3022 3251 in

785 3282 965 3368 domo
1010 3306 1320 3380 amissam,
1368 3308 1538 3388 quasi
1581 3307 1646 3371 in
1691 3309 1971 3384 ecclesia,
2018 3311 2133 3373 etsi
2177 3312 2250 3374 ad
2278 3310 2560 3373 lucernae
2587 3310 2780 3374 lumen
2806 3306 3022 3383 repefflfflae

784 3407 954 3486 quasi
998 3407 1071 3469 ad
1116 3406 1213 3470 dei
1256 3408 1520 3471 verbum.
1584 3408 1801 3490 Atquin
1844 3418 2009 3472 totus
2053 3412 2150 3474 hic
2189 3412 2446 3477 mundus
2473 3431 2597 3475 una
2627 3410 2867 3475 omnium
2888 3400 3023 3463 ‘lm'

784 3515 908 3582 est,
953 3508 1016 3568 in
1059 3526 1178 3587 quo
1223 3509 1411 3589 magis
1460 3510 1502 3543 ¹⁸
1517 3510 1757 3573 ethnico
1803 3511 1988 3590 gratia
2031 3512 2126 3575 dei
2168 3513 2419 3588 inlucet,
2477 3514 2583 3594 qui
2626 3514 2686 3574 in
2728 3501 2937 3572 tenditis
2964 3494 3023 3554 5¹¹·

781 3608 1048 3684 venitur,
1095 3627 1272 3689 quam
1316 3608 1739 3686 ”chi-istisne),
1804 3612 1903 3692 qui
1948 3613 2066 3675 iam
2110 3613 2171 3676 in
2215 3614 2312 3676 dei
2353 3614 2485 3677 luce
2544 3622 2660 3677 est.
2751 3605 2959 3682 Denique
2991 3598 3025 3651 θ’

785 3709 879 3770 ovi
924 3717 985 3770 et
1027 3709 1341 3773 drachmae
1381 3729 1539 3775 unus
1581 3729 1757 3773 error
1799 3711 2170 3776 adscribitur.
2229 3714 2378 3777 Nam
2408 3715 2460 3777 si
2490 3715 2701 3778 iamin
2730 3704 3023 3774 chfistimw
3080 3754 3081 3763 κ

780 3819 1152 3893 peccatorem
1195 3808 1667 3892 defingerentur,
1723 3823 1866 3894 post
1906 3813 2084 3881 fidem
2127 3815 2418 3896 perditam
2470 3825 2532 3879 et
2580 3817 2783 3880 iterata
2821 3794 3023 3869 ”W

781 4029 832 4082 6.
868 4030 1115 4083 laboretur
1150 4036 1201 4083 A.
1308 4032 1355 4082 7.
1404 4034 1453 4083 in
1489 4048 1575 4085 ove
1626 4033 1711 4084 GD.
1749 4035 1867 4085 liber
1903 4035 2159 4086 Clementis.
2248 4051 2347 4089 non
2379 4037 2469 4088 AB.
2552 4037 2699 4087 hoino
2744 4033 2860 4086 mo.
2892 4025 3023 4074 Μ·

782 4095 832 4151 8.
867 4112 1028 4149 nonne
1065 4114 1209 4148 omne
1245 4100 1496 4151 hominum
1535 4101 1624 4151 CB.
1660 4102 1780 4151 liber
1817 4101 2074 4153 Clementis.
2143 4116 2304 4153 nonne
2339 4105 2590 4156 hominum
2625 4103 2801 4167 reliqui.
2880 4092 2919 4143 9·
2945 4093 3023 4134 ‘'T''

779 4172 860 4221 tur
891 4167 943 4215 A.
1051 4166 1130 4217 10.
1170 4174 1245 4217 est
1278 4170 1434 4219 om-A.
1544 4167 1625 4217 11.
1665 4167 1813 4219 velles
1851 4170 1923 4231 D„
1961 4170 2091 4220 Fulv.
2125 4171 2334 4221 Ursinus.
2442 4170 2521 4223 12.
2558 4173 2733 4223 iustum
2768 4168 2833 4227 D„
2863 4148 3025 4221 Ἑώ·ὓ.’

782 4233 929 4285 nm.
1004 4233 1146 4285 istum
1182 4235 1367 4299 nuqua.
1475 4234 1555 4284 13.
1594 4234 1779 4284 habens
1808 4237 1858 4286 A.
1967 4236 2088 4288 131).
2127 4239 2418 4291 habentibus
2451 4242 2572 4291 mm
2607 4236 2848 4289 camma.
2924 4220 3024 4273 ¹⁴·-

782 4299 1040 4349 drachmae
1076 4300 1324 4363 pambon,
1379 4309 1431 4350 ut
1478 4316 1534 4351 ex
1568 4303 1737 4351 eadem
1789 4304 1988 4354 materia
2038 4314 2314 4369 provocatu,
2362 4322 2513 4373 aeque
2561 4307 2796 4357 ethnicum
2834 4290 3025 4347 ‘'mu''

781 4369 1156 4432 interpretamur
1188 4369 1262 4429 D„
1300 4369 1430 4419 Fulv.
1452 4369 1660 4420 Ursinus.
1760 4370 1842 4421 15.
1877 4386 2030 4437 aeque
2064 4366 2112 4423 in
2149 4374 2392 4425 ethnicum
2432 4375 2477 4426 G.
2512 4375 2633 4425 liber
2650 4368 2882 4425 amentis-
2935 4358 3028 4412 ’θ’

784 4435 1026 4487 ethnicum
1061 4436 1247 4499 reliqui.
1340 4434 1419 4485 16.
1457 4437 1504 4487 in
1541 4437 1734 4488 ethnico
1768 4439 1845 4500 D„
1882 4439 2011 4490 Fulv.
2035 4440 2245 4492 Ursivms.
2338 4443 2416 4493 17.
2454 4443 2500 4493 iu
2536 4440 2801 4492 Christi-uo
2830 4429 2933 4483 ΔΒΗ·
2980 4410 3028 4464 ¹⁸·

783 4503 1047 4553 amissione
1082 4517 1250 4553 eorum
1287 4511 1334 4553 et
1368 4504 1672 4557 restitutione
1708 4514 1993 4558 tractaretur
2023 4507 2076 4558 A.
2560 4510 2567 4517 “

854 4648 898 4684 e.
935 4634 1353 4703 suffunderentur]
1387 4639 1464 4692 Cf.
1498 4640 1662 4692 adnot.
1694 4641 1755 4692 ad
1786 4640 2035 4707 Scorpiac.
2071 4656 2180 4707 cup.
2202 4642 2285 4695 1⁰.
