3263 5311
2402 316 2530 383 243

1108 322 1583 375 aronoessrtclm.

192 476 523 541 ¹'solemnia
547 475 870 539 Caesarum
915 494 1036 556 quo
1062 495 1232 539 more
1257 478 1541 541 celebrari
1572 497 1686 542 nec
1712 479 2005 543 modestia
2036 499 2147 545 nec
2175 482 2531 548 verecundia

191 597 294 641 nec
330 576 616 659 pudicitia
656 577 1028 657 permittunt,
1071 578 1181 639 sed
1224 583 1459 642 occasio
1504 580 1824 661 voluptatis
1868 582 2055 661 magis
2102 600 2278 662 quam
2300 584 2530 665 ¹⁹digna

191 679 330 741 ratio
371 677 707 759 persuasit,
751 678 929 740 fidem
972 685 1033 740 et
1069 678 1378 742 veritatem
1404 680 1719 743 ²⁰vestram
1762 681 2207 757 demonstrare,
2253 703 2329 747 ne
2373 687 2530 749 forte

191 787 246 842 et
281 777 516 841 ²¹isthic
568 778 900 841 deteriores
945 778 1302 842 Christianis
1355 780 1930 861 ”deprehendantur
1993 783 2091 862 qui
2148 801 2261 846 nos
2318 786 2531 850 nolunt

190 880 480 942 Romanos
535 878 777 953 baberi,
841 878 1006 941 ²'sed
1061 889 1127 943 ut
1180 880 1391 943 hostes
1444 881 1781 962 principum
1822 882 2250 947 Romanorum.
2347 886 2525 966 Ipsos

191 979 473 1054 Quirites,
517 979 767 1060 ”ipsam
795 980 1220 1042 -vemaculamr
1261 989 1495 1062 septem
1537 981 1774 1044 collium
1817 982 2052 1063 plebem
2094 984 2403 1060 convenio,
2448 1004 2525 1049 an

189 1079 352 1145 alione
392 1079 628 1143 Caesari
672 1099 786 1142 suo
829 1089 1031 1161 parcat
1072 1080 1170 1143 illa
1211 1081 1412 1161 lingua
1453 1080 1771 1144 Romana?
1833 1082 2034 1147 Testis
2076 1083 2227 1146 ¹“est
2265 1084 2522 1161 Tiberis,

189 1189 248 1242 et
271 1180 557 1242 ²'scholae
585 1180 911 1243 bestiarum
922 1195 969 1241 ⁴¹.
1049 1181 1172 1243 Iam
1204 1181 1256 1243 si
1286 1180 1630 1262 pectoribus
1661 1182 1791 1244 ”ad
1821 1183 2299 1246 translucendum
2329 1204 2522 1265 quan-

193 1366 264 1417 18.
296 1368 550 1417 sollemnia
572 1368 834 1418 Caesarum
872 1368 1117 1430 quomodo
1155 1368 1442 1418 celebranda
1479 1369 1674 1419 occasio
1724 1368 1978 1418 voluntatis
2015 1370 2167 1431 tnagis
2198 1384 2343 1434 quam
2376 1372 2523 1435 digna

188 1434 300 1484 ratio
332 1436 576 1500 persuasit
607 1435 648 1485 si
686 1449 777 1484 nec
813 1435 1045 1485 modestia
1081 1450 1173 1485 nee
1194 1436 1476 1486 verecundia
1500 1436 1785 1500 permittunt
1807 1435 1949 1485 fldem
1970 1443 2017 1486 et
2033 1434 2276 1487 feritatem
2305 1446 2522 1490 nostram

188 1501 507 1553 demonstrare
539 1497 587 1549 λ.
701 1501 777 1552 19.
815 1502 1026 1564 dignatio
1062 1504 1307 1567 persuasit
1339 1500 1436 1566 Δρ.
1519 1505 1662 1554 Verba
1695 1503 1782 1553 sed
1817 1502 2010 1553 occasio
2064 1503 2320 1566 voluptatis
2368 1507 2521 1568 magis

187 1583 324 1633 quam
356 1570 498 1631 dign
533 1570 655 1619 rstio
691 1570 935 1633 persuasit
968 1576 1107 1633 ms.
1210 1570 1292 1620 20.
1329 1578 1546 1621 nostram
1579 1587 1625 1620 a.
1732 1568 1816 1620 21.
1851 1571 1929 1620 isti
1963 1574 1999 1634 f.
2072 1571 2175 1620 istis
2200 1571 2349 1622 Oxou.
2438 1572 2522 1625 22.

187 1636 533 1700 deprendentur
565 1637 617 1687 F.
663 1637 870 1696 Vindob„
905 1652 990 1701 pro
1025 1652 1167 1688 more.
1285 1636 1366 1687 23.
1403 1637 1491 1687 sed
1527 1645 1580 1687 ut
1611 1632 1883 1688 ABDEP'GL
1928 1638 2076 1688 Oxou.
2119 1638 2309 1690 Vindob.
2348 1640 2521 1704 Erfurt.

187 1703 270 1753 sed
304 1705 480 1767 obedes.
515 1705 700 1754 Herae.
797 1702 878 1753 24.
914 1705 1165 1769 ipsamque
1200 1701 1245 1752 λ.
1278 1706 1468 1755 flavere.
1573 1703 1656 1753 25.
1693 1711 1741 1753 et
1774 1704 1963 1754 Tiberis
1996 1706 2129 1754 ubed-
2234 1704 2315 1755 26.
2352 1707 2523 1758 schola

187 1770 432 1823 bestiarum
471 1776 507 1833 s.
574 1770 774 1821 scholae
808 1771 1087 1821 bestiarium
1124 1774 1348 1822 betisias.
1448 1770 1530 1821 27.
1565 1771 1791 1821 humanis
1824 1771 1885 1821 ad
1921 1771 2326 1822 transducendum
2362 1774 2521 1838 quod-

187 1836 288 1887 dam
319 1837 734 1897 (translucendum
768 1837 1010 1902 quondam
1047 1841 1221 1889 mend.
1256 1839 1469 1897 flevere.)
1503 1838 1809 1902 specularem
1846 1838 2096 1888 materiam
2134 1847 2301 1890 natura
2336 1835 2384 1888 λ.
2459 1842 2522 1893 ad

188 1904 565 1957 translucendum
599 1904 842 1970 quoddam
880 1905 1133 1970 speculare
1169 1915 1339 1956 natura
1372 1906 1600 1956 Nem-eius
1641 1905 1749 1955 crit.
1782 1906 1949 1957 Δηιοὸ.
1982 1921 2031 1970 p·
2060 1903 2176 1955 228.

1396 2046 1545 2090 tatum
1597 2038 1764 2089 scribit
1807 2038 2129 2101 Lampridius.
2211 2039 2355 2088 Notat
2399 2039 2525 2090 banc

191 2038 304 2089 miae
346 2039 644 2090 Christianos
700 2039 878 2103 impios
925 2054 982 2089 ac
1028 2039 1294 2103 sacrilegos

1396 2107 1597 2157 Romani
1634 2106 1709 2155 rul
1745 2106 1759 2155 i
1793 2106 2163 2156 inconstantiam
2200 2105 2287 2155 Dio
2319 2107 2368 2163 in
2404 2107 2521 2156 Ρη·-

190 2105 353 2166 baberi,
398 2106 526 2171 quod
564 2108 908 2170 imperatorum
947 2108 1177 2158 maiestas
1211 2121 1293 2157 se·

190 2173 378 2222 cundum
432 2182 546 2239 post
595 2175 723 2223 deos
780 2173 1080 2227 immortales
1131 2175 1294 2225 locum

187 2239 398 2299 obtineat,
431 2250 575 2306 atque
610 2242 672 2291 iis
705 2240 886 2290 idcirco
911 2241 1054 2291 veluti
1081 2243 1295 2292 secunda

188 2306 345 2367 religio
393 2308 711 2373 impendenda
761 2308 852 2367 sit,
906 2323 934 2357 a
969 2323 1062 2372 qua
1107 2310 1150 2358 si
1185 2310 1295 2372 quis

188 2373 434 2436 abstineat,
487 2377 552 2426 sit
601 2374 748 2426 veluti
807 2375 1007 2426 secundi
1053 2376 1294 2439 sacrilegii

184 2454 307 2492 reus.

244 2522 293 2571 p.
341 2505 666 2574 vernaculam]
721 2509 844 2559 Nam
906 2519 954 2560 et
1006 2508 1291 2574 plebeculae
1327 2534 1340 2549 ·

182 2575 356 2637 ingenia
389 2577 522 2640 vulgo
562 2585 680 2628 sunt
713 2576 773 2626 ad
809 2578 1151 2640 procacitatem
1173 2591 1292 2642 pro·

180 2646 434 2707 pensiores.
501 2646 653 2695 Corn.
671 2644 865 2695 Tacitus
899 2644 982 2695 lib.
1006 2643 1088 2694 ΙΙΙ.
1128 2644 1291 2697 Histo-

179 2710 351 2827 :ifurn
375 2706 658 2829 [cap332Jz
694 2711 838 2789 „on
869 2712 1292 2790 tertiadecimanos

176 2850 230 2894 ut
261 2852 374 2894 sunt
403 2794 621 2909 perzcblga
634 2779 1051 2910 immani-³132
1075 2780 1291 2909 mm:

174 2911 493 2974 petulantibus
527 2913 692 2976 iurgiis
727 2913 1036 2964 illuserant.“
1107 2914 1178 2963 Et·
1203 2913 1287 2964 lib.

174 2977 231 3029 ll.
265 2973 394 3044 [cap.
413 2976 548 3046 884:
596 2980 690 3044 „Et
721 2981 874 3032 effusa
909 2981 1050 3044 plebs
1086 2981 1200 3031 tetis
1235 2995 1290 3030 se

173 3047 334 3096 eastris
399 3048 673 3098 miscuerat.
769 3047 1050 3098 incuriosos
1103 3047 1289 3108 milites

53 3169 62 3178 ἱ
173 3114 409 3168 vernacula
455 3116 729 3167 urbanitate
776 3114 971 3179 quidam
1018 3115 1287 3179 spoliavere

172 3178 385 3233 abscissis
419 3184 586 3234 furtim
623 3182 836 3232 baltheis
872 3195 931 3232 an
969 3183 1171 3232 accincti
1205 3197 1287 3231 es-

170 3255 268 3297 seut
313 3249 633 3312 rogitantes.“
683 3248 923 3310 (Herald.)
1011 3249 1085 3299 cf.
1142 3249 1285 3299 Laur.

171 3312 344 3376 Pinor.
388 3317 447 3367 de
479 3319 652 3369 Servis
688 3330 738 3380 p.
763 3315 909 3367 1149.
963 3317 1013 3366 in
1048 3324 1165 3365 tom.
1204 3314 1283 3365 ΙΙΙ.

170 3379 321 3433 Poleni
352 3385 523 3449 Suppl.
562 3386 719 3434 Thes.
755 3383 965 3447 Antiqu„
1002 3383 1084 3448 qui
1118 3398 1283 3433 emu-

168 3449 300 3499 eaiasi
332 3453 535 3517 explieat
569 3464 670 3517 per
705 3451 923 3502 dicum.

225 3530 266 3579 q.
301 3517 451 3570 Testis
488 3527 566 3570 est
602 3517 818 3579 Tiberis,
867 3524 916 3567 et
949 3516 1146 3568 scholae
1194 3515 1284 3566 be-

167 3581 383 3650 suarem]
431 3587 502 3636 De
538 3586 642 3636 boc
678 3582 790 3634 loco
827 3584 940 3648 quid
977 3584 1284 3647 pronuntiem

165 3650 266 3698 certi
298 3651 448 3703 habeo
484 3653 642 3716 plane
682 3650 820 3701 nihil.
880 3650 999 3700 Nam
1037 3650 1165 3714 quod
1203 3650 1283 3700 alii

165 3713 360 3779 armet,
395 3720 516 3770 nibil
554 3733 660 3770 nos
683 3718 824 3767 iuvat.
870 3717 1097 3767 Fortasse
1116 3716 1288 3768 alludit

164 3779 462 3837 Tertullianus
498 3787 563 3837 ad
599 3784 770 3850 plebis
796 3785 1038 3834 Romanae
1075 3797 1284 3833 consue-

161 3848 370 3912 tudinem,
404 3868 531 3919 quae
568 3861 624 3903 ut
669 3865 791 3901 novo
815 3851 1021 3915 principi
1051 3851 1283 3914 placeret,

160 3914 288 3967 siunt
336 3921 476 3972 etiam
539 3918 747 3970 extincti
805 3919 1088 3968 memoriam
1139 3930 1284 3967 exosa

157 3984 424 4050 quandoque
471 3988 598 4038 diris
651 3984 962 4036 contumeliis
1007 3984 1287 4034 defunctum

47 4073 50 4080 ·
157 4049 404 4115 Priflcipem
439 4052 844 4124 prosequebatur
879 4067 938 4101 ac
961 4051 1162 4101 cadaver
1181 4051 1286 4101 eius

157 4113 202 4164 iu
231 4116 432 4174 Tiberi·
467 4122 621 4172 abiiei
672 4126 758 4168 aut
800 4118 970 4169 bestiis
1005 4118 1284 4167 laniandum

156 4186 311 4245 exponi
345 4187 653 4250 postulabat,
708 4185 844 4235 euius
889 4185 961 4234 rei
1011 4184 1284 4247 exemplum

156 4259 308 4301 reseas
355 4255 581 4305 extiterat
630 4258 750 4317 post
794 4266 963 4302 necem
1012 4250 1284 4309 Commodi,

159 4317 278 4389 euius
310 4335 490 4385 eorpus
541 4328 600 4370 ut
654 4332 781 4368 unco
820 4319 1092 4368 traheretur
1139 4325 1284 4382 atque

159 4394 201 4429 ιι
228 4384 432 4437 Tiberim
471 4390 756 4438 mittes-etur
808 4385 868 4435 ab
917 4392 1089 4435 senatu
1125 4398 1285 4447 popu-

161 4444 298 4514 bqle,
349 4455 434 4519 qui
467 4456 518 4508 ei
552 4453 712 4504 toties
744 4453 795 4501 in
829 4452 961 4502 circo
1010 4458 1058 4501 et
1092 4451 1285 4514 amphi-

159 4513 320 4571 &butro
351 4522 651 4588 turpissime
690 4518 870 4570 adulati
906 4519 1113 4578 fuerant,
1149 4517 1285 4581 flagi-

1396 2175 1580 2223 tinace:
1643 2205 1683 2227 ‚2
1732 2184 1805 2220 σα
1854 2167 1916 2222 δὲ
1964 2165 2236 2222 ementur
2290 2164 2351 2221 ἐν
2406 2173 2525 2227 τοῖς

1395 2232 1657 2307 θεάτροις
1687 2233 1777 2291 ἐπὶ
1811 2238 1877 2306 τῇ
1900 2238 1999 2289 τοῦ
2015 2233 2323 2306 Κομμόδου
2358 2240 2523 2305 θερα-

1393 2302 1524 2385 neiat
1567 2299 1857 2374 εὖρῦθμως
1911 2321 2030 2360 πως
2071 2299 2297 2386 expediar,
2348 2307 2524 2385 qast«

1391 2370 2169 2508 {ggraeztazzfflff‘ongced
2186 2388 2524 2494 ‘accumbis

1394 2524 1697 2575 nequaqnam
1732 2509 2050 2561 satisfaciunt.
2121 2507 2288 2568 Quid?
2323 2511 2365 2559 si
2401 2511 2525 2561 scri-

1391 2586 1559 2642 pserat
1594 2577 1951 2629 Tertullianus:
2001 2576 2197 2638 „Testis
2250 2586 2325 2626 est
2371 2580 2520 2628 cii-m

1394 2653 1443 2695 et
1487 2645 1687 2695 scholae
1734 2644 2052 2696 bestiarum.“
2122 2645 2243 2695 Nam
2291 2645 2341 2694 iu
2389 2644 2519 2695 circo

1394 2712 1649 2763 maledicta
1684 2715 1833 2764 multa
1864 2713 1913 2763 in
1932 2714 2092 2776 ipsum
2112 2712 2379 2776 principem
2401 2726 2521 2762 con-

1393 2787 1528 2841 gesta
1564 2779 1624 2827 ab
1661 2780 1721 2829 iis
1756 2781 1837 2843 qui
1875 2780 2086 2829 adversis
2124 2779 2414 2828 fadionibus
2443 2779 2521 2827 la-

1391 2846 1579 2904 mbant,
1614 2847 1734 2895 satis
1758 2853 1939 2895 notum.
1976 2845 2178 2895 Tertull.
2202 2845 2271 2894 De
2298 2845 2518 2909 Spectas.

1392 2928 1498 2977 cap.
1522 2910 1587 2962 16
1634 2912 1773 2971 „Sed
1802 2912 1931 2963 circo
1966 2912 2082 2975 quid
2128 2908 2383 2961 amarius?
2434 2911 2517 2961 ubi

1391 2994 1450 3029 ne
1497 2979 1800 3043 principibus
1883 2977 2041 3028 uidem
2078 2988 2161 3029 aut
2196 2979 2376 3027 civibus
2412 2979 2515 3028 suis

1390 3046 1651 3112 parcunt-‘⁴
1690 3045 1988 3110 Capitoinus
2041 3045 2101 3094 de
2138 3045 2257 3095 Vero
2302 3046 2516 3108 impera-

1386 3122 1495 3164 tore
1533 3111 1762 3177 [psam.
1800 3112 1853 3164 C.
1889 3112 1965 3162 ed.
1984 3108 2245 3178 Salmas.]:
2283 3111 2518 3171 „Circen-

1387 3182 1514 3231 sium
1551 3188 1730 3230 tantam
1769 3193 1933 3230 curam
1969 3179 2150 3240 habuit,
2201 3186 2252 3229 ut
2287 3178 2517 3243 frequen·

1388 3256 1462 3298 ter
1497 3247 1871 3313 provincialibus
1907 3247 2093 3296 litteras
2148 3260 2291 3296 causa
2329 3246 2516 3295 circen-

1387 3315 1514 3365 sium
1550 3321 1599 3365 et
1645 3314 1832 3364 miserit
1882 3321 1930 3363 et
1976 3314 2229 3379 acceperit.
2301 3313 2519 3376 Denique

1388 3383 1530 3431 etiam
1577 3395 1812 3446 praesens
1872 3387 1919 3429 et
1966 3395 2074 3430 cum
2123 3379 2281 3430 Narco
2340 3380 2518 3429 sedens

1386 3448 1563 3499 multas
1600 3462 1629 3497 a
1667 3447 1935 3498 Venetianis
1984 3455 2059 3497 est
2102 3461 2279 3511 passus
2315 3447 2517 3496 iniurias

1390 3515 1518 3580 quod
1571 3514 1850 3579 turpissime
1907 3521 2074 3565 contra
2137 3529 2225 3565 eos
2283 3510 2516 3564 faveret.“

1387 3583 1495 3633 Non
1531 3582 1697 3646 liquet.
1733 3580 1971 3642 (Herald.)
2056 3581 2154 3631 lac.
2190 3580 2516 3632 Gothol'redus

1386 3649 1437 3700 in
1472 3650 1600 3699 notis
1636 3649 1699 3699 ad
1732 3647 1934 3699 Tertull.
1969 3647 2039 3697 Ad
2074 3647 2203 3697 Natt:
2237 3648 2276 3707 l,
2304 3646 2382 3695 17.
2435 3659 2518 3695 re-

1388 3717 1484 3766 fert
1516 3716 1610 3766 hoe
1645 3715 1705 3765 ad
1741 3715 1941 3765 domum
1962 3715 2268 3764 Tiberianam
2303 3726 2390 3762 seu
2425 3725 2515 3775 pa·

1387 3783 1554 3833 latium
1604 3781 1881 3832 Caesarum.
1965 3780 2062 3831 Sed
2098 3780 2244 3839 olim,
2293 3784 2515 3842 utputo,

1386 3850 1513 3899 fluvii
1549 3849 1687 3912 ripae
1722 3847 1891 3910 vulgus
1911 3846 2234 3923 adhabitabat‚
2269 3846 2515 3924 potentio-

1385 3914 2048 4044 mxssfflcfflffssr
2065 3911 2516 4043 0‘521120'333321

1389 4057 1484 4108 tur,
1535 4047 1656 4099 nihil
1692 4047 1995 4097 commodius
2030 4061 2173 4112 quam
2210 4046 2517 4096 habitationis

1388 4116 1549 4166 locum
1586 4115 1841 4176 indigitare
1886 4115 2059 4177 potuit.
2150 4113 2318 4165 Gallus
2365 4112 2518 4162 inter-

1385 4197 1496 4241 pres
1532 4183 1645 4245 Giry
1679 4181 1845 4232 neseio
1880 4181 1942 4231 de
1977 4195 2068 4245 qua
2103 4180 2325 4243 Tybridis
2359 4184 2519 4229 statua

1386 4248 1755 4366 susas?
1777 4244 2519 4377 srsffiffizflxmzsffi

1389 4383 1580 4433 Circum
1634 4382 1993 4444 certaminaque
2037 4387 2235 4431 cruenta
2288 4379 2391 4428 eius
2437 4377 2520 4426 bic

1388 4449 1650 4511 significari
1706 4455 1838 4498 extra
1895 4447 2093 4497 dubium
2153 4459 2264 4497 esse
2316 4444 2516 4493 videtur.

1391 4516 1560 4567 Circus
1606 4515 1838 4565 Maximus
1887 4521 1935 4563 et
1969 4513 2139 4564 Circus
2174 4510 2439 4563 Flaminius
2487 4521 2517 4557 a

2094 4591 2210 4644 16*
