3263 5311
575 421 698 482 144
1059 434 1261 485 ouran
1310 433 1570 476 snprmn
1614 432 1946 476 recusans
1993 432 2382 476 rumentum

569 586 707 646 dem
751 583 1105 646 arboribus·
1147 583 1349 663 templi
1396 582 1490 644 sui
1534 581 2110 646 ''obtuuhratiicibus
2159 581 2451 644 scelerum
2491 581 2705 643 votivis
2749 582 2926 644 ‘cru-

570 686 738 748 cibus
799 683 1138 765 exposuit³,
1213 691 1368 744 teste
1409 682 1653 745 ‘'militi-a
1715 684 1944 764 patriae
2009 691 2307 758 nostrae·,
2339 731 2342 736 .
2375 684 2579 762 ¹⁰quae
2621 683 2682 744 id
2727 683 2927 763 ipsum

569 805 787 849 munus
830 785 912 847 illi
955 783 1303 866 proconsuli
1346 785 1543 846 functa
1587 793 1701 846 est.
1790 784 1908 846 Sed
1954 793 2014 846 et
2053 801 2213 846 nunc
2255 784 2315 845 in
2378 785 2608 846 occulto
2655 785 2934 865 “persez

570 885 840 950 veratur‘
879 888 995 948 hoc
1038 904 1272 946 sacrum
1316 885 1566 947 facinuS.
1657 885 1843 966 'JNon
1890 886 2003 947 soli
2046 904 2155 946 vos
2201 892 2591 948 contemnunt
2634 884 2926 946 Christia-

568 989 702 1060 ni⁶‚
746 1006 860 1048 nec
902 986 1138 1047 ¹³ullum
1206 986 1404 1047 scelus
1459 985 1525 1047 in
1577 994 1932 1066 perpetuum
1998 986 2346 1047 eradicatur>
2384 994 2487 1048 aut
2526 1004 2925 1048 mones-suos

571 1088 848 1168 ¹⁴a1iqui¹²
892 1089 932 1121 ¹⁵
947 1088 1096 1148 deus
1140 1093 1348 1147 mutat.
1439 1086 1587 1149 Cum
1627 1086 1891 1166 propriis
1937 1087 2075 1147 filiis
2119 1087 2411 1149 Saturnus
2472 1105 2593 1148 non
2636 1087 2926 1167 pepercit,

570 1186 897 1253 extraneisi
940 1188 1142 1267 utique
1204 1204 1327 1248 non
1380 1188 1678 1266 parcendo
1734 1188 2223 1269 ¹⁶perseverabat,
2292 1207 2445 1268 quos
2507 1188 2746 1268 quidem
2808 1188 2926 1268 ipsi

570 1375 619 1424 7.
658 1374 1094 1426 obumbratricibus
1128 1374 1283 1424 ABDE
1307 1372 1385 1432 (m.
1412 1369 1830 1437 sec.)FG2-ubcdes.
1872 1375 2020 1424 Oxou.
2056 1375 2232 1438 Erfurt.
2265 1374 2470 1430 Ambros.
2541 1353 2815 1426 obumbrati
2852 1376 2924 1425 ri·

568 1443 663 1491 bus
719 1443 907 1492 Vindob.
995 1441 1395 1490 obumbrantibus
1445 1442 1542 1490 atii.

572 1510 835 1560 cervicibus
885 1509 1106 1571 exposuit
1140 1509 1192 1558 E.
1229 1509 1309 1570 (m.
1343 1507 1436 1571 pr.)
1475 1509 1624 1559 oxon.

573 1577 654 1627 10.
692 1592 815 1640 quae
851 1576 909 1624 ad
948 1577 1107 1640 ipsum
1141 1570 1188 1624 λ.

570 1643 731 1695 solum
768 1645 817 1693 F.
862 1644 1055 1693 Vindob.
1096 1643 1243 1693 Oxou.

568 1707 741 1762 nmo.

568 1794 628 1829 m.
652 1794 724 1843 pr.
794 1784 1170 1841 perseverasset,
1209 1778 1293 1826 sed
1330 1772 1377 1826 λ.

638 1928 679 1962 e.
729 1912 776 1961 in
814 1911 994 1961 eisdem
1044 1907 1324 1976 arboribus]
1394 1910 1449 1959 ln
1487 1910 1703 1960 eiusdem

568 1979 755 2044 templi,
791 1980 927 2029 cuius
964 1986 1116 2039 erant,
1142 1978 1420 2028 sacerdotes
1448 1978 1720 2027 arboribus·

568 2048 809 2098 scelerum
848 2047 1011 2096 votivis
1048 2047 1271 2096 crucibus
1311 2046 1544 2110 esposuits

638 2116 683 2165 d.
722 2114 961 2164 scelerum
999 2115 1161 2163 votivis
1197 2114 1420 2162 crucibus
1458 2110 1703 2176 exposuit]

567 2183 738 2232 Fuisse
774 2183 898 2231 circa
934 2181 1113 2246 templa
1140 2182 1340 2230 arbores
1374 2195 1557 2240 sacras,
1595 2181 1704 2244 qui-

569 2252 659 2300 bus
692 2250 992 2300 anathemata
1014 2250 1445 2311 suspenderentur,
1482 2255 1593 2296 nota
1623 2261 1704 2296 res

569 2327 656 2367 est.
728 2318 865 2381 Apul.
904 2316 1090 2365 Metam.
1126 2317 1200 2376 vt,
1239 2315 1285 2364 3.
1358 2315 1527 2376 „videt
1571 2315 1701 2364 dona

567 2386 789 2448 speciosa
826 2392 874 2434 et
909 2383 1107 2433 lacinias
1144 2398 1261 2432 auro
1288 2383 1522 2432 litteratas
1549 2383 1700 2432 ramis

564 2455 793 2501 arborum
846 2451 1164 2515 postibusque
1210 2450 1461 2500 suffixas.“
1533 2450 1699 2500 Schol.

562 2520 806 2582 Aristoph.
844 2519 966 2567 Plut.
1017 2515 1080 2580 [v.
1117 2514 1259 2583 942]
1313 2519 1372 2567 ad
1415 2519 1543 2578 haec,
1573 2517 1697 2566 Pluti

563 2587 705 2636 verba
758 2580 916 2641 „Kal
961 2584 1138 2632 ταῦτα
1172 2580 1311 2652 πρὸς·
1344 2579 1407 2632 τὸ
1428 2581 1700 2664 μέτωπον

566 2646 761 2703 αὐτίκα
780 2647 845 2713 δὴ
865 2645 1015 2719 μάλα
1051 2644 1247 2715 ,ξὨσπε
1320 2665 1518 2717 κοτινῳ
1538 2664 1700 2719 προς-

564 2715 917 2771 πατταλεύσω
954 2716 1220 2786 τουτῳί“,
1280 2716 1364 2775 ’τι,
1405 2721 1451 2770 in
1491 2723 1575 2780 uit,
1611 2713 1702 2768 ἐπὶ

564 2790 679 2839 τῶν
734 2785 997 2844 κοτίνων,
1068 2783 1171 2867 κοιεὶι
1218 2781 1395 2836 ἄλλων
1488 2782 1704 2855 ἑνδρων

562 2850 941 2976 mm?
954 2866 1703 2991 ssffffsz’tfil‘txi'ssztffss

565 3010 708 3045 causa
747 2995 866 3044 haec
902 2994 1007 3053 fuit,
1059 3008 1144 3043 cur
1181 2990 1380 3042 arbores
1417 2993 1535 3042 istas
1580 2994 1702 3041 voti·

562 3080 644 3113 aas
680 3078 837 3113 cruces
873 3061 1145 3126 appellaret
1179 3062 1272 3111 hoc
1310 3062 1417 3110 loco
1438 3060 1701 3110 Tertullia-

563 3127 696 3179 nus?
730 3130 847 3179 Nam
886 3144 1009 3193 quae
1046 3138 1181 3179 notat
1214 3129 1379 3178 lunius
1416 3123 1514 3191 [Cf.
1550 3142 1702 3190 supra

564 3199 623 3248 ad
673 3198 813 3247 verba
864 3199 924 3246 ad
954 3197 1332 3262 proconsulatum
1372 3191 1592 3260 Tiberii]‚
1645 3209 1700 3243 ea

562 3272 679 3314 sunt
724 3278 854 3312 mera
904 3264 1111 3312 somnia.
1159 3262 1395 3322 (Hei-ald.)
1478 3262 1700 3311 Tiberius

564 3333 654 3380 iste
690 3331 878 3379 Africae
914 3328 1179 3404 proconsul
1218 3344 1273 3378 ex
1308 3329 1473 3379 votivis
1510 3328 1700 3377 arbori-

563 3400 654 3447 bus
691 3397 865 3445 votivas
902 3396 1016 3444 l'ecit
1051 3408 1237 3457 cruces,
1293 3398 1340 3446 in
1380 3397 1554 3460 quibus
1590 3411 1702 3445 sce-

564 3465 701 3513 lerati
738 3463 805 3512 illi
844 3463 1124 3513 sacerdotes
1161 3463 1362 3526 pulchre
1409 3464 1700 3527 pendebant,

563 3541 791 3594 tanquam
845 3530 1144 3580 anathemata
1205 3547 1260 3580 ex
1301 3539 1425 3580 voto.
1488 3531 1703 3593 (Rigalt.)

564 3599 690 3649 otim
729 3599 879 3647 moris
915 3605 1018 3648 erat
1054 3598 1112 3647 ad
1138 3599 1271 3647 sores
1298 3597 1588 3662 templorum
1620 3613 1701 3647 ar-

563 3667 711 3716 bores
745 3680 973 3731 pangere.
1014 3665 1136 3723 Plip.
1174 3666 1230 3715 fl.
1266 3666 1324 3715 N.
1361 3666 1461 3723 ΧΙΙ,
1504 3666 1547 3714 1.
1584 3666 1699 3716 Sul-

562 3735 658 3799 pic·
706 3736 863 3785 Sever.
901 3734 950 3782 V.
1002 3734 1273 3782 &Martini
1324 3748 1428 3797 cap.
1471 3733 1551 3782 10.
1625 3734 1698 3783 Cf.

560 3802 735 3864 Vergil.
770 3803 883 3853 Aen.
922 3801 982 3862 ll,
1020 3801 1135 3850 714.
1197 3801 1335 3865 Apul.
1372 3800 1552 3850 Florid.
1590 3814 1696 3865 cap.

566 3870 628 3929 1.,
666 3882 851 3919 morem
888 3883 998 3919 vero
1038 3869 1293 3918 arboribus
1328 3876 1435 3918 vota
1471 3868 1697 3930 attigendi

560 3945 755 4002 praeter
803 3937 1089 3987 documenta
1151 3936 1209 3984 ab
1260 3936 1471 3986 Heraldo
1537 3937 1698 3986 adlata

560 4011 797 4053 testantur
830 4005 973 4055 etiam
1010 4004 1146 4068 Apul.
1177 4003 1354 4053 Florid.
1398 4003 1427 4052 1.
1450 4005 1482 4053 l.
1517 4005 1696 4054 Arnoh.

562 4071 600 4130 1,
639 4070 718 4120 39.
775 4070 854 4131 (a'd
920 4086 1043 4134 quos
1107 4071 1242 4120 locos
1302 4088 1341 4120 v.
1390 4071 1697 4135 interpretes)

559 4139 773 4190 Lactant.
811 4138 870 4187 ad
907 4138 1043 4188 Statii
1079 4138 1232 4188 Theb.
1269 4139 1345 4197 tx,
1382 4138 1493 4188 194.
1535 4140 1699 4201 Augu-

561 4207 673 4256 stin.
711 4206 865 4254 Serm.
904 4204 970 4253 De
1004 4205 1171 4269 Temp.
1212 4220 1258 4269 p.
1286 4204 1399 4255 241.
1439 4206 1696 4256 Ct.Burm.

562 4274 623 4323 ad
672 4272 807 4322 ovid.
862 4271 1048 4322 Metam.
1088 4273 1217 4334 Vlll,
1268 4272 1382 4323 723.
1421 4272 1555 4332 745„
1610 4274 1698 4323 sed

559 4354 758 4400 vereor,
816 4346 869 4389 ut
912 4341 973 4390 de
1010 4340 1102 4389 boc
1137 4354 1274 4390 more
1311 4342 1467 4390 lucem
1505 4341 1698 4391 Tertul-

560 4408 720 4459 lianus
758 4406 928 4471 capiat.
1008 4408 1189 4463 νοτίους
1224 4423 1371 4472 saepe
1405 4410 1602 4472 ponitur
1637 4408 1698 4457 de

559 4490 616 4526 re
670 4475 935 4538 exoptanda
987 4482 1032 4524 et
1081 4475 1141 4525 de
1189 4491 1247 4525 eo
1295 4477 1425 4540 quod
1479 4490 1535 4526 ex
1586 4478 1697 4527 voto

561 4543 790 4595 succedit.
836 4542 974 4606 Apul.
1024 4542 1212 4594 Metam.
1250 4543 1313 4605 V,
1361 4542 1426 4593 20
1489 4546 1698 4605 „votivis

560 4612 742 4675 nuptiis
776 4611 1021 4659 bominem
1058 4618 1104 4660 te
1154 4612 1405 4674 iungemus
1456 4612 1697 4662 bomini.“

560 4678 683 4728 ibid.
699 4678 817 4741 vni,
836 4678 902 4728 30
940 4679 1211 4744 „deamque
1238 4681 1387 4731 votiva
1423 4681 1698 4746 suspiciens

1719 1441 1768 1491 8.
1818 1442 2041 1492 crucibus
2091 1444 2217 1490 vivos
2266 1442 2485 1504 exposuit
2531 1438 2574 1490 λ.
2626 1442 2924 1506 Have-remp.
3025 1471 3034 1478 ·

1763 1508 1812 1559 9.
1860 1510 2030 1559 militia
2076 1509 2230 1572 patris
2263 1504 2307 1557 λ.
2400 1508 2599 1559 militiae
2649 1511 2832 1573 patriae
2872 1510 2926 1559 D.

1298 1575 1374 1624 tt.
1415 1584 1750 1639 perseveratur
1772 1577 2022 1641 ABDEGes.

1387 1641 1467 1692 13.
1506 1642 1623 1693 illud
1675 1644 1837 1694 scelus
1876 1644 1928 1693 G.

868 1709 947 1759 15.
984 1710 1103 1759 deus
1141 1725 1248 1758 cum
1285 1711 1499 1774 propriis
1535 1712 1649 1761 filiis
1685 1718 1851 1762 mutat.
1889 1713 2128 1761 Saturnus
2163 1712 2248 1761 Da.

2093 1578 2371 1640 perseverat
2402 1571 2645 1637 Ffflabcd.
2720 1575 2795 1625 12.
2816 1577 2956 1626 Non·

2025 1643 2174 1692 ullum
2225 1644 2410 1694 facinus
2445 1637 2490 1692 λ.
2629 1643 2711 1693 14.
2747 1643 2926 1709 aliquis

2392 1710 2469 1761 16.
2506 1711 2830 1776 perseverabit
2867 1712 2928 1762 F.

1790 1911 2055 1976 hospitio.“
2127 1912 2199 1962 Cl.
2236 1911 2438 1962 Dirksen
2477 1911 2693 1962 Manuale
2728 1927 2769 1961 s.
2796 1927 2836 1962 v.
2874 1927 2927 1976 p.

1795 1979 1939 2029 1011.
2009 1978 2132 2028 Hinc
2164 1980 2384 2030 scelerum
2416 1982 2591 2030 volit-us
2626 1996 2781 2032 cruces
2817 1994 2927 2029 ma-

1790 2046 1875 2097 lim
1911 2048 2213 2109 interpretari
2252 2062 2420 2097 cruces
2456 2047 2788 2097 sacerdotibus
2824 2047 2926 2098 illis

1790 2129 1880 2179 pro
1916 2113 2184 2163 sceleribus
2219 2115 2322 2163 suis
2359 2115 2654 2179 exoptandas
2700 2122 2747 2164 et
2796 2121 2926 2165 tam·

1790 2196 1933 2246 quam
1972 2183 2216 2232 communi
2249 2190 2357 2232 voto
2395 2182 2682 2245 imprecatas
2718 2183 2926 2232 iudicio-

1791 2264 1884 2313 que
1921 2249 2162 2313 probatas.

1854 2331 1896 2367 e.
1934 2323 2056 2366 teste
2093 2316 2260 2366 militia
2298 2317 2484 2381 patriae
2519 2315 2740 2380 nostrae]
2777 2316 2927 2366 Liber

1784 2384 2039 2433 Fuldensis
2097 2392 2220 2434 teste
2289 2384 2454 2434 militia
2507 2387 2657 2449 patris
2715 2383 2927 2434 ’nostris‘

1785 2450 2067 2507 Tertulliani
2102 2460 2309 2514 'patrem
2383 2453 2742 2501 centurionem·
2772 2452 2926 2501 fuisse

1782 2519 2181 2583 proconsularem
2220 2527 2385 2569 narrat
2411 2520 2685 2582 Hieronym.
2726 2518 2791 2567 De
2827 2519 2925 2569 Vir.

1787 2587 1964 2637 illustr.
2016 2601 2122 2650 cap.
2162 2584 2243 2636 53.
2310 2594 2358 2636 et
2408 2587 2584 2638 Chron.
2635 2587 2693 2636 ad
2742 2600 2922 2636 annum

1783 2654 1897 2705 xvi.
1936 2653 2096 2703 Severi
2134 2653 2311 2719 imper.

1855 2724 1887 2771 l'.
1925 2717 2283 2788 perseveratur]
2340 2723 2390 2772 V.
2430 2723 2592 2773 adnot.
2629 2722 2687 2772 ad
2724 2722 2791 2771 De
2828 2722 2922 2771 Pa-

1783 2791 1916 2840 tient.
1955 2805 2060 2853 cap.
2098 2791 2144 2838 5.
2218 2791 2409 2841 Sacrum
2452 2793 2635 2854 facinus
2663 2789 2923 2839 ·Heraldus

1785 2864 1915 2907 recte
1951 2858 2160 2920 explicat
2193 2858 2491 2918 religiosum.
2531 2857 2595 2907 La
2634 2856 2785 2908 Cerda
2822 2857 2925 2906 vult

1786 2939 1896 2975 esse
1932 2924 2218 2975 detestabile
2253 2926 2457 2976 facinus.

1853 3008 1896 3055 g.
1936 2993 2043 3042 Non
2081 2992 2277 3042 seliros
2304 3002 2616 3043 contemnunt
2637 2986 2921 3057 Christiani]

1785 3061 1883 3111 Sed
1919 3075 1974 3109 ea
1999 3068 2073 3110 est
2103 3061 2389 3123 perversitas
2409 3074 2617 3119 morum,
2656 3067 2704 3108 ut
2727 3073 2922 3108 sacrum

1787 3130 1880 3177 hoc
1930 3136 1978 3176 et
2029 3128 2346 3178 execrandum
2396 3128 2584 3178 facinus
2648 3131 2925 3189 perseveret

1786 3197 1833 3246 in
1870 3196 2079 3255 occulto,
2116 3196 2242 3245 unde
2277 3210 2361 3245 vos
2397 3210 2494 3245 non
2517 3194 2676 3244 solum
2700 3200 2920 3245 contem—

1786 3271 1906 3312 nunt
1931 3263 2207 3323 Christiani,
2243 3263 2328 3312 sed
2368 3271 2415 3312 et
2449 3263 2668 3326 gentiles,
2706 3274 2812 3310 cum
2849 3261 2922 3309 vi-

1787 3332 1929 3380 deant
1965 3345 2209 3394 nunquam
2246 3330 2430 3381 aboleri
2477 3330 2661 3379 semina
2712 3328 2923 3390 flagitio·

1786 3413 1911 3456 rum,
1961 3405 2041 3447 aut
2092 3412 2253 3447 mores
2290 3413 2407 3447 suos
2443 3397 2618 3461 aliquis
2654 3397 2772 3446 deus
2810 3410 2920 3444 mu·

1785 3473 1865 3515 tet.
1904 3465 1989 3524 (La
2026 3465 2218 3526 Cerdo.)
2254 3466 2430 3515 Vereor
2467 3479 2526 3515 ne
2561 3466 2679 3513 baec
2713 3464 2773 3512 sit
2811 3478 2922 3513 vera

1786 3533 1880 3582 loci
1929 3534 2287 3595 interpretatio:
2343 3533 2695 3592 perseveratur,
2749 3531 2922 3594 inquit,

1787 3601 2135 3650 etiamnunc·in
2166 3601 2356 3650 occulto
2379 3602 2472 3650 boc
2495 3614 2688 3649 sacrum
2715 3599 2923 3659 lacinus,

1788 3681 2078 3731 quamquam
2115 3668 2408 3729 gravissimis
2455 3668 2688 3731 exemplis
2736 3667 2783 3715 in
2831 3679 2922 3714 eos

1786 3735 1868 3800 qui
1915 3737 2259 3785 commiserant
2309 3735 2423 3785 olim
2463 3735 2748 3785 vindicatum
2801 3740 2923 3781 erat.

1785 3803 1907 3852 Hinc
1942 3811 2140 3866 apparet
2187 3817 2283 3852 non
2337 3803 2473 3854 solos
2510 3802 2809 3853 Christianos
2848 3799 2920 3848 le-

1784 3883 1896 3931 gum
1916 3878 2178 3920 vestrarum
2194 3878 2238 3919 et
2261 3871 2588 3920 institutorum
2614 3874 2923 3931 contemptus

1784 3937 1918 3986 vobis
1953 3938 2304 3988 insimulandos
2339 3938 2492 3987 fuisse
2519 3937 2602 3997 (cl.
2625 3950 2774 3998 supra
2811 3948 2926 3999 cap.

1785 4002 1854 4065 6),
1890 4006 1976 4054 sed
2013 4006 2156 4055 etiam
2192 4006 2330 4069 ipsos
2365 4019 2616 4056 sacrorum
2653 4010 2922 4053 vestrorum

1786 4072 2040 4133 antistites,
2096 4072 2181 4123 sed
2228 4073 2366 4136 ipsos
2413 4072 2532 4123 deos
2579 4078 2765 4120 vestros
2813 4070 2922 4119 eius

1784 4139 2001 4189 criminis
2038 4154 2150 4190 reos
2185 4142 2354 4200 teneri,
2393 4147 2594 4204 apparet
2628 4138 2771 4188 etiam
2808 4138 2921 4197 hoc,

1786 4206 1918 4269 leges
1953 4215 2137 4258 vestras
2174 4215 2356 4259 tantum
2393 4222 2489 4257 non
2527 4220 2692 4272 posse,
2743 4211 2796 4254 ut
2842 4204 2922 4253 ul-

1786 4275 1886 4324 lum
1921 4276 2084 4326 scelus
2119 4276 2167 4325 in
2205 4284 2490 4340 perpetuum
2545 4274 2792 4324 eradicent
2839 4279 2924 4321 aut

1785 4351 1838 4391 ut
1884 4353 2096 4407 optimae
2143 4344 2277 4407 ipsae
2336 4358 2444 4393 cum
2497 4341 2708 4393 scelesto
2756 4338 2924 4405 aliquo

1784 4409 1876 4459 deo
1916 4425 2122 4475 aequum
2159 4419 2399 4461 certamen
2438 4411 2614 4463 ineant.
2955 4422 2970 4428 “

1850 4478 1899 4527 h.
1936 4476 2107 4543 aliqui]
2146 4477 2218 4528 Cf.
2255 4479 2479 4529 adnotata
2516 4479 2573 4528 ad
2612 4491 2715 4540 cap.
2753 4474 2839 4525 23.

1851 4546 1884 4594 i.
1921 4543 2181 4609 extraneis]
2217 4546 2471 4596 Familiare
2506 4547 2601 4595 hoc
2634 4542 2922 4594 vocabulum

1785 4621 1860 4662 est
1892 4612 2188 4663 Tertulliano
2226 4614 2300 4669 de,
2323 4615 2473 4675 omni,
2527 4612 2608 4678 qui
2655 4625 2752 4661 non
2790 4610 2921 4659 eius-

1784 4679 1894 4730 dem
1932 4687 2007 4731 est
2041 4681 2233 4744 domus,
2271 4682 2496 4745 familiae,
2545 4679 2770 4737 nationis,
2819 4676 2918 4727 liu·
