3263 5311
927 428 1010 472 na.
1049 414 1516 472 uuoanssoun
1562 429 1918 473 castinus.
2495 418 2621 486 743

253 583 306 644 si
351 589 548 644 tamen
590 596 626 640 a
667 576 1112 659 comparatione
1153 574 1463 650 discedas,
1527 594 1655 640 non
1707 578 1820 640 erit
1873 578 2087 642 melius
2143 597 2328 643 naum
2370 582 2609 648 omnum

253 680 562 753 ”haben-e,
630 679 769 760 quia
821 697 934 740 neo
983 677 1230 741 honum.
1328 676 1519 740 Nemo
1561 678 1741 758 igitur
1782 678 1823 710 ⁷¹
1838 687 2037 759 captet
2077 697 2151 742 ex
2191 680 2308 743 hoc
2350 683 2608 764 capitulo

255 781 698 852 defensionem,
745 778 907 858 quod
947 779 1191 859 proprie
1236 779 1311 841 ad
1345 778 1688 860 ''innuptos
1734 789 1794 842 et
1833 779 2045 843 viduos
2090 790 2347 861 spectat,
2392 784 2606 863 quibus

250 882 410 945 nulla
467 882 661 944 adhuc
709 878 1050 941 coniunctio
1106 887 1472 942 numeratur.
1580 881 1949 960 Quamquam
2007 881 2373 946 ostenderim
2428 884 2606 948 etiam

251 981 428 1045 ”illis
471 980 925 1061 intellegendam
969 997 1112 1041 esse
1153 979 1436 1060 permissi
1480 981 1913 1044 condicionem.

426 1082 700 1145 Ceterum
743 1082 818 1143 de
863 1080 1130 1143 secundo
1174 1080 1556 1144 matrimonio
1601 1082 1828 1144 scimus
1857 1084 1870 1114 ¹
1885 1083 2061 1164 plane
2090 1084 2425 1163 apostolum
2453 1102 2602 1166 pro-
2642 1090 2749 1148 cap.
2769 1093 2841 1139 lv·

248 1185 595 1256 nuntiasse,
652 1181 899 1244 Solutus
959 1200 1024 1242 es
1067 1180 1142 1242 ab
1197 1200 1419 1254 uxore,
1486 1200 1564 1244 ne
1619 1183 1951 1263 quaesieris
2004 1202 2283 1259 uxorem,
2348 1185 2493 1248 ’sed
2549 1185 2647 1250 si¹

123 1330 142 1337 -
249 1286 526 1358 ‹laxet-is,
569 1300 692 1344 non
734 1280 1100 1363 'delinques
1209 1282 1498 1347 *Perinde
1541 1291 1741 1347 tamen
1784 1292 1846 1346 et
1886 1285 2064 1348 huius
2107 1286 2403 1349 sermonis
2434 1286 2602 1350 ordi-

247 1403 387 1448 nem
434 1384 508 1446 de
552 1382 806 1446 consilio
849 1401 999 1455 suo,
1044 1401 1168 1444 non
1211 1383 1286 1444 de
1330 1383 1528 1446 divino
1569 1394 1890 1466 praecepto
1935 1386 2279 1450 introduxit.
2358 1387 2605 1452 Multum

245 1495 447 1549 autem
491 1486 746 1546 interest
787 1483 944 1546 inter
987 1485 1082 1546 dei
1122 1493 1506 1564 praeceptum
1561 1492 1623 1546 et
1666 1486 1979 1548 consilium
2035 1487 2317 1550 hominis.
2417 1488 2602 1551 Prae-

246 1595 486 1668 ceptum
527 1583 821 1659 memini,
867 1585 1087 1665 inquit,
1137 1602 1261 1647 non
1301 1584 1529 1660 habeo,
1574 1586 1680 1649 sed
1714 1587 2031 1651 consilium
2061 1588 2170 1662 do,
2216 1588 2386 1669 quasi
2414 1589 2600 1654 miae-

239 1686 568 1798 „quon-diam
610 1685 1004 1748 ‘consectans
1062 1705 1095 1748 a
1140 1686 1383 1748 domino
1439 1686 1631 1748 fidelis
1690 1707 1846 1751 esse.
1953 1689 2263 1752 'Ceterum
2305 1708 2499 1769 neque
2541 1689 2605 1752 in

231 1787 554 1866 *evangelio
590 1805 787 1867 neque
829 1786 967 1849 ⁷¹¹in
994 1786 1186 1868 ipsius
1213 1787 1379 1850 Pauli
1417 1787 1692 1868 epimelis
1724 1808 1794 1851 ex
1824 1799 2144 1870 praecepto
2175 1791 2269 1851 dei
2300 1790 2602 1854 'invenias

239 1889 602 1970 permissam
646 1886 1006 1950 matrimonii
1035 1888 1495 1951 ⁹iterationem·.
1557 1888 1726 1952 Unde
1769 1907 1953 1952 unum
1995 1890 2337 1954 habendum
2380 1893 2600 1955 confir-

240 1997 473 2064 matur,
518 1989 656 2069 quia
700 1989 861 2068 quod
903 2007 936 2049 a
980 1989 1223 2052 domino
1253 1990 1613 2070 permissum
1647 2008 1770 2052 non
1800 1990 2130 2066 invenitur,
2175 1992 2238 2052 id
2269 1991 2602 2073 ¹⁰agnosci-

239 2100 343 2154 tur
391 2089 844 2152 ¹¹interdictum.
930 2089 1097 2152 Adde
1139 2092 1301 2171 quod
1346 2100 1408 2153 et
1448 2092 1596 2154 haec
1649 2092 1781 2172 ipsa
1828 2091 2129 2155 ''humani
2172 2093 2407 2156 consilii
2452 2093 2603 2156 ¹“in--

240 2191 553 2266 teriectio‚
612 2192 785 2271 quasi
828 2191 945 2253 iam
987 2191 1472 2271 recogitationem
1519 2195 1846 2255 excessusb
1889 2194 1981 2256 sui
2022 2211 2233 2273 passa,
2290 2195 2491 2257 statim
2536 2213 2604 2257 se

245 2293 571 2355 ”refrenat
613 2302 673 2355 et
710 2301 984 2366 revocat,
1030 2311 1165 2355 cum
1207 2292 1541 2372 subiungit,
1586 2293 2004 2356 Verumtamen
2037 2293 2381 2357 huiusmodi
2423 2314 2603 2375 pres-

243 2413 456 2456 suram
502 2393 696 2455 carnis
738 2393 1072 2467 habebunt,
1130 2413 1264 2456 cum
1307 2412 1552 2473 parcere
1599 2413 1669 2456 se
1714 2394 1803 2456 eis
1848 2394 2021 2468 dicit,
2078 2413 2215 2456 cum
2259 2404 2495 2475 tempus
2541 2395 2607 2456 in

243 2495 616 2558 ¹⁶collectum
661 2512 800 2557 esse
842 2495 1051 2570 adicit,
1097 2514 1216 2576 quo
1262 2502 1535 2575 oporteat
1562 2495 1738 2559 etiam
1768 2495 2057 2558 habentes
2086 2495 2463 2559 matrimonia
2491 2513 2603 2576 pro

236 2615 369 2660 non
402 2594 758 2659 habentibus
788 2615 994 2678 agere,
1040 2615 1174 2660 cnm
1203 2595 1661 2661 sollicitudinem
1696 2597 2073 2679 ¹⁶nuptorum
2117 2606 2175 2661 et
2219 2598 2604 2678 innuptorum

239 2698 586 2761 committit.
657 2699 775 2761 Per
816 2700 965 2761 haec
1006 2700 1164 2761 enim
1209 2699 1465 2773 docens,
1511 2718 1617 2763 cur
1660 2718 1783 2761 non
1814 2700 2086 2780 expediat
2112 2699 2369 2774 nubere,
2416 2698 2603 2761 ¹''dis-

237 2802 458 2863 suadet
497 2799 574 2861 al)
620 2817 692 2860 eo
751 2800 910 2879 quod
954 2818 1134 2880 supra
1179 2800 1527 2863 indulserat.
1601 2800 1678 2861 Et
1720 2801 1837 2862 hoe
1881 2801 2007 2862 ”de
2049 2800 2246 2880 primo
2290 2797 2603 2861 matrimo-

237 2902 387 2975 nio,
436 2907 659 2980 quanto
705 2900 892 2980 magis
941 2900 1068 2962 ¹⁹de
1116 2899 1430 2963 secundo?
1530 2900 1678 2962 Cum
1737 2901 1932 2961 ”vero
1990 2917 2105 2961 nos
2149 2900 2224 2961 ad
2269 2898 2603 2978 exemplum

235 3020 430 3064 suum
473 3002 776 3075 hortatur,
843 3002 1047 3080 utique
1092 3001 1416 3063 ostendens
1460 3001 1601 3080 quid
1647 3017 1759 3062 nos
1802 3000 1945 3062 velit
1987 3018 2156 3073 esse,
2212 2998 2273 3060 id
2319 3007 2412 3060 est
2452 3017 2602 3061 con-

235 3103 544 3175 tinente8‚
590 3101 810 3180 pariter
852 3102 1109 3164 declarat
1152 3100 1294 3181 quid
1335 3120 1451 3163 nos
1497 3120 1630 3163 esse
1672 3100 1909 3174 ''nolit‚
1977 3101 2034 3161 id
2080 3108 2175 3162 est
2216 3100 2601 3161 incontinen-

231 3212 356 3267 teS.
432 3190 519 3265 lta
566 3208 626 3264 et
667 3201 832 3284 ipse,
878 3221 1011 3264 cum
1058 3201 1210 3264 aliud
1255 3203 1409 3277 vult,
1456 3202 1516 3263 id
1561 3202 1720 3283 quod
1764 3219 1888 3263 non
1930 3201 2054 3263 vult
2093 3218 2207 3263 nec
2249 3209 2464 3281 sponte
2493 3219 2607 3263 nee

232 3357 316 3407 70.
364 3371 466 3407 non
504 3356 622 3415 (non
660 3358 778 3406 delet
812 3372 874 3407 m.
911 3372 1000 3407 sec.
1040 3357 1088 3405 in
1123 3355 1194 3413 B.)
1233 3355 1412 3405 habere
1449 3369 1591 3420 quam
1630 3362 1678 3405 et
1712 3355 1895 3405 bonum
1947 3355 2110 3417 (quam
2149 3353 2272 3403 dnos
2306 3354 2359 3403 B.
2394 3370 2455 3403 m.
2493 3353 2606 3415 sec.)

2657 1187 2757 1231 cor.
2770 1189 2859 1244 vn,

2653 1240 2820 1285 25—40.

231 3426 426 3477 BDabc.
481 3424 488 3433 '
536 3423 618 3473 71.
658 3425 814 3488 capiet
848 3423 900 3473 B.
991 3422 1071 3473 72.
1112 3425 1339 3485 innuptos
1374 3432 1422 3473 et
1457 3424 1624 3472 viduos
1659 3422 1767 3472 Διά.
1839 3429 2016 3486 nuptos
2054 3429 2102 3471 et
2134 3421 2300 3471 viduas
2335 3422 2523 3483 (viduos
2540 3420 2606 3483 b.)
2648 3426 2653 3441 ¹

185 3500 194 3505 '
228 3492 396 3545 BDab.
507 3488 589 3540 73.
628 3491 724 3541 iliis
761 3491 1134 3554 intellegendam
1169 3492 1254 3540 Ad.
1326 3490 1425 3540 iilis
1461 3491 1612 3549 (iliius
1648 3489 1723 3547 B.)
1759 3489 2105 3540 numerandam
2141 3490 2329 3555 reliqui.

381 3560 504 3622 Cap.
540 3558 613 3607 lv,
687 3560 730 3608 1.
770 3567 928 3608 tamen
965 3560 1141 3610 BDabc.
1237 3557 1283 3606 2.
1323 3558 1408 3607 sed
1446 3567 1493 3609 et
1527 3558 1568 3608 si
1605 3558 1792 3612 BDabc..
1867 3556 1912 3607 3.
1952 3556 2194 3620 delinquis
2227 3558 2312 3607 Ad.
2395 3557 2442 3609 4.
2481 3556 2605 3606 Pro-

233 3628 351 3678 inde
393 3627 575 3677 BDabc.
682 3625 729 3675 5.
768 3627 842 3675 dei
879 3626 1057 3678 BDabe.
1127 3627 1210 3676 Pm
1249 3626 1403 3689 inquit
1435 3628 1484 3675 A.
1520 3628 1656 3677 habet
1692 3624 1877 3689 inquid,
1910 3641 1993 3689 pro
2028 3639 2170 3674 more.
2276 3624 2324 3674 6.
2362 3638 2600 3674 consecu-

231 3705 314 3746 tus
355 3697 580 3755 (secutus
614 3695 688 3751 A.)
736 3711 761 3743 a
800 3694 996 3744 domino
1052 3694 1129 3753 (ad
1169 3690 1233 3741 130
1270 3691 1406 3758 Αφ.)
1455 3693 1612 3743 tidelis
1663 3692 1851 3751 (fideles
1887 3692 1973 3751 A.).
2006 3706 2115 3741 esse
2149 3692 2233 3742 Aa.
2315 3699 2606 3741 consecutus

228 3764 403 3815 fidelis
457 3776 566 3811 esse
613 3762 799 3826 reliqui.
921 3762 968 3810 7.
1005 3760 1227 3812 Ceterum
1266 3762 1348 3811 Aa.
1436 3762 1663 3824 quoniam
1702 3760 1842 3810 Dabo.
1924 3773 2065 3823 quam
2103 3759 2154 3809 B.
2272 3756 2367 3808 71».
2416 3760 2464 3808 in
2514 3773 2603 3808 om.

227 3830 422 3882 anaba.
533 3828 579 3878 8.
616 3830 868 3893 pervenias
903 3830 966 3880 A.-
1033 3829 1284 3892 pervincas
1333 3828 1693 3877 Hildebrandus.
1810 3824 1857 3876 9.
1897 3826 2196 3876 iterationem
2235 3825 2325 3875 Ios.
2357 3826 2603 3875 Mea-cerus.

167 3936 184 3945 ,
229 3899 487 3948 rationem
526 3900 576 3946 A.
659 3898 1015 3961 separationem
1050 3898 1238 3960 reliqui.
1359 3894 1438 3944 10.
1475 3895 1755 3956 agnoscitur
1786 3894 1966 3944 BDabc.
2053 3892 2319 3954 ignoscitur
2352 3892 2436 3941 Aa.
2523 3890 2602 3940 11.

227 3966 554 4017 interdictum
594 3979 679 4013 om.
704 3965 786 4014 Aa.
895 3960 972 4012 12.
1012 3964 1156 4013 huius
1191 3963 1368 4012 BDabo.
1460 3961 1538 4010 13.
1577 3961 1865 4019 interiectio,
1902 3960 2039 4023 quasi
2078 3959 2170 4007 iam
2210 3958 2603 4020 recogitationem

229 4047 477 4083 excessus
517 4033 581 4092 d„
623 4031 750 4081 Fulv.
791 4032 999 4081 Ursinus.
1083 4030 1369 4089 interiectio,
1421 4029 1557 4095 quasi
1594 4026 2039 4090 inrecogitati'onem
2090 4039 2315 4075 excessus
2351 4028 2605 4083 (excussus

225 4102 355 4160 BD.)
392 4099 583 4164 reliqui.
679 4097 758 4148 14.
795 4099 988 4148 frenant
1021 4096 1137 4162 Αφ.
1207 4098 1454 4147 refrenant
1487 4093 1583 4161 Αβ.
1684 4095 1761 4145 15.
1802 4094 2057 4144 collectum
2095 4094 2178 4143 Aa.
2250 4091 2455 4142 collecto
2490 4094 2604 4142 reli-

231 4171 341 4233 qui,
381 4174 569 4231 praeter
604 4166 654 4215 B.
692 4168 774 4231 qui
809 4171 941 4232 offert
976 4172 1189 4230 corrupte
1225 4164 1489 4216 intellecto.
1622 4162 1701 4213 16.
1739 4170 1999 4227 nuptorum
2036 4167 2083 4210 et
2119 4162 2430 4223 innuptorum
2468 4175 2603 4210 com-

227 4235 395 4285 mittit
428 4235 514 4284 Aa.
585 4242 847 4298 nuptorum
884 4235 1138 4283 committit
1170 4234 1357 4298 reliqui.
1468 4233 1546 4282 1¹1.
1585 4231 1829 4281 dissuadis
1861 4230 1953 4280 BD.
2025 4228 2313 4279 dissuadens
2348 4228 2398 4278 B.
2430 4245 2491 4277 m.
2514 4243 2602 4278 sec.

233 4302 325 4354 18.
369 4316 434 4351 ne
467 4302 646 4352 BDabc.
747 4300 826 4352 19.
862 4301 923 4350 de
959 4301 1238 4351 mBDabe.
1325 4298 1407 4349 20.
1446 4314 1535 4349 nos
1569 4314 1681 4349 vero
1718 4299 1897 4349 BDabo.
1999 4296 2081 4346 21.
2119 4296 2255 4346 nolit.
2292 4295 2362 4346 ita
2400 4303 2447 4345 et
2480 4296 2603 4358 ipse,

229 4380 356 4423 cum
400 4368 532 4420 aliud
568 4369 684 4431 vuit,
719 4370 768 4419 id
804 4368 936 4433 quod
970 4382 1069 4418 nou
1106 4367 1204 4417 vult
1235 4368 1321 4418 Ad.
1390 4367 1528 4417 nolit.
1573 4367 1628 4417 ld
1666 4367 1795 4431 quod
1832 4376 1929 4415 non
1962 4364 2063 4414 vuit
2096 4365 2283 4428 reliqui.

308 4505 440 4568 Cap.
480 4502 551 4552 IV.
615 4517 658 4557 a.
697 4502 992 4553 matrimonii
1030 4498 1378 4568 iterationem]
1484 4500 1613 4550 datio
1651 4514 1795 4578 quam
1830 4499 2010 4564 recepi.
2056 4498 2198 4561 Quod
2232 4496 2314 4547 alii
2350 4478 2606 4544 ediderunt

226 4573 489 4623 Palmaria
525 4571 649 4621 haec
681 4579 758 4621 eat
793 4569 950 4621 lasiae
974 4569 1174 4621 Herceri
1209 4583 1377 4619 emen·
1481 4569 1588 4619 sani
1624 4581 1882 4631 quicquam
1920 4580 2014 4617 nou
2052 4566 2195 4629 sapit.

1549 4636 1599 4687 h.
1636 4628 1887 4700 acessus]
1922 4625 2609 4695 Ci.adn.adApoloss.cap.0·
