3263 5311
1025 452 1100 493 m:
1149 452 1294 495 FUGA
1342 452 1402 495 nt
1445 452 1913 499 PensEGU‘rmNE.

2525 444 2652 511 469

292 598 512 679 duplex
565 598 720 661 ratio
761 598 1095 675 'defendit,
1160 602 1296 681 quia
1351 603 1579 682 ⁴neque
1631 604 1846 668 debeat
1897 605 2146 669 devitari
2203 627 2395 691 neque
2456 613 2653 692 possit

291 699 462 762 evadi
504 701 665 779 quod
708 720 742 763 a
786 701 900 762 deo
946 702 1161 764 evenit.
1225 701 1359 763 Non
1403 703 1582 765 debet
1611 704 1888 781 devitari,
1933 709 2069 787 quia
2098 709 2359 785 bonum3
2403 730 2651 777 necesse

290 808 387 863 est
429 799 587 862 enim
629 800 855 863 bonum
899 821 1035 864 esse
1078 820 1256 865 omne
1299 803 1460 882 quod
1503 805 1618 866 deo
1659 806 1851 869 visum
1880 816 1992 871 est.
2056 809 2130 872 Et
2157 813 2484 893 numquidb
2512 815 2649 877 ideo

287 901 352 962 in
387 900 607 962 Genesi
651 902 741 963 sic
780 902 1044 982 positum
1090 911 1212 978 est,
1255 904 1335 965 Et
1375 904 1519 966 vidit
1561 906 1712 969 deus
1743 908 1880 987 quia
1907 909 2131 972 bonum
2162 919 2288 985 est,
2334 931 2458 975 non
2486 916 2647 993 quod

287 1002 596 1081 ignoraret
635 1000 860 1064 bonum
905 1021 1076 1076 esse,
1131 1004 1251 1065 nisi
1307 1005 1586 1081 vidisset,
1648 1009 1755 1070 sed
1800 1018 1866 1072 ut
1905 1009 2021 1072 hoc
2065 1029 2219 1073 sono
2263 1013 2649 1092 portenderet

285 1103 521 1165 bonum
561 1121 697 1165 esse
739 1102 936 1182 ⁸quod
979 1103 1091 1164 deo
1136 1106 1331 1166 visum
1376 1106 1518 1169 est?
1580 1108 1760 1171 Multa
1799 1111 2037 1191 quidem
2068 1122 2239 1184 suut,
2285 1132 2435 1193 quae
2467 1135 2499 1177 a
2532 1116 2645 1177 deo

287 1205 570 1266 eveniant
624 1212 685 1265 et
725 1202 988 1265 alicuius·
1018 1204 1173 1266 malo
1218 1207 1507 1269 eveniant.
1582 1208 1771 1271 Immo
1815 1211 2039 1274 bonum
2086 1221 2179 1279 est
2220 1213 2385 1290 ideo,
2431 1216 2569 1295 quia
2611 1235 2645 1278 a

285 1304 408 1369 deo
453 1304 676 1379 evenit,
733 1304 1166 1378 ut⁸divinu1n,
1225 1308 1533 1371 rationale.
1644 1310 1801 1384 Quid
1856 1313 2015 1374 enim
2070 1313 2332 1376 divinum
2376 1334 2497 1376 non
2543 1333 2643 1379 ra-

283 1405 542 1479 nonae,
585 1424 707 1467 non
752 1405 1029 1468 bonum?
1095 1406 1250 1480 Quid
1295 1407 1520 1471 bonum
1564 1429 1689 1472 nou
1733 1412 2047 1476 divinum?
2118 1414 2183 1476 Si
2213 1424 2409 1478 autem
2440 1417 2646 1479 sensui

282 1505 611 1585 'maiusque
653 1505 938 1579 videtur0,
1013 1525 1136 1569 non
1192 1526 1409 1572 sensus
1452 1511 1714 1573 hominis
1757 1514 2116 1592 praeiudicat
2160 1516 2341 1577 statui
2382 1515 2641 1592 'rerum,

283 1607 400 1669 sed
443 1614 633 1668 status
687 1607 914 1669 sensui.
1004 1608 1204 1670 Status
1248 1609 1408 1671 enim
1448 1611 1897 1693 ⁹unusquisque
1941 1625 2167 1677 certum
2213 1614 2406 1696 ¹⁰quid
2450 1625 2543 1678 est
2584 1625 2645 1680 et

282 1708 395 1769 dat
450 1708 660 1769 sensui
708 1707 898 1787 legem
954 1708 995 1741 ¹¹
1011 1708 1091 1770 ita
1147 1710 1443 1773 sentiendi
1509 1721 1727 1775 statum
1796 1714 2027 1777 '’sicuti
2093 1723 2207 1799 est.
2318 1716 2382 1777 Si
2445 1725 2643 1780 autem

212 1802 215 1806 ’
284 1809 506 1871 ¹²statu
563 1808 801 1888 quidem
859 1808 1081 1870 bonum
1142 1812 1301 1890 quod
1357 1830 1390 1873 a
1444 1812 1557 1875 deo
1601 1814 1764 1877 venit
1816 1814 2044 1889 (¹⁴nihil
2086 1817 2244 1878 enim
2288 1836 2321 1878 a
2365 1817 2478 1881 deo
2522 1836 2647 1881 non

279 1910 544 1983 bonum,
589 1910 725 1989 quia
771 1910 1065 1982 divinum,
1111 1912 1247 1990 qnia
1291 1913 1635 1991 rationale),
1689 1915 1894 1977 sensui
1938 1935 2079 1978 vero
2124 1917 2346 1980 malum
2388 1918 2642 1992 videtur,

281 2012 401 2074 erit
443 2019 635 2073 status
680 2011 792 2072 ¹‘iu
835 2020 1000 2085 tuto,
1045 2029 1260 2073 sensus
1306 2011 1366 2073 in
1410 2014 1574 2076 vitio.
1685 2016 1911 2080 ¹‘Statu
1956 2018 2178 2099 optima
2222 2037 2320 2080 res
2362 2019 2642 2099 pudicitia

255 2104 344 2174 ‘et
391 2111 607 2173 veritas
652 2120 711 2173 et
751 2111 1005 2184 iustitia,
1056 2112 1263 2192 ¹''quae
1306 2131 1338 2173 a
1382 2115 1706 2178 multorum
1739 2116 1972 2180 1¹⁸sensu
2006 2117 2381 2198 displiceut³.
2451 2119 2643 2182 Num-

283 2211 428 2292 quid
473 2211 609 2273 ideo
656 2219 846 2274 status
893 2212 1151 2275 ¹⁹sensui
1196 2213 1535 2277 addicitur?
1622 2217 1706 2277 lta
1766 2227 1826 2279 et
1877 2218 2215 2297 persecutio
2275 2226 2431 2280 statu
2485 2219 2645 2281 bona

282 2321 410 2386 est,
455 2312 592 2392 quia
636 2312 830 2374 divina
874 2323 933 2374 et
975 2314 1280 2376 rationalis
1326 2314 1675 2395 dispositio,
1723 2319 1941 2380 sensui
1970 2337 2178 2381 eornm
2207 2319 2439 2393 ”verm
2487 2338 2643 2400 quo-

283 2432 419 2479 rum
477 2413 636 2475 malo
678 2413 928 2485 ²¹venit‚
996 2414 1286 2494 displicet.
1377 2415 1552 2478 Vides
1606 2417 1784 2479 etiam
1838 2417 1980 2480 illud
2036 2419 2255 2482 malum
2296 2420 2644 2483 ”rationale

197 2560 208 2573 ,
284 2514 442 2594 apud
484 2514 662 2576 deum
689 2514 965 2577 ”habere
977 2527 1019 2589 ⁶,
1065 2534 1199 2577 cum
1242 2516 1374 2595 quis
1420 2516 1480 2576 in
1523 2519 1943 2596 persecutione
1987 2521 2271 2583 evertitur
2313 2521 2387 2584 de
2427 2522 2636 2595 salute,

147 4455 154 4462 ·

121 4585 194 4692 ’ὲ

283 2614 443 2678 sicut
485 2624 545 2678 et
584 2615 864 2678 ”bonum
910 2616 1052 2678 illud
1097 2616 1325 2679 ratione
1371 2618 1747 2699 contingere,
1814 2619 2006 2683 ”cum
2051 2621 2187 2701 quis
2233 2638 2303 2683 ex
2346 2640 2635 2703 persecu·

286 2735 336 2785 3.
391 2736 607 2787 defendit
635 2752 696 2786 -ε-
734 2736 1019 2786 Ciccconias.
1104 2736 1333 2801 dependit
1375 2737 1548 2801 reliqui
1583 2745 1626 2788 et
1667 2738 1889 2791 Vaticani.
2005 2738 2053 2789 4.
2105 2754 2260 2803 neque
2296 2739 2470 2790 debeat
2504 2739 2636 2789 devi-

285 2803 396 2862 tari,
431 2818 586 2866 neque
620 2804 777 2868 possit
812 2803 943 2852 evadi
981 2804 1132 2864 (eyadi
1174 2807 1330 2868 possit
1363 2807 1428 2862 e.)
1471 2807 1600 2854 bede.
1641 2807 1917 2856 Gor-niensis.
2001 2820 2157 2870 neque
2205 2807 2316 2864 (uec
2349 2805 2418 2866 a.)
2465 2807 2639 2857 debeat

290 2869 422 2919 evadi
455 2871 574 2920 ABs.
674 2871 720 2920 5.
760 2871 888 2935 quod
925 2871 1069 2920 deum
1103 2873 1193 2920 AB.
1306 2869 1355 2919 6.
1392 2871 1599 2920 divinum
1637 2872 1872 2922 rationale
1906 2871 2055 2923 ABab.
2160 2872 2367 2921 divinum
2404 2881 2452 2922 et
2483 2874 2637 2924 ratio-

287 2936 402 2987 nale
436 2938 621 3001 reliqui.
717 2937 764 2987 7.
802 2939 1035 3002 cuiusque
1072 2952 1168 2987 non
1205 2937 1390 2988 videtur
1423 2942 1476 2988 A.
1502 2953 1563 2988 m.
1589 2954 1680 2989 sec.
1784 2937 1832 2988 8.
1870 2953 2031 2988 rerum
2069 2955 2163 3008 om.
2178 2940 2275 2990 cde.
2379 2940 2429 2989 9.
2467 2941 2636 2991 nnius·

287 3004 523 3068 cuiusque
569 3005 639 3054 de.
677 3006 931 3066 Rhenanus,
971 3011 1063 3055 tres
1108 3007 1325 3056 Vaticani.
1447 3004 1525 3054 10.
1562 3004 1677 3069 quid
1714 3013 1788 3055 est
1824 3014 1872 3055 et
1905 3007 1987 3056 dat
2022 3007 2149 3057 bede.
2177 3007 2432 3057 Rhenanus.
2521 3007 2637 3072 qnid

280 3079 388 3131 est,
441 3070 531 3121 sed
579 3071 657 3121 dat
683 3073 801 3123 Ana.
891 3073 1005 3135 quid
1054 3087 1108 3121 ex
1156 3086 1211 3121 se
1262 3072 1344 3122 dat
1377 3073 1634 3123 Rhenanus.
1761 3073 1842 3123 11.
1889 3072 1951 3123 ita
2000 3072 2238 3123 sentiendi
2286 3089 2326 3124 e.
2362 3078 2415 3126 A.
2446 3089 2507 3124 m.
2543 3090 2635 3126 sec.

277 3141 331 3188 iu
363 3154 510 3203 maro.
579 3141 803 3190 sentienti
850 3142 951 3190 bod.
992 3140 1247 3189 Rhenanus.
1335 3139 1586 3189 sentientis
1635 3140 1821 3204 reliqui.
1948 3138 2027 3189 12.
2076 3140 2216 3190 sicuti
2253 3148 2327 3190 est
2362 3156 2402 3190 e.
2483 3142 2525 3191 si
2562 3150 2638 3192 est

274 3208 465 3272 reliqui.
573 3206 652 3257 13.
687 3215 864 3257 statum
903 3207 1098 3271 quidem
1132 3207 1221 3256 AB.
1290 3214 1445 3256 status
1481 3206 1677 3269 quidam
1712 3212 1765 3259 A.
1789 3223 1849 3256 m.
1869 3223 1960 3258 sec.
2068 3207 2147 3257 14.
2185 3207 2303 3257 nibil
2341 3208 2469 3258 enim
2505 3210 2635 3260 bede.

278 3275 560 3324 corsiensis.
643 3274 759 3324 nibil
794 3275 912 3325 ABu.
1022 3274 1100 3324 15.
1138 3276 1185 3323 iu
1221 3280 1323 3324 toto
1370 3274 1493 3333 Μαι.
1509 3273 1699 3338 ρτ.)Βα.
1808 3273 1887 3325 16.
1935 3274 2098 3325 Status
2135 3275 2314 3340 optima
2360 3277 2411 3326 A.
2443 3291 2503 3325 m.
2541 3292 2634 3328 sec.

278 3341 359 3391 17.
401 3356 524 3405 quae
562 3341 822 3392 multorum
856 3344 907 3391 Α.
941 3357 1001 3391 m.
1024 3358 1116 3392 sec.
1225 3340 1302 3409 18.
1339 3356 1487 3391 sensu
1525 3340 1782 3405 displicent
1817 3344 1977 3393 abcde.
2047 3357 2222 3393 sensus
2257 3341 2517 3406 displicent
2546 3343 2637 3393 AB.

273 3409 504 3458 sensibus
541 3409 800 3473 displicent
830 3409 882 3459 A.
918 3425 979 3458 m.
1015 3424 1102 3459 sec.
1214 3408 1293 3458 19.
1329 3408 1494 3458 sensui
1530 3408 1768 3459 addicitur
1802 3409 2026 3467 (adicitur
2060 3411 2111 3460 A.
2129 3425 2188 3459 m.
2204 3409 2317 3470 sec.)
2353 3412 2482 3462 bede.
2520 3410 2636 3461 Gor-

272 3478 453 3526 ziensis
490 3483 532 3525 et
566 3478 805 3527 Ammae-
876 3490 1051 3526 seusus
1088 3490 1113 3525 a
1150 3476 1225 3525 sui
1261 3475 1466 3526 adicitur
1499 3477 1551 3525 A.
1620 3490 1797 3526 sensus
1833 3477 1908 3526 sui
1944 3476 2182 3527 addicitur
2215 3477 2296 3527 Ba.
2403 3475 2484 3526 20.
2521 3492 2634 3528 vero

272 3542 405 3593 mala
442 3556 648 3606 quorum
683 3544 735 3596 A.
769 3559 831 3593 m.
855 3559 945 3593 sec.
1019 3556 1225 3607 quorum
1263 3541 1393 3593 malo
1429 3543 1556 3592 veuit
1589 3543 1717 3593 mala
1764 3544 2007 3596 Rhenanus
2040 3547 2092 3594 in
2123 3560 2269 3608 marg.
2320 3599 2329 3602 ,
2374 3543 2454 3594 21.
2492 3545 2634 3605 venit,

269 3610 521 3675 displicet.
571 3610 712 3660 Vides
747 3612 874 3661 bede.
914 3611 1193 3661 Gorziensis.
1275 3610 1416 3660 veuit.
1463 3609 1560 3659 Sed
1596 3610 1711 3674 quid
1748 3619 1824 3661 est
1855 3611 1974 3661 Asa.
2055 3611 2195 3662 veuit.
2241 3612 2470 3675 Sequitur
2517 3613 2634 3662 Rhe-

269 3693 446 3729 nanus.
527 3675 610 3728 22.
647 3677 882 3728 rationale
916 3678 1032 3727 ABa.
1103 3678 1341 3727 rationem
1376 3677 1563 3740 reliqui.
1647 3676 1728 3727 23.
1766 3679 1933 3730 haberi
1969 3680 2227 3728 Rhenanus.
2333 3678 2415 3727 24.
2451 3679 2633 3728 bouum

272 3743 398 3795 illud
432 3743 583 3795 Anas.
655 3744 774 3798 illud
810 3746 989 3794 bonum
1025 3744 1211 3809 reliqui.
1316 3742 1397 3794 25.
1447 3757 1556 3792 cum
1593 3746 1702 3808 quis
1739 3752 1787 3795 et
1821 3746 2159 3808 persecutione
2196 3745 2421 3793 evertitur
2455 3743 2515 3794 de
2550 3759 2633 3795 aa·

269 3810 378 3868 lute
414 3812 541 3861 sieut
574 3818 623 3861 et
654 3812 836 3863 bonum
871 3811 991 3861 illud
1028 3813 1214 3862 ratione
1250 3812 1527 3872 contingere
1564 3825 1675 3860 cum
1712 3812 1820 3875 quis
1856 3825 1911 3860 ex
1945 3812 2282 3875 persecutione
2317 3811 2368 3860 A.

337 3913 395 3961 b.
429 3911 490 3961 Bt
536 3910 792 3976 numquid]
849 3912 986 3961 Verte
1047 3911 1205 3972 „Und
1258 3911 1405 3962 sollte

267 3978 519 4029 vieneicht
566 3979 736 4029 darum
784 3980 907 4029 eben
942 3978 1066 4029 ancli
1102 3979 1151 4029 in
1189 3978 1276 4028 der
1311 3980 1407 4030 Ge·-

266 4045 411 4098 nesis
456 4046 674 4096 stebeu“
709 4061 818 4111 sqq.
889 4046 963 4096 Cf.
1011 4046 1121 4096 Λᾶν.
1163 4046 1307 4096 Marc.
1342 4045 1407 4105 n,

263 4114 317 4177 4,
357 4111 446 4162 ubi
482 4113 655 4165 iisdem
691 4127 847 4177 paene
883 4111 1040 4163 verbis
1075 4114 1278 4164 eandem
1298 4126 1403 4163 rem

264 4187 554 4246 pertractat.

336 4264 388 4299 c.
425 4247 477 4298 Si
523 4254 683 4298 autem
719 4248 884 4297 sensui
922 4248 1155 4312 cuiusque
1190 4241 1402 4312 videtur]

263 4315 472 4367 Scilicet
505 4328 652 4365 omne
687 4313 819 4378 quod
853 4329 880 4363 a
917 4316 1012 4365 deo
1045 4315 1200 4365 evenit
1217 4315 1402 4365 bouum

264 4396 403 4441 esse,
438 4383 553 4446 quia
589 4382 818 4439 divinum,
846 4382 957 4446 quia
977 4382 1228 4433 rationale.
1263 4382 1401 4431 Prae-

261 4451 468 4510 iudicat,
510 4449 559 4498 b.
597 4463 641 4498 e.
678 4449 856 4498 iudicio
892 4451 1062 4512 praeit.

335 4518 387 4566 d.
424 4529 552 4579 quae
587 4531 614 4566 a
652 4515 915 4566 multorum
934 4531 1081 4567 sensu
1097 4510 1401 4579 displicent]

263 4582 623 4634 Animadvertis
659 4590 951 4634 structuram
985 4583 1112 4633 verbi
1132 4582 1394 4647 displicere,

265 4650 698 4724 bicmiusoleutiua
744 4650 893 4700 iuncti
931 4663 1038 4700 cum
1074 4667 1104 4701 a
1137 4649 1394 4715 praeposi-

1509 3911 1670 3971 tione,
1717 3910 1942 3961 similiter
1991 3919 2134 3975 atque
2171 3911 2314 3961 etiam
2350 3911 2493 3960 verba
2528 3911 2631 3961 die-

1507 3980 1678 4039 aidere,
1720 3979 1912 4039 distare,
1949 3980 2197 4030 commu
2220 3986 2269 4026 et
2285 3976 2463 4027 similia
2484 3991 2630 4041 prae·

1508 4053 1583 4096 ter
1637 4045 1898 4108 legitimam
1944 4044 2129 4108 passim
2180 4045 2437 4095 admittunt
2486 4044 2630 4096 etiam

1506 4112 1745 4177 simplicis
1781 4112 1921 4165 dativi
1958 4120 2267 4163 structuram.

1576 4194 1619 4230 a.
1656 4180 1894 4231 rationale
1931 4179 2059 4246 apud
2095 4179 2237 4229 deum
2263 4173 2467 4244 babere]
2503 4178 2631 4230 Rbe-

1507 4261 1663 4297 nanus
1701 4247 1877 4310 corrigi
1912 4246 2062 4297 voluit
2080 4247 2256 4308 haberi,
2296 4245 2376 4296 alii
2404 4248 2632 4297 rationem

1504 4329 1593 4378 pro
1641 4316 1900 4377 rationale,
1969 4314 2100 4378 quod
2152 4313 2262 4363 libri
2314 4313 2482 4377 scripti
2536 4327 2630 4362 uua

1504 4396 1613 4432 cum
1662 4383 1883 4447 principe
1929 4381 2142 4432 editione
2176 4380 2414 4438 retinent,
2460 4392 2630 4428 emen·

1502 4449 1714 4499 dandum
1793 4449 2043 4499 duxeruut.
2139 4447 2354 4504 Neutro,
2437 4446 2631 4507 opinor,

1503 4529 1626 4579 opus
1665 4529 1775 4564 esse
1810 4514 2073 4572 videbitur,
2108 4513 2151 4564 si
2186 4511 2465 4563 memineris
2499 4510 2632 4572 apud

1502 4580 1853 4632 Tertullianum
1888 4595 1987 4631 non
2023 4581 2376 4643 infrequentem
2410 4591 2516 4627 esse
2539 4577 2631 4625 ad-

1503 4648 1782 4700 iectivorum
1830 4661 1972 4702 usum
2006 4645 2303 4698 substantive
2336 4644 2631 4709 positorum.
