3263 5311
500 2852 609 2908 Cap.
628 2850 716 2894 vu.

1256 443 1458 495 omnm
1502 441 1767 486 summ!
1803 441 2137 486 nonnus
2183 442 2571 486 Taurunum!

1585 517 1609 548 a

742 425 868 493 656

743 595 1041 668 senseris,
1085 594 1233 656 fides
1273 612 1447 669 sana,
1492 593 1854 656 conscientia
1883 592 2069 655 semel
2097 592 2517 674 paenitentiam
2545 591 2887 673 amplexata.
2959 591 3075 656 Ge-

741 705 935 759 terum
990 694 1044 757 si
1086 694 1159 756 ab
1211 693 1380 774 aquis
1432 713 1679 775 peccare
1734 694 2111 768 desistimus,
2175 694 2589 769 necessitate¹,
2657 711 2782 756 non
2840 701 3072 774 sponte,

742 795 1137 859 innocentiam
1179 795 1501 860 induimus.
1568 796 1716 869 Quis
1760 786 1905 874 ergo
1946 795 2008 857 in
2052 795 2315 858 bonitate
2356 792 2772 877 praecellens?
2815 795 2914 858 cui
2955 813 3076 856 non

740 898 910 971 licet,
954 896 1114 959 ”aut
1155 896 1250 958 cui
1293 897 1565 977 displicet
1606 896 1760 958 malo
1806 896 1988 959 esse?
2031 897 2128 976 qui
2173 896 2462 971 iubetur,-
2498 914 2575 958 an
2616 896 2716 976 qui
2755 896 3080 959 delectatur

742 999 831 1062 ”a
874 995 1118 1061 crimine
1158 997 1413 1060 vacare?
1484 997 1642 1078 Ergo
1687 1016 1799 1060 nec
1840 1016 1873 1060 a
1915 999 2072 1060 furto
2117 1017 2332 1061 manus
2358 1007 2722 1072 avertamus,
2761 999 2884 1060 nisi
2913 998 3077 1072 dau·

745 1108 1005 1164 strorum
1049 1098 1263 1174 duritia
1305 1109 1623 1181 repugnet,
1668 1119 1780 1161 nec
1823 1100 2032 1166 oculos
2073 1119 2110 1161 a
2154 1100 2345 1179 stupri
2377 1097 2938 1180 ²‘concupiscentiis
2977 1118 3078 1162 re·

743 1187 1080 1273 frenemuS,
1127 1201 1242 1262 nisi
1290 1220 1320 1262 a
1366 1200 1712 1263 custodibus
1753 1218 2072 1280 corporum
2100 1200 2468 1276 ”abstracti,
2513 1202 2570 1262 si
2613 1219 2791 1263 nemo
2835 1200 3078 1262 domiuo

744 1303 979 1365 deditus
1022 1301 1365 1383 delinquere
1408 1302 1640 1368 desinet
1680 1302 1795 1363 nisi
1842 1302 2189 1364 intinctione
2245 1302 2536 1382 alligatae.
2593 1371 2598 1378 ,
2637 1302 2813 1375 Quod
2868 1301 2928 1364 si
2984 1301 3077 1381 qni

744 1405 823 1466 ita
866 1404 1153 1478 senserit,
1198 1404 1406 1466 nescio
1448 1421 1523 1465 an
1568 1403 1851 1467 intinctus
1895 1404 2083 1483 magis
2111 1403 2589 1478 ”contristetun
2633 1403 2792 1482 quod
2835 1422 3080 1484 pem

745 1507 1021 1581 desierit,
1086 1524 1261 1586 quam
1314 1504 1593 1580 laetetur,
1659 1506 1819 1585 quod
1876 1506 2149 1568 evaserit.
2263 1505 2467 1585 Itaque
2524 1505 2832 1580 audientes
2875 1513 3080 1585 eptae

746 1608 1188 1680 intinctionem,
1234 1626 1356 1668 non
1398 1617 2080 1687 praesumereoportet.
2181 1608 2295 1681 Qui
2339 1606 2496 1670 enim
2540 1614 2738 1687 optat,
2793 1606 3081 1668 honorat:

747 1710 853 1790 qui
891 1709 1248 1790 praesumit,
1295 1703 1601 1789 superbit(
1658 1708 1723 1769 ln
1768 1708 1870 1770 illo
1915 1708 2403 1783 verecundia,·in
2445 1708 2564 1770 isto
2608 1707 2934 1787 petulantia
2975 1726 3081 1787 ap—

747 1813 933 1893 paret.
1020 1809 1122 1872 llle
1168 1809 1407 1890 satagit,
1465 1809 1564 1871 hic
1604 1810 1877 1891 neglegit.
1965 1808 2069 1872 Ille
2107 1801 2324 1872 mereri
2367 1809 2560 1890 cupit,
2622 1817 2682 1870 at
2721 1807 2820 1870 bic
2863 1817 2933 1871 ut
2973 1809 3082 1870 de-

746 1912 936 1975 bitum
992 1910 1106 1972 sibi
1165 1894 1542 1991 repromittit.
1651 1912 1755 1973 Ille
1811 1911 2020 1986 sumit,
2082 1911 2183 1974 hic
2240 1909 2481 1974 invadit.
2585 1910 2777 1984 Quem
2833 1928 3083 1972 censeas

748 2013 1077 2092 digniorem
1121 2012 1238 2073 nisi
1283 2012 1792 2075 emendatiorem?
1845 2013 2076 2094 ”quem
2119 2012 2613 2085 emendatiorem,
2656 2012 2772 2074 nisi
2816 2011 3083 2074 timidio—

747 2132 909 2188 rem,
957 2121 1017 2175 et
1058 2112 1277 2175 idcirco
1320 2132 1457 2176 vera
1499 2114 1857 2193 paenitentia
1899 2112 2210 2177 functum?
2275 2114 2498 2177 Timuit
2538 2113 2693 2176 enim
2736 2113 2935 2176 adhuc
2974 2113 3119 2174 de·-

747 2215 1048 2295 linquere,
1106 2234 1183 2277 ne
1234 2233 1355 2276 non
1413 2224 1744 2278 mereretur
1786 2216 2070 2296 accipere.
2167 2215 2241 2277 At
2291 2216 2390 2278 ille
2442 2222 2896 2296 praesumptor,
2953 2234 3086 2276 enm

749 2316 865 2379 sibi
916 2317 1394 2398 repromitteret,
1460 2336 1706 2380 securus
1773 2317 2025 2391 scilicet,
2089 2318 2301 2382 timere
2356 2335 2477 2382 non
2531 2317 2755 2397 potuit:
2829 2317 2926 2379 sic
2977 2335 3088 2378 nec

749 2418 1166 2500 paenitentiam
1209 2418 1503 2499 implevit,
1558 2419 1696 2500 quia
1739 2419 2135 2482 instrumento
2180 2419 2604 2499 paenitentiae,
2659 2418 2718 2480 id
2762 2425 2860 2482 est
2902 2427 3086 2490 mem,

750 2520 956 2583 caruit.
1052 2519 1460 2599 Praesumptio
1517 2519 1965 2584 inverecundiae
2023 2519 2222 2600 portio
2285 2529 2405 2583 est:
2470 2520 2635 2582 inflat
2684 2518 2730 2552 ²⁸
2740 2519 3088 2598 petitorem,

752 2620 1003 2703 despicit
1056 2621 1343 2685 datorem.
1443 2622 1648 2703 Itaque
1702 2621 1915 2702 decipit
1967 2639 2407 2701 nonnunquam.
2515 2626 2665 2684 Ante
2706 2620 2866 2683 enim
2913 2640 3089 2702 quam

752 2724 1035 2787 debeatur
1076 2725 1630 2805 repromittit‚·quo
1675 2742 1913 2811 semper
1953 2724 2008 2785 is
2054 2724 2153 2805 qui
2182 2732 2274 2786 est
2299 2731 2709 2805 praestaturus
2741 2723 3091 2785 offenditur.

921 2827 1269 2907 Hucusque,
1327 2825 1563 2889 Christe
1615 2825 1888 2899 domine,
1946 2824 2020 2886 de
2065 2824 2488 2905 'paenitentiae
2542 2824 2848 2905 disciplina
2898 2827 3090 2887 servis

751 2927 870 2990 tuis
915 2926 1182 2990 'discere
1223 2927 1315 2989 vel
1357 2928 1561 2990 audire
1604 2927 1934 3006 contingat,
1998 2944 2308 3007 quousque
2362 2925 2534 2988 etiam
2579 2924 2928 3006 delinquere
2973 2945 3091 2989 non

752 3037 991 3110 oportet
1043 3028 1472 3125 audientibus·,
1537 3028 1629 3090 vel
1684 3028 1828 3089 nihil
1884 3028 1996 3088 iam
2053 3027 2127 3089 de
2170 3027 2544 3108 paenitentia.
2568 3026 2883 3102 noverint,
2948 3027 3092 3089 nihil

752 3131 879 3193 eius
922 3131 1243 3211 requirant.
1327 3128 1497 3210 Piget
1539 3130 1867 3204 secundae,
1928 3128 2109 3191 immo
2155 3128 2268 3190 iam
2313 3129 2552 3191 ultimae
2596 3128 2725 3208 spei
2771 3128 3092 3191 subtexere

750 3283 833 3336 22.
872 3293 954 3335 aut
987 3284 1170 3335 Aecae».
1240 3299 1299 3333 an
1336 3282 1407 3344 (A.
1440 3300 1501 3334 m.
1528 3282 1641 3343 sec.)
1677 3285 1748 3334 cd.
1853 3282 1933 3332 23.
1971 3297 1995 3330 a
2035 3283 2233 3333 crimine
2269 3296 2435 3332 vacare
2481 3284 2614 3337 abed.
2700 3297 2728 3331 a
2766 3280 2976 3332 crimine
3011 3298 3092 3332 va·

752 3367 861 3403 care
902 3352 948 3402 C.
1019 3352 1217 3402 crimine
1252 3366 1421 3401 vocare
1454 3351 1543 3402 AB.
1636 3351 1715 3401 24.
1754 3350 2151 3414 concupiscentes
2184 3351 2271 3401 AB.
2368 3349 2450 3400 25.
2488 3351 2716 3400 abstracti
2751 3351 2848 3401 duo
2871 3351 3095 3401 Vatiae-i.

751 3422 946 3470 astructi
983 3420 1068 3471 ΑΒ.
1140 3419 1370 3469 abstructi
1407 3435 1526 3469 unus
1568 3419 1826 3470 Vaticanus.
1899 3419 2132 3468 obstructi
2172 3418 2337 3469 Gabcd.
2381 3460 2389 3469 .
2424 3418 2604 3468 astricti
2638 3418 2690 3467 A.
2724 3432 2785 3467 m.
2823 3434 2916 3469 sec.
3013 3417 3099 3469 26.

753 3487 1061 3537 constritetur
1094 3487 1144 3537 A.
1216 3485 1299 3536 27.
1335 3501 1477 3550 quem
1517 3487 1911 3548 emendatiorem,
1950 3486 2038 3535 nisi
2077 3486 2364 3536 timidiorem
2402 3488 2555 3536 aad.
2626 3484 2707 3535 28.
2743 3486 3095 3549 potioremss.

890 3554 1007 3619 Cap.
1042 3552 1136 3604 vil.
1228 3554 1273 3602 1.
1308 3553 1599 3618 paenitentia
1633 3554 1721 3605 AB.
1825 3553 1872 3605 2.
1909 3554 2096 3616 discere
2132 3556 2198 3617 d„
2237 3554 2364 3605 Fulv.
2403 3554 2613 3603 Ursinus.
2681 3553 2847 3604 dicere
2881 3552 3098 3605 saccae.

752 3662 941 3705 tenetur
974 3660 1072 3705 tota
1108 3656 1198 3705 vita
1233 3669 1319 3704 sua
1336 3654 1637 3705 Christianus
1674 3656 1754 3719 qni
1792 3658 1866 3705 in-

751 3731 885 3785 tegre
920 3725 1047 3788 sapit
1082 3723 1138 3773 ad
1174 3723 1335 3781 deum,
1391 3730 1552 3773 mente
1598 3723 1658 3772 ad
1708 3723 1868 3773 idolo-

753 3791 970 3853 latriam,
1023 3791 1083 3841 ad
1136 3800 1386 3854 stuprum,
1440 3790 1500 3840 ad
1553 3791 1866 3841 homicidium

756 3861 996 3911 irretorta.
1032 3859 1244 3921 (Rigalt.)

819 3942 864 3977 x.
902 3923 1210 3993 necessitate]
1264 3927 1486 3977 Iurabant
1528 3928 1576 3977 in
1626 3926 1866 3990 baptismo

753 3994 1036 4045 solennibus
1071 3996 1226 4046 verbis
1271 4010 1323 4044 se
1361 4008 1603 4060 nunquam
1643 4003 1866 4059 peccatu-

752 4077 855 4123 ros,
878 4059 1063 4113 „deinde
1086 4063 1422 4113 renuntiabant
1440 4061 1634 4113 diabolo
1657 4070 1704 4111 et
1726 4074 1868 4125 pom-

752 4130 829 4194 pis
866 4130 987 4190 eius,
1024 4131 1232 4195 denique
1267 4145 1489 4190 censura,
1538 4131 1577 4180 si
1614 4137 1871 4194 peccarent

753 4206 868 4262 post
904 4198 1212 4261 baptismum,
1247 4198 1618 4248 coercebantur:
1658 4212 1870 4262 quapro-

752 4271 862 4329 pter
897 4265 961 4315 ait
994 4267 1278 4315 necessitate.
1314 4264 1600 4329 (Albaspin.)

823 4332 938 4397 Cap.
973 4331 1067 4380 Vll.
1149 4347 1192 4380 a.
1241 4347 1337 4382 non
1389 4340 1583 4396 oportet
1630 4332 1869 4383 audienti·

752 4396 869 4464 bns]
919 4399 1193 4449 ‘l'ransitum
1245 4407 1385 4464 parat
1431 4400 1491 4449 ad
1539 4415 1646 4450 eam
1701 4401 1870 4465 paeni-

753 4469 930 4518 tentiae
964 4467 1194 4532 speciem,
1237 4482 1358 4532 quae
1392 4468 1599 4533 relapsis
1637 4478 1747 4533 post
1780 4468 1870 4518 ba-

752 4537 982 4601 ptismum
1045 4536 1376 4600 amplectenda
1435 4544 1676 4601 superest,
1744 4536 1870 4586 velut

754 4603 847 4654 iam
900 4603 1111 4655 secunda
1165 4612 1277 4667 post
1332 4604 1635 4667 naufragium
1690 4603 1868 4654 tabula.

754 4670 999 4734 Desinant,
1036 4672 1204 4737 iuquit,
1253 4673 1533 4738 delinquere
1569 4685 1677 4724 cum
1713 4671 1867 4723 semel

1968 3654 2306 3720 paenitentiam
2343 3655 2544 3717 egerint,
2590 3655 2888 3718 baptismum
2921 3670 3098 3706 acm·

1969 3724 2090 3783 suri,
2138 3738 2228 3773 nec
2275 3723 2336 3773 de
2372 3724 2523 3772 altero
2563 3722 2705 3787 plane
2739 3722 2883 3771 velim
2921 3724 3100 3786 paeni-

1968 3792 2145 3841 tentiae
2179 3805 2355 3854 genere
2404 3791 2565 3841 doceri
2617 3804 2816 3840 necesse
2865 3791 3102 3841 babeant.

1968 3861 2214 3910 Audientes
2261 3867 2375 3908 suut
2420 3858 2764 3909 catechumeni.
2839 3857 2908 3907 De
2965 3868 3101 3909 stra-

1970 3935 2102 3977 ctura
2139 3927 2268 3976 verbi
2305 3933 2480 3991 oportet
2515 3940 2624 3976 cum
2661 3925 2818 3975 dativo
2858 3926 2923 3975 cf.
2965 3926 3104 3977 nue-

1970 3995 2084 4044 dim.
2121 3993 2276 4044 instit.
2296 3995 2506 4044 Graium.
2539 3994 2598 4055 ΙΙ,
2633 4008 2678 4057 p.
2696 3990 2814 4043 208.
2865 3994 3102 4044 estem

1971 4062 2183 4111 imitatus
2202 4069 2274 4111 est
2302 4063 2430 4111 bunc
2452 4061 2611 4111 locum
2633 4061 2870 4110 Paciauus
2889 4061 3054 4126 Epist.
3067 4061 3101 4110 Ι.

1972 4130 2031 4179 ad
2067 4129 2469 4194 sympronianum
2522 4131 2658 4187 (tom.
2691 4128 2765 4178 lv.
2803 4128 2931 4178 Bibl.
2975 4130 3102 4179 Pau.
3157 4159 3162 4167 ,

1969 4197 2142 4259 Lugd.)
2189 4213 2236 4262 p.
2269 4196 2400 4248 306:
2473 4195 2590 4257 „De
2639 4197 2939 4261 paenitentia
2993 4212 3102 4247 m

1969 4265 2100 4315 Deus
2136 4274 2365 4328 praestet,
2403 4272 2454 4314 ut
2487 4264 2636 4314 nullis
2666 4263 2896 4315 fidelibus
2921 4280 3102 4315 neees-

1970 4334 2098 4383 saria
2135 4334 2214 4394 sit,
2251 4348 2394 4383 nemo
2430 4339 2542 4396 post
2587 4332 2714 4382 sacri
2761 4332 2914 4382 fontis
2969 4333 3104 4383 ausi-

1971 4401 2087 4450 lium
2126 4402 2310 4450 foveam
2349 4401 2516 4450 mortis
2553 4402 2783 4459 incurrat,
2821 4413 2917 4450 nee
2963 4400 3101 4451 md·

1970 4469 2207 4520 solamina
2243 4470 2461 4531 ingerere
2495 4467 2777 4518 sacerdotes
2813 4475 2898 4518 aut
2919 4467 3104 4518 doe-e

1972 4545 2220 4600 cogantur,
2257 4548 2317 4587 ne
2341 4535 2571 4601 peccandi
2595 4536 2686 4585 iter
2704 4537 2950 4601 aperiant,
2990 4537 3103 4587 dn

1969 4605 2201 4669 peccandi
2236 4604 2465 4656 remediis
2498 4604 2868 4655 blandiantur.‘⁴
