3263 5311
1172 515 1173 518 Ἴ
1228 418 1304 509 ns
1347 465 1682 510 partuum.
1929 493 1933 499 -
2165 423 2190 482 ι·
2493 453 2618 518 615

290 616 622 696 gotiantes·
662 633 915 677 uxorum
943 594 1341 696 potestatibus
1373 616 1615 693 subicit,
1661 636 1811 697 quae
1840 616 2198 698 aucupandis
2228 617 2626 682 orbitatibus*

292 735 531 778 omnem
573 717 760 779 coacti
789 716 1057 797 obsequii
1086 716 1353 780 laborem
1380 717 1679 781 'mentitis
1709 717 2138 781 adfectionibus
2181 719 2424 795 tolerat,
2472 739 2624 802 quae

290 817 517 880 ventris
548 818 853 898 operarios
878 817 1362 882 ’contumeliosis
1382 820 1728 900 patrociniis
1754 819 2126 883 subiectione
2156 820 2446 884 libertatis
2471 821 2618 903 ⁹gu-

289 917 383 981 lae
412 918 681 981 addicit·.
739 919 902 981 Talia
930 919 1202 982 nationes
1231 919 1548 1001 patientiae
1577 921 1769 984 studia
1802 921 2169 997 ¹⁰noverunt,
2216 930 2276 984 et
2304 923 2447 985 tanti
2473 923 2623 986 boni

288 1037 509 1082 nomen
551 1020 744 1082 foedis
789 1020 1232 1101 operationibus
1278 1030 1597 1103 occupant3
1655 1022 1998 1103 ¹¹patientes
2051 1022 2320 1085 rivalium
2363 1032 2424 1086 et
2464 1023 2618 1086 divi-

286 1129 414 1184 tum
459 1128 520 1183 et
559 1121 940 1184 invitatorum
953 1121 992 1197 ἴ,
1037 1121 1413 1204 impatientes
1456 1123 1645 1186 solius
1690 1125 1788 1187 dei
1827 1124 2050 1187 vivunt.
2148 1124 2268 1188 Sed
2313 1125 2355 1159 ¹¹
2368 1125 2624 1188 viderint

291 1241 402 1285 sua
443 1230 503 1284 et
546 1223 641 1284 sui
681 1222 971 1303 praesidis
1013 1223 1351 1305 patientiat,
1395 1225 1821 1305 quam'snbter
1861 1225 2061 1307 ignis*
2091 1234 2378 1309 expectat.
2443 1226 2620 1289 Cete-

286 1339 423 1386 rum
465 1341 578 1386 nos
632 1342 896 1387 amemus
947 1323 1290 1405 patientiam
1342 1325 1471 1400 dei,
1526 1326 1870 1407 patientiam
1912 1326 2162 1390 Christi:
2221 1328 2621 1409 rependamus

286 1424 374 1487 illi
418 1444 593 1506 quam
635 1444 747 1506 pro
792 1425 969 1487 nobis
1012 1425 1144 1506 ipse
1189 1425 1542 1506 ”dependit
1653 1428 1989 1490 Offeramus
2042 1419 2386 1510 patientiam
2437 1428 2622 1511 spiri-

284 1535 422 1601 tus,
464 1526 808 1608 patientiam
853 1525 1079 1602 carnis,
1144 1527 1245 1607 qui
1291 1527 1403 1589 ¹⁴in
1446 1529 1947 1591 resurrectionem
2006 1530 2199 1593 carnis
2263 1538 2325 1594 et
2361 1529 2620 1612 ‘spiritus

287 1626 608 1691 credimus.

286 1782 339 1832 ¹¹1.
376 1782 601 1833 mentitur
634 1784 685 1833 A.
754 1783 982 1833 mentitus
1017 1783 1066 1833 B.
1155 1781 1202 1833 8.
1241 1782 1604 1834 contumeliosis
1637 1784 1857 1847 patronis
1894 1786 1941 1835 d.
2011 1784 2389 1836 contumeliosos
2405 1785 2623 1849 patronis

282 1849 420 1901 fulv.
458 1851 666 1900 Ursinus.
769 1849 819 1900 9.
872 1850 980 1913 gula
1026 1851 1157 1901 fulv.
1195 1849 1404 1902 Ursinus.
1476 1851 1652 1902 Omittit
1686 1854 1732 1903 d.
1820 1853 1905 1903 Pto
1954 1852 2133 1903 addicit
2175 1854 2227 1902 in
2258 1854 2310 1904 A.
2347 1859 2415 1903 est
2462 1852 2622 1904 adicit.

288 1918 375 1968 10.
411 1926 659 1968 moverunt
689 1918 778 1969 AB.
888 1918 964 1967 ll.
1000 1919 1220 1969 rivalium
1253 1943 1320 1955 —
1353 1943 1421 1956 -
1458 1920 1762 1983 impatientes
1810 1936 1898 1971 om.
1932 1920 2055 1971 ABG.
2163 1920 2243 1970 12.
2278 1920 2485 1971 viderint
2534 1936 2623 1972 sna

287 1995 340 2037 et
372 1987 448 2037 sni
484 1985 721 2052 praesidis
755 1986 983 2050 patientia
1018 2001 1161 2051 qnam
1197 2002 1295 2050 epo.
1364 1985 1566 2038 viderint
1599 2001 1686 2037 sna
1724 1995 1772 2038 et
1804 1988 1881 2038 sui
1927 1989 2034 2047 (sna
2068 1987 2144 2038 sui
2177 1992 2229 2039 Α.
2252 2004 2312 2039 ιιι.
2340 2003 2433 2040 sec.
2483 2003 2622 2040 suana

283 2054 365 2104 sui
401 2070 439 2104 c.
457 2053 686 2110 Latinius)
721 2053 971 2118 praesides
1006 2069 1147 2119 quam
1185 2053 1431 2118 (quoniam
1445 2054 1555 2115 AB.)
1589 2054 1816 2118 patientia
1854 2055 2023 2106 subter
2054 2054 2264 2106 ABCnbc.
2333 2055 2502 2107 viderit
2534 2071 2623 2107 sua

284 2130 338 2172 et
371 2122 446 2172 sui
483 2122 720 2186 praesidis
754 2122 999 2186 patientia,
1036 2136 1179 2187 qnam
1215 2122 1382 2173 subter
1416 2124 1481 2185 d„
1520 2123 1878 2174 fatam-sinus.
1931 2124 2243 2188 Ios.Scali9er
2275 2125 2456 2175 inducit
2486 2127 2627 2176 verbo

281 2190 516 2256 patientia
551 2203 713 2255 qnam.
802 2188 879 2240 13.
917 2189 1146 2254 dependit
1176 2191 1250 2241 cd.
1319 2189 1535 2241 defendit
1565 2192 1752 2256 reliqui.
1842 2191 1922 2241 14.
1957 2192 2006 2244 in
2041 2192 2187 2243 deleri
2219 2193 2317 2242 vult
2350 2193 2625 2246 Fnluaius.

361 2339 402 2375 c.
439 2332 522 2374 ant
555 2324 808 2375 lenociniis
828 2320 1147 2387 negotiantes]
1184 2323 1404 2389 (ll-Apo·
1506 2331 1869 2376 auctoramento
1922 2326 2101 2376 ventris
2147 2325 2272 2377 inter
2306 2326 2627 2377 contumelias

287 2394 388 2456 lug.
426 2407 531 2456 cap.
555 2390 620 2442 39
668 2392 758 2453 „ln
807 2393 901 2442 isto
948 2391 1057 2443 loco
1108 2394 1403 2443 consortium
1504 2392 1808 2454 saginandi‘
1880 2392 1952 2443 Cl'.
1993 2394 2184 2444 ller'ald.
2221 2393 2433 2456 Digress.
2467 2395 2510 2456 1,
2539 2393 2623 2446 21.

285 2460 520 2511 solvimus
571 2461 622 2510 iu
672 2474 768 2525 quo
823 2460 932 2510 solo
989 2461 1136 2511 ceteri
1183 2459 1405 2510 homines
1503 2474 1554 2524 p.
1575 2458 1712 2521 237„
1766 2461 1848 2525 qni
1885 2460 2065 2516 multus
2112 2469 2186 2512 est
2220 2461 2280 2512 de
2315 2463 2541 2527 parasitis
2577 2472 2625 2515 et

286 2527 587 2579 consortium
623 2536 862 2588 exercent,
898 2527 979 2592 qui
1016 2543 1113 2579 nou
1138 2529 1404 2579 amicornm
1503 2528 1814 2593 plagipatidis
1850 2528 1972 2579 istis.

287 2596 435 2646 modo
471 2596 772 2646 matrimonia
808 2604 1061 2662 usurpant,
1113 2595 1201 2646 sed
1237 2603 1284 2646 et
1316 2610 1404 2646 sua
1573 2597 1607 2646 l.
1643 2596 1859 2646 rivalium
1898 2606 1946 2648 et
1978 2596 2172 2648 divitum
2208 2604 2256 2647 et
2288 2592 2618 2664 invitatorum]

286 2665 456 2715 amicis
492 2663 838 2730 patientissime
859 2663 1257 2716 subministrant“
1294 2671 1405 2714 cett.
1507 2664 1746 2716 Patientes
1804 2664 2020 2716 rivalium
2053 2665 2195 2716 -‹licit
2255 2667 2456 2717 maritos
2507 2665 2621 2716 dote

284 2733 513 2797 Cyprian.
569 2732 630 2782 de
674 2731 871 2796 Discipl.
939 2741 987 2783 et
1044 2732 1216 2783 Habitu
1281 2732 1403 2795 virg.
1503 2733 1716 2793 venales,
1767 2733 2007 2797 patientes
2055 2733 2250 2783 divitum
2297 2733 2620 2797 heredipetas,

286 2799 536 2861 „Viderint
571 2799 685 2865 quid
720 2799 813 2849 sibi
843 2809 1021 2864 nuptae
1055 2814 1146 2864 per
1181 2800 1403 2864 placendi
1506 2801 1787 2852 insidiantes
1833 2801 2027 2851 divitum
2076 2799 2383 2861 orbitatibus,
2430 2801 2620 2864 patien-

288 2867 503 2918 studinm
536 2868 597 2918 de
632 2868 888 2930 coniugum
923 2868 1098 2918 solatio
1149 2867 1404 2919 blandian-
1504 2876 1580 2918 tes
1616 2868 1917 2918 invitatorum
1954 2867 2211 2932 parasitos,
2267 2868 2349 2932 qui
2384 2867 2512 2931 apud
2547 2868 2623 2918 in-

286 2942 393 2993 tur,
449 2949 568 2999 quos
614 2935 729 2985 dum
777 2936 825 2985 in
878 2936 1229 2987 excusationem
1265 2949 1403 2985 suam
1502 2937 1731 2986 vitatores
1790 2936 2276 2986 contumeliosissime
2341 2935 2621 3003 pascebant.

288 3001 562 3068 proferunt,
595 3003 655 3053 ad
678 3004 958 3054 societatem
977 3004 1266 3053 criminosae
1286 3016 1405 3052 con-
1504 3001 1719 3066 (Rigalt.)

289 3069 537 3121 sensionia
571 3070 898 3123 adsciscnutst‘
1604 3106 1618 3121 .
1654 3069 1856 3120 viderint
1873 3083 1960 3120 sna
1997 3077 2046 3120 ιιι
2063 3070 2139 3120 sni
2165 3068 2402 3135 praesidis
2431 3070 2624 3135 patien-

362 3137 409 3187 d.
444 3138 737 3203 aucupandis
755 3132 1065 3203 orbitatibus]
1094 3137 1236 3188 Notat
1256 3144 1403 3187 testa-
1505 3137 1567 3187 tia
1628 3138 1806 3188 Viderit
1839 3138 2067 3202 patientia
2102 3138 2367 3198 nationum,
2402 3151 2526 3202 quae
2551 3138 2621 3188 ri-

283 3213 563 3257 mentorum
598 3213 888 3285 captatores,
925 3221 1049 3270 quos
1084 3212 1244 3255 satura
1280 3205 1404 3256 dno·
1502 3205 1635 3256 vales
1670 3214 1718 3256 et
1751 3206 1917 3256 divites
1962 3213 2011 3256 et
2061 3206 2334 3256 invitatores
2370 3212 2620 3255 contume-

282 3274 476 3325 decima
511 3275 667 3337 arguit
700 3273 953 3325 luvenalis.
987 3272 1241 3336 (Rhenan.)
1503 3273 1765 3324 liosissime
1812 3275 2004 3338 patitur.
2050 3269 2261 3337 (Rigalt.)
2345 3273 2619 3324 Praesidem

359 3356 402 3393 e.
438 3341 734 3392 subiectione
765 3341 998 3393 libertatis
1022 3341 1162 3404 gulae
1187 3336 1407 3407 addicit-J
1505 3341 1620 3393 dicit
1654 3342 1897 3393 Satanam.

158 3414 169 3427 ⁸
280 3410 435 3462 Notat
487 3411 744 3475 parasitos.
831 3410 902 3461 ct.
948 3409 1149 3473 Apolog.
1197 3424 1303 3474 cap.
1339 3407 1405 3459 38
1576 3410 1624 3459 b.
1661 3410 1829 3460 subter
1863 3403 2011 3475 ignis]
2045 3408 2247 3474 Apolog.
2269 3424 2374 3474 cap.
2393 3407 2462 3487 4¹(
2496 3423 2620 3472 „ge-

282 3491 426 3541 „non
462 3492 554 3542 qna
591 3492 742 3543 penes
788 3492 872 3528 vos
921 3478 1116 3542 parasiti
1166 3478 1408 3528 adlectant
1508 3477 1718 3529 hennam
1764 3501 1830 3512 —-
1878 3491 2000 3542 qnae
2036 3488 2111 3528 est
2143 3477 2267 3540 ignis
2301 3492 2465 3528 arcam
2498 3477 2620 3528 sub-

276 3545 352 3598 ad
408 3545 612 3608 gloriam
671 3545 974 3597 famulandae
1021 3545 1256 3596 libertatis
1314 3545 1406 3596 snb
1507 3553 1782 3597 terraneam
1817 3544 1878 3596 ad
1911 3559 2121 3612 poenam
2154 3545 2466 3597 thesaurus.“
