3263 5311
1110 448 1186 492 ns
1231 447 1546 493 ructet-ru.
2381 437 2505 504 827

158 616 279 661 non
311 596 468 658 licet.
531 595 806 675 Agnosce
849 604 910 658 et
950 597 1011 659 in
1059 597 1446 678 sequentibus
1488 597 1735 661 Paulum
1781 599 2115 664 columnam
2142 603 2509 668 immobilem

157 697 631 778 disciplinarum:
697 697 824 759 Cibi
854 697 1116 770 ‚ventri,·
1159 706 1220 760 et
1259 707 1467 761 venter
1510 698 1691 774 cibis,
1752 700 1901 763 deus
1960 710 2021 763 et
2061 703 2220 766 hunc
2261 713 2323 767 et
2363 705 2804 777 illostcor.v1,1a.

157 797 496 873 ‘bcouficit3
561 813 781 877 corpus
826 806 1023 861 autem
1065 816 1189 860 non
1244 800 1657 874 fornicationi,
1724 801 1830 863 sed
1887 802 2087 866 “deo.
2194 805 2500 871 Faciamus
2529 822 2762 878 nonam.

157 900 314 963 enim
356 898 693 973 hominem,
751 898 833 960 ait
888 898 1070 972 deus,
1132 899 1206 960 ad
1249 899 1565 982 imaginem
1621 910 1682 964 et
1726 903 2171 968 similitudinem
2214 915 2501 984 nostram,

155 1009 216 1065 et
276 1000 417 1064 fecit
475 999 777 1061 hominem
844 999 1026 1073 deus,
1099 999 1171 1062 ad
1228 1000 1544 1080 imaginem
1604 1009 1666 1065 et
1719 1003 2161 1068 similitudinem
2217 1007 2313 1069 dei
2367 1009 2509 1072 fecit

157 1102 343 1165 illum.
431 1099 794 1162 uDominus
840 1101 1111 1180 corpori3
1179 1109 1240 1163 et
1279 1120 1480 1164 sermo
1525 1103 1685 1165 euim
1729 1122 1868 1166 caro
1911 1107 2101 1169 factus
2148 1116 2261 1170 est.
2343 1110 2743 1179 Deus101..1,u.

154 1212 352 1267 autem
396 1209 456 1264 et
497 1200 801 1263 dominum
848 1201 1187 1277 suscitavit,
1233 1211 1292 1266 et
1334 1222 1448 1265 nos
1492 1203 1842 1268 ‘suscitabit
1869 1225 1979 1286 per
2006 1209 2281 1272 virtutem
2311 1227 2500 1286 suam,
2523 1227 2797 1282 [convnu.

151 1311 401 1386 propter
442 1303 718 1382 corporis
776 1302 1001 1366 scilicet
1060 1322 1277 1366 nexum
1335 1322 1468 1367 cum
1526 1304 1650 1367 illo.
1749 1306 1860 1368 'Et
1911 1308 2080 1371 ideo:
2145 1309 2279 1373 Non
2336 1312 2789 1382 scitistcor.v1,1s.

151 1422 406 1485 corpora
469 1411 666 1465 vestra
729 1403 993 1466 membra
1048 1404 1319 1468 Christi?
1390 1406 1528 1487 quia
1596 1416 1658 1469 et
1710 1406 1980 1471 Christus
2043 1410 2142 1472 dei
2201 1412 2503 1493 templum.

93 1487 118 1516 ⁶
150 1505 415 1568 Evertite
458 1503 741 1583 templum
786 1505 932 1578 boc,
980 1514 1040 1567 et
1083 1524 1192 1585 ego
1238 1505 1379 1569 illud
1423 1507 1485 1568 in
1529 1506 1726 1570 triduo
1758 1511 2149 1573 resuscitabo.
2213 1514 2507 1577 Auferens
2530 1529 2771 1584 totunm.

151 1606 422 1670 membra
465 1604 719 1676 Christi,
764 1604 971 1667 faciam
1013 1606 1281 1669 membra
1324 1606 1723 1670 fornicariae?
1787 1609 1920 1672 Non
1952 1611 2146 1686 scitis,
2194 1615 2356 1693 quod
2398 1615 2502 1695 qui
2527 1598 2738 1694 ¹1⁶⁰522ffi’

153 1708 555 1788 adglutinatur
595 1705 976 1780 fornicariae,
1043 1724 1226 1768 unum
1269 1725 1490 1788 corpus
1548 1709 1850 1772 efficitur?
1933 1711 2127 1774 Erunt
2169 1714 2327 1776 enim
2386 1715 2507 1778 duo

150 1810 215 1871 in
257 1826 438 1871 unam
483 1824 739 1868 carnem.
827 1806 945 1879 Qui
988 1814 1186 1869 autem
1228 1806 1622 1888 adglutinatur
1666 1810 1941 1886 domino,
1986 1831 2141 1875 unus
2186 1824 2280 1876 est
2323 1814 2507 1896 spiri·

149 1917 270 1971 tus.
335 1908 548 1988 Fugite
576 1907 1049 1969 fornicationem.
1121 1907 1187 1969 Si
1229 1908 1622 1973 revocabilem
1664 1911 1895 1986 ‘venia‚
1943 1913 2244 1992 quomodo
2288 1915 2508 1995 fugiam

69 1995 70 2004 ¹
148 2009 478 2073 ”moechus
522 2008 718 2071 denuo
763 2006 1045 2070 futurus?
1117 2009 1275 2072 Nihil
1320 2010 1719 2090 ¹⁰profecero,
1766 2013 1819 2074 si
1865 2032 1994 2076 eam
2037 2017 2280 2095 fuger03
2321 2034 2509 2078 unum

153 2128 258 2173 ero
305 2127 562 2190 corpus,
608 2109 703 2170 cui
746 2109 1248 2176 communicando,
1279 2110 1712 2190 adglutinabor.
1801 2113 1994 2175 Omne
2037 2114 2315 2178 delictum
2349 2115 2509 2195 quod

149 2211 468 2273 admiserit
509 2210 691 2271 homo
736 2217 899 2270 extra
941 2227 1162 2290 corpus
1208 2218 1333 2285 est3
1379 2211 1419 2243 ¹²
1432 2212 1533 2291 qui
1570 2219 1765 2274 autem
1792 2214 2148 2289 fornicatur,
2194 2216 2254 2276 in
2287 2221 2509 2296 'corpus

149 2330 331 2375 suum
373 2318 602 2392 peccat.
687 2310 772 2372 Ac
825 2329 902 2372 ne
929 2305 1074 2372 'boc
1129 2310 1350 2374 dictum
1403 2312 1466 2374 in
1520 2311 1814 2375 licentiam
1870 2315 2283 2377 fornicationis
2340 2317 2507 2378 inva-

148 2412 365 2485 deres,
417 2419 484 2473 ut
523 2412 585 2472 in
627 2429 754 2473 rem
799 2419 992 2485 tuam,
1036 2429 1160 2474 non
1203 2411 1429 2473 domini
1461 2411 1821 2488 delicturus,
1871 2413 2118 2477 ¹²aufert
2157 2424 2217 2477 te
2263 2414 2403 2489 tibi,
2448 2423 2512 2478 et

148 2512 434 2587 Christo,
491 2513 646 2574 sicut
701 2511 1110 2592 disposuerat,
1180 2511 1485 2587 ¹'addicit‚
1549 2513 1626 2576 Et
1680 2532 1804 2575 non
1847 2516 1995 2577 estis
2037 2517 2253 2590 vestri,
2311 2516 2511 2580 statim

147 2615 568 2697 ¹⁴oppouens,
641 2613 839 2694 Empti
903 2612 1060 2675 e'nim
1119 2612 1266 2677 estis
1317 2613 1545 2696 pretio,
1628 2616 1916 2696 sanguine
1972 2615 2197 2680 scilicet
2249 2618 2510 2695 domini3

144 2717 485 2798 glorificate
531 2723 591 2777 et
634 2715 824 2776 tollite
868 2714 1267 2777 ¹⁴¹³dominum
1313 2716 1373 2777 in
1418 2734 1674 2796 corpore
1715 2727 1939 2781 vestro.
2012 2718 2142 2779 Hoc
2183 2719 2285 2798 qui
2327 2737 2507 2799 prae-
2624 2792 2631 2799 ‚

145 2818 323 2898 cipit,
390 2817 535 2879 vide
588 2834 663 2877 au
725 2815 1069 2895 ¹⁸⁵ignoverit
1119 2817 1176 2878 ei
1231 2816 1332 2896 qui
1388 2817 1430 2850 ¹⁸
1443 2817 1887 2880 dedecoraverit
1936 2817 2242 2880 dominum
2298 2826 2359 2879 et
2412 2819 2512 2903 qui

148 2918 443 2982 deiecerit
471 2935 610 2980 eum
635 2917 710 2979 de
736 2934 992 2998 corpore
1019 2935 1153 2991 suo,
1201 2917 1522 2997 etquidem
1548 2936 1661 2998 per
1686 2918 1998 2981 incestum.
2068 2918 2133 2981 Si
2156 2919 2247 2981 vis
2271 2936 2509 2982 omnem

146 3019 427 3082 notitiam
474 3017 735 3098 apostoli
780 3018 1077 3092 ebibere⁸‚
1120 3026 1189 3080 ut
1228 3017 1567 3098 intellegas,
1614 3026 1831 3097 quanta
1876 3018 2181 3081 “¹secure‘¹
2223 3038 2511 3083 censurae

147 3138 394 3183 omnem
461 3119 672 3181 silvam
727 3119 1037 3181 libidinum
1093 3119 1334 3182 caedat·
1397 3125 1458 3179 et
1523 3118 1783 3180 eradicet
1835 3126 1898 3179 et
1952 3119 2367 3195 ¹⁸excaudicet,
2431 3139 2511 3183 ne

143 3221 478 3302 quidquam
524 3220 599 3282 de
642 3220 899 3282 recidivo
948 3219 988 3252 ¹⁹
1000 3218 1277 3281 fruticare
1329 3219 1662 3297 permittat,
1733 3218 1987 3299 ”aspice
2042 3220 2207 3282 illum
2263 3240 2296 3283 a
2354 3221 2512 3283 iusta

138 3324 318 3403 fmge
362 3330 650 3395 naturae,
714 3339 749 3382 a
791 3318 1152 3383 matrimonii
1208 3318 1340 3381 dico
1394 3338 1610 3399 pomo,
1677 3320 1904 3382 animas
1953 3320 2218 3385 ieiunare
2261 3322 2508 3402 cupien-

138 3422 319 3489 tem&
409 3423 506 3486 Be
548 3421 762 3500 quibus
805 3429 1004 3484 autem
1045 3420 1087 3453 ²¹
1101 3419 1464 3500 scripsistis,
1523 3421 1750 3483 bonum
1794 3428 1890 3483 est
1928 3421 2157 3484 bomini
2200 3421 2509 3485 mulierem
2534 3415 2767 3471 ¹⁰⁰*le
2882 3414 2903 3427 “

2562 3469 2582 3510 1
2596 3478 2693 3523 sqq.

139 3576 235 3627 bb.
275 3576 522 3627 conficiet
555 3575 779 3625 Latinius.
865 3575 962 3623 bc.
1001 3575 1198 3625 domino
1235 3574 1463 3625 Latinius.
1557 3573 1649 3623 δᾶ.
1685 3573 1744 3624 Et
1780 3574 2007 3624 dominus
2043 3576 2269 3626 Latinius.
2339 3574 2386 3626 6.
2425 3590 2513 3626 su·

137 3646 330 3696 seitavit
364 3645 419 3696 A.
537 3642 585 3691 7.
621 3642 680 3691 Et
716 3656 813 3691 non
849 3641 960 3692 ideo
997 3656 1093 3693 non
1131 3642 1265 3692 scitis
1302 3645 1351 3694 A.
1421 3640 1480 3691 Et
1514 3642 1642 3701 ideo,
1678 3642 1824 3692 Scitis
1857 3643 1912 3692 D.
2017 3640 2065 3693 8.
2103 3643 2288 3693 veniam
2320 3644 2375 3694 A.
2459 3643 2509 3694 9.

137 3712 410 3764 moechum
446 3713 506 3762 A.
594 3708 672 3758 10.
709 3709 965 3773 profecero
1001 3710 1044 3761 si
1081 3723 1186 3759 eam
1225 3710 1314 3759 (ΣΒ.
1350 3710 1467 3760 liber
1504 3708 1760 3759 Clementis.
1832 3712 2087 3773 proficere.
2121 3711 2173 3760 Si
2200 3724 2315 3772 ergo
2335 3724 2440 3760 eam
2457 3713 2509 3761 A.

135 3780 329 3842 fecere,
365 3780 412 3830 si
453 3791 566 3828 eam
606 3777 653 3827 B.
763 3776 840 3826 11.
877 3790 1002 3841 quae
1033 3778 1086 3828 A.
1178 3774 1256 3826 12.
1292 3776 1451 3826 aufert
1483 3783 1529 3826 te
1566 3775 1652 3825 tibi
1685 3776 1760 3837 D„
1800 3792 1860 3826 ex
1894 3779 2210 3828 mendatium
2240 3778 2361 3827 Petri
2381 3778 2513 3827 Ciue-

136 3850 281 3900 mei.
358 3847 535 3897 aufert
570 3844 654 3894 tibi
672 3844 760 3895 Bc.
832 3845 1020 3894 auferat
1052 3845 1136 3896 tibi
1154 3846 1205 3896 A.
1291 3842 1372 3893 13.
1410 3842 1587 3893 addicit
1609 3843 1726 3892 Petr.
1748 3843 2033 3905 ciacconius,
2055 3844 2320 3894 Frdnet'ea.
2391 3842 2515 3893 adii·

137 3916 206 3966 cit
238 3915 415 3967 ABGD.
536 3910 614 3961 14.
652 3925 905 3976 apponens
940 3912 996 3962 D.
1117 3910 1247 3962 141».
1293 3912 1438 3962 deum
1483 3911 1599 3961 Petr.
1617 3909 1902 3961 ciacconius.
2010 3908 2091 3960 15.
2140 3910 2429 3971 ignoraverit
2461 3912 2514 3961 A.

141 3981 222 4033 16.
263 3980 586 4033 decoraverit
616 3980 669 4030 A.
739 3980 824 4031 sto
860 3979 1109 4030 dominum
1145 3982 1197 4029 in
1230 3979 1349 4030 libro
1390 3977 1631 4027 Clementis
1666 3980 1856 4029 extabat
1889 3976 2048 4027 deum.
2139 3976 2216 4027 17.
2254 3991 2426 4027 secure
2460 3978 2513 4028 A.

136 4050 308 4102 securi
347 4050 552 4114 reliqui.
654 4045 733 4096 18.
770 4047 881 4097 audi
916 4047 966 4098 A.
1077 4045 1155 4097 19.
1192 4047 1485 4096 fructificare
1516 4045 1608 4095 AB.
1691 4042 1774 4095 20.
1811 4053 1863 4095 ut
1897 4045 2105 4109 aspicias
2136 4046 2189 4096 A.
2269 4042 2352 4095 21.
2389 4044 2516 4095 scri·

133 4119 316 4182 psistis
353 4118 435 4180 Du
477 4115 612 4166 Fuln.
632 4114 840 4165 Ursinus.
910 4114 1105 4180 scriptis
1140 4115 1192 4165 A.
1263 4113 1476 4164 scribitis
1510 4112 1597 4162 BG.

207 4269 253 4305 e.
294 4265 512 4303 omnem
551 4248 770 4298 notitiam
817 4248 1030 4313 apostoli
1068 4242 1290 4313 ebibere]
1462 4262 1505 4298 e.
1543 4253 1719 4311 quanta
1755 4260 1927 4297 secure
1955 4259 2191 4296 censurae
2212 4260 2407 4297 omnem
2428 4245 2519 4297 sil-

133 4320 221 4372 Sic
257 4322 310 4371 in
331 4318 554 4385 Apolog.
585 4329 691 4380 cap.
712 4314 779 4366 39
813 4316 932 4367 dixit
965 4316 1167 4379 „bibere
1185 4316 1291 4381 spi-
1393 4328 1499 4365 vam
1535 4313 1789 4364 libidinum
1827 4312 1997 4364 caedat
2059 4312 2126 4363 De
2147 4314 2240 4365 bac
2274 4313 2519 4364 locutione

132 4389 291 4439 ritum
330 4384 670 4437 sanctitatis.·‘
1394 4382 1541 4433 adeas
1585 4381 1751 4432 adnot.
1798 4381 1859 4432 ad
1891 4385 1995 4446 Apo
2016 4395 2096 4445 og.
2132 4396 2240 4446 cap.
2259 4381 2309 4432 4.
2360 4388 2407 4431 et
2455 4378 2515 4429 ad

204 4458 256 4506 d.
315 4448 534 4518 secure]
595 4451 678 4501 Sic
729 4450 917 4501 restitui
971 4464 1026 4500 ex
1080 4449 1292 4500 editione
1394 4449 1462 4499 De
1499 4448 1693 4499 Corona
1728 4462 1835 4513 cap.
1858 4448 1937 4498 10.

129 4523 371 4589 principe
409 4534 514 4586 pro
553 4518 739 4581 vulgata
769 4520 936 4569 κουνί-
990 4517 1152 4568 cane
1171 4519 1291 4568 Pae·
1461 4516 1494 4566 f.
1531 4530 1560 4564 a
1595 4516 1722 4564 iusta
1777 4516 1916 4578 fruge
1964 4523 2164 4566 naturae
2213 4540 2277 4552 —
2324 4513 2515 4563 animas

132 4591 224 4643 nit.
264 4604 381 4656 cap.
406 4589 481 4649 5.,
543 4586 626 4635 ubi
676 4586 790 4637 item
824 4584 1055 4649 rescripsi
1090 4598 1293 4636 securem
1393 4582 1608 4634 ieiunare
1654 4578 1953 4646 cupientem]
2006 4583 2080 4633 Cf.
2118 4597 2242 4648 quae
2288 4580 2516 4632 adnotata

133 4673 194 4709 ex
231 4656 499 4710 veteribus
539 4652 697 4705 libris.
1391 4657 1507 4703 sunt
1538 4662 1690 4715 snpra
1724 4649 1786 4701 ad
1821 4665 1926 4716 cap.
1957 4649 2003 4700 1.
