3263 5311
701 379 827 443 726
1204 392 1407 445 oum-ri
1455 389 1718 433 serrum
1758 389 2095 432 noscaris
2140 388 2535 431 aaronem:

576 529 587 546 ’
697 543 1015 627 pudicitia,
1083 541 1165 604 ibi
1221 540 1478 620 gravitas
1533 538 1789 602 adiutrix
1844 547 1907 599 et
1959 538 2125 600 socia
2184 536 2391 600 ''eius.
2480 538 2619 610 Quo
2679 554 2823 616 ergo
2878 546 3054 616 pacta

699 645 1044 728 pudicitiam
1089 643 1222 703 siue
1260 642 1669 704 instrumento
1712 639 1882 700 ”suo
1895 638 1945 712 ²,
2001 638 2064 700 id
2120 647 2219 701 est
2271 640 2406 701 aine
2448 638 2733 716 gravitate
2774 637 3055 700 tractabi-

697 743 884 809 mus?
951 743 1268 818 Quomodo
1313 750 1508 804 autem
1553 739 1893 819 gravitatem
1939 738 2499 803 ”adunatae-meae
2538 737 2863 819 pudicitiae
2889 738 3056 801 ’ad-

697 845 1067 916 hibebimus‚
1133 843 1250 905 nisi
1299 851 1360 904 et
1401 842 1465 903 in
1505 841 1656 903 facie
1699 849 1762 902 et
1800 840 1869 902 in
1908 839 2069 902 multu
2114 849 2175 902 et
2226 839 2289 901 in
2342 839 2529 901 totius
2585 838 2853 901 bominis
2909 858 3059 902 con·

699 945 1083 1027 templatioue
1128 943 1415 1006 severitas
1459 940 1957 1004 circumferatur?

879 1044 1282 1121 Quamobrem
1349 1061 1490 1122 erga
1543 1041 1822 1104 vestitum
1888 1057 2131 1122 quoque
2193 1048 2254 1102 et
2314 1040 2541 1121 reliqua
2602 1041 3059 1121 compositionis

701 1149 965 1210 ¹vestrae
1007 1146 1467 1227 impedimenta·
1508 1143 1534 1176 ²
1542 1142 1794 1224 perinde
1836 1143 2010 1206 vobis
2052 1141 2312 1205 aranda
2356 1151 2454 1203 est
2492 1143 2821 1222 amputatio
2866 1151 2929 1203 et
2956 1143 3061 1204 de·

700 1248 906 1310 cussio
950 1245 1469 1309 ’redundantioris
1511 1244 1755 1307 nitoris.
1855 1244 2007 1306 Nam
2058 1243 2205 1324 quid
2257 1243 2508 1323 prodest
2564 1244 2779 1305 faciem
2822 1242 3057 1323 quiden

699 1348 888 1429 ‘frugi
932 1356 993 1410 et
1035 1346 1365 1427 expeditam
1410 1353 1471 1406 et
1513 1344 1985 1425 ‘simplicitatem
2029 1344 2385 1423 condignam
2412 1343 2643 1406 divinae
2672 1343 3059 1424 disciplinae*

639 1449 646 1462 “
700 1449 1012 1522 exhibere,
1071 1454 1268 1509 cetera
1311 1465 1453 1508 vero
1498 1445 1777 1526 corporis
1819 1445 2157 1508 ‘laciniosis
2212 1463 2565 1525 pomparum
2622 1452 2684 1506 et
2726 1444 3061 1507 delitiarum

698 1550 943 1631 ineptiis
977 1546 1316 1630 occupare?
1379 1547 1507 1609 Hae
1534 1547 1792 1642 pompae
1815 1564 1992 1626 quam
2035 1545 2111 1607 de
2152 1546 2464 1626 proximo⁰
2505 1546 2759 1607 'curent
2797 1547 3061 1609 luxuriae

699 1649 1005 1731 negotium
1049 1658 1111 1711 et
1155 1648 1507 1727 obstrepant
1558 1647 1878 1728 pudicitiae
1934 1646 2268 1727 disciplinis
2325 1646 2639 1708 dinoscere
2694 1647 2760 1708 in
2816 1645 3063 1709 ’fade‘

701 1759 829 1826 est,
893 1751 1055 1831 quod
1098 1749 1345 1830 gratiam
1403 1749 1641 1811 decoris
1702 1748 1896 1810 cultus
1955 1749 2242 1836 societate
2298 1747 2695 1827 prostituant:
2766 1747 2957 1822 adeo,
3012 1749 3063 1810 ai

698 1851 1039 1925 ’desinant,
1096 1850 1335 1912 inritam
1380 1857 1440 1911 et
1482 1849 1775 1928 ingratam
1816 1848 2104 1923 reddunt,
2146 1847 2310 1911 velut
2351 1849 2770 1910 ¹¹¹‘exarmatam
2814 1859 2875 1911 et
2912 1867 3059 1910 nan-

685 1947 941 2031 *fragam.
1031 1951 1250 2012 Contra
1308 1949 1360 2011 si
1420 1951 1612 2011 forma
1660 1949 1944 2024 ¹¹detioit,
2011 1948 2433 2011 adminiculum
2488 1948 2707 2012 nitoris
2766 1949 2937 2029 quani
2992 1950 3061 2010 de

701 2069 815 2113 suo
859 2051 1106 2130 gratiam
1154 2031 1461 2132 1¹²supplet.
1559 2053 1800 2112 Aetates
1845 2050 2103 2130 denique
2148 2049 2500 2130 ”requietas
2542 2049 2661 2112 iam
2706 2059 2773 2111 et
2813 2050 2879 2112 in
2917 2068 3063 2130 por-

702 2161 827 2214 tum
892 2151 1220 2214 modestiae
1283 2152 1606 2214 subductas
1675 2151 1958 2231 splendor
2013 2160 2076 2213 et
2128 2151 2384 2231 dignitas
2436 2150 2631 2213 cultus
2696 2159 2955 2214 avocant
3008 2160 3065 2213 et

701 2252 1075 2315 severitatem
1107 2253 1572 2334 appetitionibus
1603 2252 1965 2332 inquietant,
2013 2251 2544 2332 compensantibus
2576 2251 2809 2314 scilicet
2840 2252 3061 2315 “liabi-

701 2363 799 2415 tus
844 2354 1222 2417 inritamenta
1265 2374 1376 2435 pro
1420 2354 1642 2434 frigore
1678 2354 1941 2415 aetatis‘.
2016 2352 2198 2433 Ergo,
2243 2351 2642 2427 benedictaef,
2686 2352 2888 2433 primo
2930 2352 3061 2433 qui-

701 2454 836 2515 dem
885 2455 1005 2516 ¹·‘·ut
1045 2455 1296 2518 lenones
1342 2465 1403 2518 et
1441 2455 1874 2537 prostitutores
1920 2455 2173 2516 vestitus
2235 2462 2298 2516 et
2338 2454 2530 2516 cultus
2572 2471 2651 2516 ne
2692 2454 2758 2516 in
2801 2473 2915 2515 vos
2960 2455 3065 2516 ad·

701 2554 1022 2630 miseritis,
1070 2563 1229 2629 tum,
1276 2555 1329 2617 si
1374 2574 1523 2636 quas
1570 2555 1962 2617 ⁸⁰divitiarum
2009 2554 2155 2617 ¹⁷vel
2198 2554 2478 2617 natalium
2520 2553 2614 2616 vel
2653 2566 2824 2617 retro
2868 2555 3063 2635 digni·

700 2665 925 2719 tatum⁸
966 2658 1119 2721 ratio
1164 2655 1464 2737 compellit
1505 2657 1586 2720 ita
1628 2655 1999 2738 pompaticas
2042 2655 2351 2736 progredi,
2398 2666 2463 2719 ut
2492 2657 2905 2738 ¹⁸sapientiam
2945 2676 3067 2719 nou

703 2843 782 2893 17.
820 2851 895 2892 est
928 2844 1034 2894 eins
1072 2844 1118 2895 0.
1209 2845 1287 2895 18.
1327 2858 1418 2895 suo
1452 2846 1537 2895 Aa.
1610 2844 1715 2894 eins
1748 2846 1937 2910 reliqui.
2023 2843 2104 2895 19.
2141 2843 2550 2895 administrandae
2583 2844 2783 2895 osi-BG.
2859 2843 2944 2895 20.
2980 2844 3062 2894 aal-

701 2910 926 2960 bibemns
962 2913 1191 2963 editiones
1226 2914 1421 2964 Sentiet-i
1456 2920 1498 2963 et
1535 2914 1773 2977 Leopoldi,
1812 2914 1970 2963 nescio
2006 2914 2146 2962 unde.

839 2978 955 3042 Cap.
993 2979 1069 3029 lx.
1147 2981 1189 3028 1.
1229 2990 1425 3031 nostrae
1458 2980 1544 3030 Bc.
1629 2979 1678 3029 2.
1717 2979 1919 3044 perinde
1935 2979 2021 3030 Αά.
2091 2978 2300 3044 proinde
2332 2979 2518 3044 reliqui.
2612 2978 2662 3029 3.
2698 2979 3065 3030 redundantio-

699 3045 768 3094 ris
804 3043 904 3108 Αβ.
986 3046 1034 3096 4.
1072 3047 1187 3109 tingi
1224 3048 1310 3098 Bc.
1415 3048 1464 3097 5.
1500 3048 1811 3111 simplicitate
1845 3046 2060 3098 sonato.
2162 3046 2216 3096 6.
2253 3046 2500 3097 laciniosis
2534 3047 2749 3099 anwed.
2834 3048 3063 3097 lacrima·

700 3113 770 3162 sis
804 3114 891 3163 BG.
963 3113 1230 3165 lasciviosis
1273 3116 1480 3166 vaticam·
1515 3123 1625 3166 tres.
1678 3116 1847 3165 Probet
1881 3114 2153 3165 Fulmina.
2242 3114 2290 3164 7.
2326 3123 2521 3165 current
2552 3117 2605 3165 A,
2691 3114 2742 3165 8.
2780 3115 3063 3165 tadum

700 3181 830 3230 facili
865 3181 1052 3246 reliqui.
1135 3182 1185 3232 9.
1222 3183 1444 3233 desinant
1478 3184 1531 3233 A.
1601 3183 1762 3232 desint
1796 3183 1984 3247 reliqui.
2074 3182 2155 3231 10.
2194 3190 2484 3232 exarmatam
2518 3183 2603 3232 Aa.
2674 3192 2963 3232 exornatam
2992 3198 3065 3232 re-

697 3248 834 3313 liqui.
932 3248 1011 3299 11.
1048 3249 1210 3300 deficit
1244 3250 1366 3300 Aac.
1437 3250 1612 3300 defecit
1646 3251 1834 3314 reliqui.
1943 3247 2022 3299 12.
2060 3249 2296 3314 supplent
2328 3250 2598 3300 Fuluius.
2707 3249 2788 3299 13.
2826 3251 3065 3315 inquines

697 3329 805 3364 eam
839 3315 930 3366 BG.
1022 3316 1103 3366 14.
1139 3318 1332 3368 habitus
1368 3319 1665 3367 irritamenta
1701 3331 1791 3382 pro
1830 3316 2012 3379 frigore
2047 3317 2284 3367 B.m.aec.
2354 3317 2547 3366 babitus
2582 3318 2941 3368 irritamentum
2978 3332 3066 3381 pre

697 3382 880 3444 frigore
916 3384 963 3433 d.
1034 3384 1228 3434 habitus
1264 3386 1455 3435 inritam
1493 3393 1568 3435 est
1601 3392 1701 3435 tam
1738 3398 1825 3448 per
1860 3383 2042 3446 frigora
2076 3386 2130 3435 A.
2200 3383 2395 3435 babitus
2428 3384 2733 3435 irritamento
2767 3400 2862 3449 pro
2884 3386 3066 3447 nigore

604 3474 618 3490 a
695 3451 884 3513 reliqui.
974 3451 1055 3500 15.
1092 3461 1140 3501 ct
1173 3452 1259 3501 BG.
1370 3451 1447 3502 16.
1485 3452 1557 3501 vel
1595 3452 1865 3503 divitiarum
1901 3451 2116 3503 sonabo.
2212 3451 2292 3501 17.
2327 3466 2528 3503 suarum
2562 3452 2634 3502 rel
2670 3452 2888 3505 sonato,
2988 3453 3065 3503 ta

696 3518 982 3580 sapientiam
1020 3532 1118 3568 non
1153 3519 1406 3569 videantur
1440 3528 1732 3570 consecutae
1766 3521 1851 3571 Aa.
1921 3520 2210 3583 sapientiam
2246 3527 2536 3570 consecutae
2570 3521 2759 3584 reliqui.

765 3650 816 3700 d.
851 3651 959 3701 sine
996 3652 1321 3703 instrumento
1368 3647 1485 3719 suo]
1543 3653 1832 3705 instructior
1932 3662 2052 3706 tom.
2076 3655 2161 3716 ΙΙΙ,
2197 3654 2412 3720 p.1069.
2474 3655 2769 3706 Adiectirnm

697 3727 773 3768 est
807 3718 1036 3782 pudicitia
1073 3735 1199 3783 qnae
1235 3723 1514 3783 gravitatem
1562 3722 1712 3772 habet
1745 3734 1832 3773 co·
1931 3725 1981 3772 in
2018 3722 2207 3773 deliciis
2238 3721 2720 3773 estarcbaizantibus
2737 3722 2887 3785 Atria,
2922 3736 3065 3788 prae·

696 3785 880 3837 mitem.
918 3786 1132 3850 (Rigalt.)
1932 3791 2101 3840 sertim
2139 3791 2369 3841 arnobio.

765 3853 886 3919 Cap.
921 3855 998 3905 lx.
1056 3871 1098 3905 a.
1137 3852 1505 3923 impedimenta]
1543 3856 1636 3906 Per
1672 3858 1829 3921 impe·
2002 3874 2042 3908 c.
2080 3858 2142 3908 de
2176 3853 2423 3924 proximo]
2461 3857 2533 3908 Ci’.
2572 3858 2741 3908 adnot„
2776 3858 2842 3908 ad
2876 3858 2948 3908 De
2976 3858 3063 3909 1¹·-

694 3908 907 3972 ffimenta
944 3922 1024 3973 bic
1055 3923 1284 3986 intelligit
1320 3930 1469 3974 totam
1495 3924 1630 3975 illam
1670 3925 1828 3975 cultus
1933 3925 2072 3976 tient.
2111 3926 2279 3990 cap.7.
2348 3926 2419 3975 Ad
2457 3926 2597 3976 Uxor.
2638 3926 2678 3985 Ι,
2698 3925 2747 3976 8.
2782 3934 2835 3976 et
2870 3925 3004 3985 11‚3.

694 3990 951 4039 muliebris
998 3991 1374 4055 supellectilem,
1429 4006 1554 4057 quae
1606 3994 1831 4042 sarcinae
2000 3993 2050 4043 d.
2086 3993 2136 4043 in
2173 3987 2339 4058 facile]
2394 3993 2477 4043 Sic
2511 3993 2711 4058 reposui
2760 4007 2823 4044 ex
2855 3994 3065 4058 scriptia»

695 4057 946 4107 cuiusdam
985 4059 1139 4109 instar
1173 4067 1266 4109 est.
1346 4059 1427 4110 Sic
1462 4059 1587 4109 libro
1624 4059 1696 4109 De
1731 4058 1830 4109 lla-
1932 4059 1985 4109 V.
2024 4061 2188 4111 adnot.
2225 4061 2286 4111 ad
2322 4062 2572 4125 Scorpiac.
2609 4076 2719 4126 cap.
2745 4060 2791 4110 1.

693 4121 795 4173 bitu
833 4123 948 4174 unt.
987 4121 1082 4193 [De
1116 4126 1259 4177 Cultu
1294 4127 1425 4177 Fem.
1467 4121 1635 4191 t‚1.]:
1675 4126 1830 4187 „ldeo
2001 4143 2045 4177 e.
2081 4143 2172 4193 pro
2220 4129 2401 4191 frigore
2448 4123 2663 4194 aetatis]
2728 4130 2808 4178 Ait
2862 4130 3063 4179 lema·

690 4192 856 4240 omnia
894 4193 984 4241 ista
1022 4193 1246 4245 damnata
1285 4202 1333 4243 et
1368 4203 1588 4246 mortuae
1607 4195 1829 4245 mulieris
1931 4203 2087 4247 aetate
2136 4197 2231 4246 iam
2293 4195 2652 4247 defervescente
2715 4210 2927 4262 corpora
2980 4210 3061 4246 aaa

691 4256 1040 4322 impedimenta
1077 4262 1243 4312 sant.“
1280 4262 1539 4324 (Bhenan.)
1928 4270 2061 4313 tanto
2098 4265 2260 4314 studio
2294 4278 2470 4315 curare
2508 4271 2555 4313 et
2590 4262 2775 4324 colere,
2826 4274 2880 4315 nt
2912 4278 3059 4329 appe·

760 4326 808 4374 b.
847 4327 1133 4390 condignam
1171 4329 1358 4380 divinae
1395 4325 1709 4396 disciplinae]
1744 4329 1827 4381 Sic
1927 4331 2146 4383 titionem
2184 4332 2260 4381 sui
2297 4332 2521 4391 excitent,
2570 4340 2618 4382 et
2664 4332 2709 4382 si
2745 4333 2867 4396 qnid
2912 4333 3057 4393 tritu

689 4391 833 4458 Apul.
850 4394 1041 4447 Metam.
1063 4396 1119 4457 X,
1141 4396 1206 4447 12
1241 4398 1608 4461 „providentiae
1641 4398 1827 4448 divinae
1927 4399 2097 4449 aetatis
2134 4400 2348 4460 extinxit,
2396 4400 2588 4450 habitus
2637 4400 2837 4450 delicati
2876 4398 3061 4449 lasciuia

692 4462 985 4525 condignum
1008 4465 1438 4529 excipitexitnm.“
1488 4466 1558 4515 De
1581 4466 1675 4516 bac
1694 4475 1826 4516 stru-
1928 4468 2085 4517 irritet
2120 4475 2263 4532 atque
2298 4466 2637 4517 redaccendat.
2677 4468 2898 4529 (Rigalt.)

691 4536 826 4579 stura
862 4532 1052 4592 genitivi
1103 4549 1140 4582 v.
1181 4534 1411 4598 interprr.
1450 4533 1512 4583 ad
1547 4535 1686 4598 Apul.
1725 4534 1825 4585 lle·
1995 4536 2030 4584 l.
2069 4533 2375 4597 benedictae]
2415 4534 2782 4586 eandmund
2798 4536 3065 4585 Hane-1.

691 4601 806 4647 tam.
844 4598 1021 4661 1V,13.
1075 4601 1236 4652 Eckst.
1273 4602 1332 4653 ad
1367 4601 1526 4652 vossii
1561 4602 1822 4653 Aristan-cb.
1994 4618 2040 4665 g.
2080 4610 2212 4655 retro
2249 4597 2559 4668 dignitatum]
2598 4603 2680 4654 Sic
2718 4612 2891 4665 „reun
2923 4610 3065 4653 vetn-
