3263 5311
568 378 694 441 254

571 540 879 624 luptates?
966 540 1032 604 Si
1074 540 1355 603 oblectari
1397 539 1696 602 ¹⁸novisse
1738 538 2021 603 nolumus
2039 586 2055 614 ,
2111 547 2322 601 nostra
2362 537 2605 602 iniuria·
2621 546 2719 601 eet
2735 585 2752 613 ,
2808 538 2920 600 ¹‘’si

572 644 729 706 forte
741 641 789 715 ¹¹,
855 641 1035 705 m'non
1087 649 1307 704 vestra.
1393 641 1513 705 Sed
1567 639 1957 721 reprobamus
2016 658 2166 720 quae
2220 639 2454 721 placent
2504 638 2700 703 vobis.
2797 639 2919 703 Nec

571 761 683 805 vos
738 750 944 806 nostra
1000 741 1304 804 delectant.
1391 740 1570 805 ²¹Sed
1623 741 1791 804 licuit
1839 740 2229 821 *Epicureis*
2283 741 2538 820 aliquam
2593 739 2915 803 decernere

570 844 942 925 ²’voluptatis
983 843 1320 917 veritatem,
1365 841 1428 904 id
1470 850 1563 905 est
1605 841 1787 905 animi
1816 842 1858 875 ²⁴
1873 843 2254 922 aequitatem,
2298 841 2416 904 ²‘et
2460 841 2652 923 ampla
2679 840 2918 921 negotia

572 946 937 1009 Christianae
949 944 999 1007 ἱ.

639 1036 648 1043 ’
738 1046 958 1109 ¹Edam
1004 1045 1118 1107 iam
1161 1061 1321 1106 nunc
1358 1044 1505 1124 'ego
1547 1042 1684 1123 ipse
1736 1043 1975 1124 negotia
2017 1042 2387 1106 Christianae
2437 1043 2748 1118 factionis,
2813 1041 2917 1106 ’ut

568 1145 668 1227 qui
710 1145 1296 1219 mala-refutaverim·
1329 1143 1486 1208 bona
1513 1144 1534 1176 ⁴
1550 1143 1884 1207 ostendam.
1941 1144 2175 1224 Corpus
2206 1162 2416 1206 sumus
2446 1144 2521 1207 de
2550 1142 2917 1208 conscientia

565 1247 874 1327 religionis
944 1255 1004 1310 et
1073 1246 1417 1326 disciplinae
1486 1244 1747 1307 ‘unitate
1802 1253 1878 1307 ‚et
1949 1245 2077 1325 spei
2148 1245 2448 1307 foedere·.
2551 1245 2794 1310 Coimus
2850 1248 2914 1310 in

1076 393 1278 443 QUINTI
1322 390 1582 435 SEPTOEI
1623 388 1953 433 nonnus
1978 388 2390 432 ‘Taurunum

272 1056 568 1115 Cap.xxxlx.

569 1432 648 1486 18.
684 1447 777 1484 nos
812 1432 1038 1484 nolumus
1074 1450 1113 1485 c.
1183 1433 1439 1483 novissime
1478 1431 1706 1482 nolumus
1740 1425 1786 1479 λ.
1862 1431 2071 1483 voluisse
2105 1431 2333 1482 nolumus
2366 1433 2418 1483 F.
2472 1434 2559 1483 Pro
2594 1432 2830 1486 oblectari
2862 1438 2915 1485 in

549 1494 647 1552 n.
682 1508 749 1551 est
783 1500 1044 1551 oblectare.
1163 1501 1241 1551 19.
1291 1501 1331 1551 si
1380 1516 1468 1550 om.
1506 1500 1557 1549 F.
1678 1497 1760 1548 20.
1816 1506 1982 1548 nostra
2028 1513 2123 1549 uon
2171 1508 2327 1549 vestra
2374 1500 2452 1550 ad.
2496 1500 2739 1552 Vaticanus
2774 1518 2914 1553 unus.

564 1566 649 1617 21.
683 1567 737 1617 Si
771 1566 904 1618 licuit
942 1568 1090 1619 Oxou.
1193 1566 1276 1618 22.
1311 1568 1372 1617 de
1407 1567 1659 1630 Epicureis
1695 1567 1746 1616 G.
1851 1564 1931 1616 23.
1969 1567 2225 1617 voluntatis
2259 1566 2535 1631 (voluptatis
2576 1568 2791 1631 Vindoh.)
2827 1584 2913 1619 vo-

564 1634 799 1699 luptatem
835 1636 884 1685 id
919 1642 995 1686 est
1025 1637 1082 1686 F.
1123 1638 1312 1687 Vindob.
1434 1633 1517 1684 24.
1565 1634 1774 1698 quietem
1811 1634 1864 1684 F.
1945 1634 2075 1684 Fule.
2114 1634 2309 1685 Ursinus
2342 1637 2686 1686 rescribendum
2713 1639 2911 1701 putabat

560 1701 819 1766 voluptatis
852 1704 1116 1766 veritatem,
1153 1694 1455 1770 ἀταραξίαν
1486 1694 1578 1750 καὶ
1612 1691 1913 1767 ἀπραξίαν,
1971 1701 2018 1751 id
2055 1708 2131 1751 est
2163 1702 2309 1752 animi
2345 1702 2633 1766 aequitatem
2670 1710 2719 1753 et
2754 1718 2780 1753 a
2817 1719 2912 1769 pu·

563 1768 704 1819 blicis
739 1770 943 1832 negotiis
976 1773 1207 1835 requiem.
1312 1769 1395 1820 25.
1431 1775 1479 1819 et
1513 1767 1674 1832 ampla
1700 1766 1889 1830 negotia
1908 1768 2208 1819 Christianae
2243 1770 2368 1820 ABG.
2438 1776 2489 1820 et
2521 1769 2682 1834 ampla
2718 1772 2911 1835 negotia

566 1836 865 1889 Christianae
910 1838 1135 1890 factionis
1168 1840 1222 1890 F.
1267 1838 1456 1888 Vindob.
1537 1843 1586 1885 et
1631 1836 1794 1900 ampla
1843 1836 2032 1896 negotia
2081 1836 2381 1887 Christianae
2431 1836 2543 1886 fidei
2586 1839 2795 1889 ambros.
2863 1846 2913 1890 et

563 1903 726 2035 2:¹³¹&
749 1906 953 2021 gegotia
986 1905 1258 2025 Chgistisarzo
1277 1906 1548 2021 gession-us
1582 1903 1715 1954 liber.
1767 1903 2257 2021 glirfflffilssemgmf
2291 1905 2530 2021 DEgtbcde.
2552 1905 2729 1967 Ermt.
2760 1906 2909 1957 Oson-

703 2008 715 2021 .
793 1987 940 2024 uverc.
973 1988 1052 2022 ver
1082 1990 1111 2023 ο
1183 1989 1208 2023 e
1353 1985 1528 2023 tcnreis
1561 1995 1630 2007 —-
1663 1995 1730 2007 -
2102 1987 2218 2021 omns
2246 1988 2275 2021 ο
2310 1987 2365 2021 aa
2419 2007 2433 2020 .

700 2038 818 2102 Cap.
852 2039 1048 2090 xxxix.
1125 1988 1369 2104 trascripta»
1416 2040 1581 2103 cupitis
1627 2040 1680 2087 iu
1711 2037 1978 2088 ABDEGub.
2017 2038 2165 2089 Oxou.
2201 2039 2377 2102 Erfart.
2419 2038 2609 2089 Vindoh.
2657 2043 2911 2106 ceterisque

561 2113 630 2156 est
664 2104 742 2155 nt:
777 2105 1116 2157 DlSClPLlNA
1151 2105 1652 2158 cnnts‘rtanonvtt.
1794 2103 1840 2155 1.
1876 2105 2054 2154 Eadem
2090 2105 2179 2155 fc.
2285 2103 2332 2155 2.
2368 2119 2459 2169 ego
2495 2120 2586 2156 om.
2621 2107 2764 2158 Dobe-
2857 2106 2908 2158 3.

563 2188 659 2238 quo
695 2173 855 2223 minus
889 2174 1016 2223 mala
1051 2170 1097 2220 λ.
1239 2175 1288 2224 4.
1327 2174 1596 2225 ostendam.
1660 2172 1713 2222 si
1758 2172 1901 2221 ctiam
1951 2172 2195 2222 veritatem
2241 2172 2568 2223 revelaverim.
2633 2173 2826 2237 Corpus
2860 2170 2909 2225 λ.

561 2241 750 2292 flavere.
855 2240 904 2290 5.
942 2241 1121 2290 unitate
1154 2243 1473 2306 ABDEFGdes.
1516 2240 1709 2290 Vindob.
1747 2239 1897 2290 Oxou.
1932 2239 2108 2304 Erfurt.
2142 2241 2331 2293 Panaetii
2362 2241 2489 2294 libri.
2574 2239 2819 2292 divinitate
2852 2236 2902 2290 λ.

561 2310 753 2360 flavere.
819 2307 1015 2358 veritate
1050 2311 1151 2359 abc.

565 2440 771 2501 diculus,
806 2442 886 2506 qui
925 2442 984 2492 iis
1023 2441 1271 2493 laboribus
1297 2444 1540 2494 incassum
1564 2456 1684 2493 con-

523 2542 538 2563 ,-
564 2511 831 2569 nictentur,
877 2505 1060 2575 μάτην
1092 2509 1339 2558 τοσαῦτα
1370 2502 1686 2575 πάσχοντας

561 2570 655 2625 καὶ
682 2570 1252 2643 ταλαιπωρουμένουςι
1289 2579 1348 2628 ad
1371 2577 1684 2642 petulantiam

564 2650 723 2695 autem
760 2651 807 2695 et
840 2645 1123 2696 iniuriarum
1172 2653 1354 2706 notam,
1390 2644 1589 2696 iniurias
1626 2659 1684 2696 eo

561 2712 828 2763 atrociores
863 2728 972 2763 esse
1007 2715 1099 2774 ait,
1150 2729 1244 2777 quo
1290 2706 1350 2761 ἐν
1397 2705 1684 2765 τοσούτοις

559 2779 787 2833 θεαταῖς
802 2774 896 2828 καὶ
922 2773 1198 2847 μάρτυσιν
1232 2781 1526 2842 infliguntur.
1561 2780 1680 2839 (He-

562 2847 708 2908 rald.)
777 2848 845 2898 De
879 2848 1026 2911 xystis
1062 2849 1124 2898 cl'.
1148 2848 1430 2899 Schneider.
1467 2847 1528 2897 ad
1547 2846 1678 2897 Varr-

562 2915 631 2965 De
666 2915 733 2966 Re
766 2915 899 2966 Rust-
937 2915 1022 2974 ΙΙΙ,
1059 2915 1107 2964 5.
1143 2930 1192 2980 p.
1229 2915 1329 2966 509
1366 2930 1474 2981 sqq.

626 2983 673 3032 h.
712 2984 753 3033 si
791 2979 938 3045 forte]
974 2983 1025 3033 Si
1063 2984 1176 3047 quid
1214 2983 1261 3033 in
1299 2995 1355 3035 ea
1390 2998 1472 3043 re,
1508 2981 1680 3047 inquit,

558 3049 720 3100 damni
771 3058 860 3109 est,
908 3049 1029 3100 illud
1076 3065 1172 3100 non
1222 3052 1282 3101 ad
1335 3065 1435 3111 vos,
1484 3050 1573 3099 sed
1618 3048 1683 3099 ad

559 3131 649 3168 noa
698 3119 920 3182 pertinet.
975 3118 1103 3167 Nihil
1150 3118 1261 3168 inde
1307 3117 1444 3168 vobis
1475 3117 1681 3181 deperit,

559 3184 647 3234 sed
693 3185 865 3245 uobis,
916 3186 959 3234 si
1005 3193 1164 3235 tamen
1201 3185 1404 3250 deperit.
1476 3186 1528 3234 Si
1560 3188 1683 3248 [erte

559 3251 856 3302 Tertulliano
890 3251 1121 3314 frequens
1157 3252 1251 3301 hoc
1283 3265 1449 3302 seusu.
1504 3252 1683 3301 Iniuria

559 3318 639 3366 hic
672 3326 749 3368 est
781 3318 1039 3378 damnum,
1087 3325 1139 3367 nt
1186 3332 1333 3382 saepe
1370 3322 1418 3367 in
1453 3317 1678 3369 1Ctorum

559 3383 711 3433 libris.
783 3384 911 3433 lurra
947 3398 1053 3448 cap.
1072 3383 1140 3433 40
1175 3384 1308 3444 „Sed
1345 3394 1392 3436 et
1427 3399 1560 3434 mare
1580 3384 1678 3435 Co-

555 3449 787 3499 rinthium
822 3459 979 3499 terrae
1000 3459 1162 3500 motus
1197 3451 1362 3513 abibit,
1396 3459 1444 3502 et
1480 3452 1548 3501 vis
1584 3466 1678 3501 nu·

555 3516 728 3567 darum
777 3517 1035 3567 Lucaniam
1088 3516 1253 3567 ltaliae
1310 3519 1577 3570 abscissam
1627 3519 1681 3568 in

558 3582 751 3634 Siciliae
803 3597 980 3634 nomen
1016 3584 1259 3647 relegavit.
1333 3587 1462 3636 Haec
1509 3586 1678 3650 ntique

557 3665 654 3701 non
689 3653 797 3702 sine
848 3654 1027 3702 iniuria
1079 3652 1393 3704 incolentium
1454 3653 1677 3704 accidere

554 3718 881 3783 potnerunt.“
947 3719 1008 3770 Et
1043 3734 1147 3784 cap.
1170 3720 1238 3770 44
1273 3721 1367 3781 „At
1400 3720 1528 3771 enim
1555 3720 1677 3771 illud

555 3786 894 3838 detrimentum
914 3786 1208 3851 reipublicae
1223 3796 1316 3839 tam
1337 3789 1518 3853 grande
1529 3802 1675 3853 quam

554 3867 716 3904 verum
738 3869 880 3906 nemo
906 3856 1248 3919 circumspicit,
1287 3856 1421 3906 illam
1455 3859 1679 3907 iniurium

555 3920 754 3972 civitatis
790 3921 954 3973 nullus
989 3923 1266 3986 expendit.“
1301 3924 1537 3984 (Herald.)
1607 3923 1677 3973 De

554 3986 640 4036 illo
687 3991 731 4037 si
776 3993 910 4052 forte,
959 3989 1270 4040 Tertullianei
1317 3991 1416 4042 stili
1453 3991 1675 4056 proprio,

555 4053 700 4104 adeas
736 4055 897 4104 adnot.
934 4054 997 4104 ad
1030 4056 1100 4105 De
1135 4057 1328 4107 Corona
1364 4072 1471 4122 cap.
1508 4057 1555 4106 5.

620 4122 652 4170 i.
689 4120 788 4171 Sed
835 4121 971 4171 licuit
1005 4119 1280 4187 Epicureis]
1317 4124 1539 4186 Legerim
1575 4126 1672 4174 σοι’-

551 4188 657 4237 licet
692 4187 825 4238 licuit
859 4195 970 4237 cett.
1039 4189 1121 4239 Sic
1155 4198 1358 4252 usurpat
1392 4191 1519 4240 hanc
1551 4204 1673 4255 par-

551 4253 746 4304 ticulam
765 4267 912 4318 saepe
926 4254 1266 4306 Tertullianus.
1304 4257 1439 4315 Quae
1456 4271 1672 4322 sequun-

549 4327 629 4372 tur
680 4328 926 4385 corrupta,
940 4328 1068 4371 sunt.
1139 4322 1243 4372 loh.
1281 4323 1548 4375 Woweriua
1583 4324 1671 4374 ad-

549 4389 646 4440 fert
678 4402 706 4438 e
741 4388 883 4439 libris
919 4388 1050 4438 suis:
1088 4389 1380 4454 „voluptatis
1406 4394 1670 4453 veritatem,

549 4444 855 4534 ἇταραξίαν
885 4448 979 4503 καὶ
1012 4444 1304 4523 ἀπραξίαν,
1345 4459 1392 4508 id
1429 4467 1504 4509 est
1522 4460 1671 4510 animi

548 4531 836 4587 aequitatem
850 4533 897 4574 et
910 4539 936 4574 a
951 4523 1159 4590 publicis
1173 4526 1378 4588 negotiis
1394 4526 1668 4592 requiem.“

548 4588 750 4643 Tei-tull.
785 4591 847 4642 de
880 4593 1098 4658 spectac.
1134 4606 1238 4657 cap.
1277 4589 1342 4644 28
1388 4594 1669 4656 „Delicatus

1784 2454 1840 2490 es
1877 2440 2165 2502 Christiane,
2202 2441 2243 2490 si
2281 2449 2327 2491 et
2362 2442 2412 2491 in
2447 2441 2645 2492 saeculo
2681 2443 2906 2508 volupta-

1783 2514 1882 2556 tem
1919 2509 2251 2572 concapiscis,
2289 2509 2437 2558 immo
2472 2508 2674 2559 nimium
2710 2511 2907 2573 stultus,

1786 2575 1828 2624 si
1864 2574 1958 2624 hoc
1992 2576 2235 2625 existimas
2261 2574 2573 2640 voluptatem.
2619 2577 2905 2643 Philosophi

1786 2642 1983 2707 quidam
2018 2642 2112 2694 hoc
2147 2658 2323 2694 nomeu
2359 2644 2509 2709 quieti
2544 2651 2594 2694 et
2626 2647 2927 2711 tranquilli-·

1785 2711 1871 2759 tati
1917 2710 2183 2772 dederunt,
2239 2712 2288 2762 in
2325 2726 2382 2762 ea
2417 2719 2706 2774 avocantur,
2760 2714 2809 2764 in
2843 2729 2903 2764 ea

1782 2777 2066 2840 gloriantur.
2116 2779 2188 2828 ‘ru
2224 2780 2340 2829 mihi
2376 2787 2529 2830 metas
2565 2788 2614 2829 et
2646 2794 2819 2831 scenas
2856 2791 2907 2833 et

1783 2843 2030 2908 pulverem
2064 2851 2112 2895 et
2146 2861 2319 2897 arenas
2353 2846 2630 2911 suspiras.“
2665 2847 2905 2911 (Herald.)

1851 2912 1896 2961 k.
1934 2919 1983 2962 et
2014 2913 2176 2977 ampla
2212 2916 2401 2977 negotia
2436 2911 2763 2981 Christianae]
2807 2917 2904 2967 Sed

1783 2979 2122 3042 reprobamus,
2158 2981 2329 3046 inquit,
2363 2996 2487 3046 quae
2521 2980 2716 3045 placent
2748 2984 2903 3034 vobis.

1782 3046 2019 3108 Attamen,
2053 3049 2347 3113 respondeo,
2383 3063 2474 3099 nec
2507 3063 2593 3099 voa
2612 3057 2778 3100 nostra
2815 3052 2903 3102 de·

1783 3112 1977 3164 lectant.
2024 3114 2121 3164 Sed
2152 3117 2368 3180 quamvis
2391 3116 2711 3182 reprobemus
2746 3126 2902 3168 vestra

1783 3180 2154 3243 oblectamenta,
2191 3197 2351 3234 nonne
2385 3198 2476 3248 per
2506 3198 2592 3233 vos
2627 3191 2676 3234 et
2722 3185 2902 3249 Epicu·

1780 3248 1879 3298 reis
1916 3248 2050 3298 licuit
2084 3249 2295 3315 aliquam
2330 3250 2592 3301 decernere
2637 3251 2731 3302 sibi
2764 3252 2903 3302 volu·

1740 3315 1751 3320 “
1781 3316 1927 3379 ptatis
1973 3315 2260 3368 veritatem?
2294 3319 2395 3369 Cur
2427 3332 2526 3368 non
2562 3318 2675 3368 item
2712 3315 2903 3369 nobis?

1782 3381 1860 3432 llli
1895 3383 2153 3448 voluptatis
2199 3386 2409 3450 aliquam
2450 3387 2695 3436 veritatem
2728 3386 2901 3436 decer—

1781 3457 1904 3500 nunt
1935 3451 2083 3500 animi
2119 3453 2432 3518 aequitatem,
2480 3452 2781 3503 Christianae
2815 3468 2901 3502 ro·-

1781 3515 1979 3581 luptatis
2049 3528 2164 3569 sunt
2230 3518 2391 3584 ampla
2460 3522 2670 3582 negotia.
2756 3520 2900 3582 Quid,

1780 3598 1981 3648 quaeso,
2016 3586 2109 3636 hac
2142 3600 2196 3636 re
2230 3588 2364 3637 vobis
2399 3582 2630 3652 deperit?

1849 3652 1968 3716 Cap.
2022 3653 2218 3704 xxxix,
2287 3669 2330 3703 a.
2395 3661 2445 3703 et
2495 3654 2600 3718 spei
2657 3649 2897 3719 foedere]

1779 3718 1994 3771 Probare
2059 3734 2188 3770 nnnc
2239 3720 2519 3783 adgreditur
2571 3720 2899 3785 Tertullianus

1779 3786 2037 3848 factionem
2056 3787 2458 3848 Christianorum,
2496 3796 2547 3844 ut
2582 3800 2689 3837 eam
2725 3788 2899 3853 appel·

1778 3852 1969 3915 labant,
2021 3855 2167 3919 plana
2203 3870 2312 3906 esse
2347 3855 2556 3916 licitam,
2593 3868 2751 3919 neque
2787 3870 2900 3906 esse

1777 3935 1974 3971 causam
2009 3921 2158 3972 ullam
2195 3937 2283 3973 cur
2310 3924 2441 3974 inter
2468 3921 2665 3973 illicitas
2729 3923 2901 3974 haberi

1776 3987 1975 4038 debeat:
2034 4003 2210 4054 nempe
2262 3990 2393 4054 quod
2444 4004 2542 4041 uon
2577 3989 2739 4040 solnm
2774 3990 2898 4041 nihil

1774 4068 1974 4116 eorum,
2022 4069 2146 4119 qnae
2198 4058 2245 4106 in
2297 4057 2479 4109 illicitis
2524 4057 2898 4118 damnabantur,

1773 4121 1838 4171 ihi
1874 4122 2075 4173 haberet
2110 4123 2289 4184 locum,
2324 4125 2412 4176 aed
2434 4125 2578 4175 etiam
2600 4127 2763 4176 omnia
2797 4126 2899 4189 pie,

1771 4188 2030 4251 religiose,
2084 4190 2286 4241 honeste
2320 4200 2371 4243 et
2421 4192 2744 4242 condecenter
2793 4199 2899 4241 tra·

1775 4263 2034 4308 ctarentur.
2105 4258 2305 4321 Singula
2350 4260 2494 4311 verba
2547 4258 2895 4322 expendamus.

1777 4323 1966 4390 Cot-pus,
2024 4324 2196 4388 inquit,
2256 4342 2432 4377 umus.
2500 4325 2685 4390 Nempe
2729 4337 2899 4390 cerpus

1774 4404 1952 4441 nomen
1988 4399 2062 4441 est
2096 4391 2323 4455 generale
2358 4401 2407 4444 et
2428 4391 2767 4456 complectitur
2783 4405 2896 4442 om-

1771 4471 1861 4508 nes
1909 4458 2019 4509 illas
2066 4461 2354 4521 societates,
2406 4460 2678 4518 hetaerias,
2728 4459 2895 4524 omnia

1771 4525 1977 4588 collegia
2011 4533 2061 4575 et
2093 4527 2331 4579 sodalitia.
2401 4521 2504 4591 [ct.
2536 4526 2745 4578 Dirksen
2790 4525 2896 4575 Ha·

1770 4592 1916 4642 nnale
1958 4592 2227 4645 htiuitatis
2268 4595 2406 4645 Font.
2457 4593 2497 4643 1.
2534 4591 2631 4644 Cis.
2666 4593 2804 4644 Rom.
2843 4606 2899 4656 p.
