3263 5311
687 377 823 454 '284
1154 402 1358 453 QUINTI
1402 399 1666 444 sermm
1712 398 2041 442 nonanus
2087 398 2485 442 rent-uncum

695 554 911 637 perhit.
1000 551 1066 613 Si
1099 535 1152 584 '⁷²
1164 550 1239 612 de
1279 549 1574 612 modestia
1615 556 1870 624 certem,
1923 565 2059 611 ecce
2099 547 2462 629 Pythagoras
2506 548 2661 631 apud
2700 547 3008 621 '’Thur-ios,

695 656 740 689 ⁷⁴
753 656 957 718 Zenon
1001 651 1156 733 apud
1183 650 1598 713 ⁷⁸Prienenses
1629 649 2000 731 tyrannidem
2030 648 2453 713 '‘adsectantl’:
2497 649 2856 713 Christianus
2882 668 3008 712 vero

695 774 810 819 nec
836 751 1266 817 ”aedilitatem
1325 751 1389 813 Si
1434 752 1508 814 de
1537 751 1581 785 ⁷⁸
1593 750 2046 832 aequanimitate
2076 751 2455 831 congrediar,
2500 751 2797 832 Lyciugus
2824 750 3009 831 '’apo-

696 854 1055 919 carteresin·
1096 852 1347 933 optavit,
1416 852 1573 933 quod
1617 852 1784 932 leges
1826 850 1959 917 eius
2002 852 2272 914 Lacones
2313 852 2812 915 ⁸⁰emendassent:
2855 849 3008 912 Chri-

696 957 926 1020 stianus
970 955 1146 1016 etiam
1190 953 1231 986 ⁸¹
1247 953 1562 1016 damnatus
1601 952 1823 1033 gratias
1867 953 2005 1031 agit.
2069 953 2133 1015 Si
2178 952 2253 1014 de
2280 953 2397 1014 fide
2428 971 2761 1033 conparem,
2802 950 3015 1013 Anaxa·

695 1075 871 1138 goras
916 1055 1258 1136 depositum
1284 1054 1615 1117 ”hostibus
1661 1051 2040 1133 denegaviv':
2085 1053 2458 1117 Christianus
2489 1053 2607 1116 ”et
2644 1062 2805 1116 extra
2842 1050 3010 1114 tidelis

693 1165 937 1220 vocatur
947 1161 990 1217 ⁰.
1059 1155 1124 1217 Si
1168 1155 1242 1217 de
1273 1153 1646 1235 simplicitate
1687 1151 2063 1231 consistam¹,
2109 1154 2459 1217 Aristoteles
2486 1154 2831 1217 familiarem
2859 1170 3013 1215 suum

693 1257 1028 1320 “Hermian
1073 1255 1326 1336 turpiter
1367 1256 1557 1318 ”loco
1602 1255 1889 1318 excedere
1931 1256 2137 1318 secittx
2185 1255 2553 1319 Christianus
2598 1275 2709 1318 nec
2740 1254 3014 1318 inimicum

694 1378 870 1421 suum
925 1357 1121 1427 laedit.
1187 1356 1393 1425 ,ldem
1445 1356 1801 1418 Aristoteles
1856 1357 2033 1419 “tam
2085 1357 2340 1437 turpiter
2391 1357 2724 1421 Alexandro
2777 1353 3013 1437 regendo

691 1460 892 1539 Potius
935 1459 981 1490 ⁸⁷
994 1458 1262 1521 adulatur
1272 1456 1320 1531 ¹,
1365 1456 1601 1537 “quam
1643 1457 1811 1519 Plato
1854 1477 1891 1520 a
1930 1457 2214 1539 Dionysio
2271 1457 2494 1520 ventris
2552 1458 2738 1537 gratia
2777 1453 3015 1518 ”vendi-⁴

693 1559 898 1623 taturi.

693 1713 774 1763 72.
813 1712 873 1762 de
909 1712 1115 1763 mestitia
1154 1712 1204 1762 G.
1276 1711 1589 1761 domesticam
1624 1713 1677 1762 F.
1707 1713 1898 1764 Vindob.

1542 1836 1550 1841 ,
1580 1779 1662 1829 75.
1698 1782 2017 1843 priennenses
2050 1777 2261 1842 AssEFG.
2297 1780 2487 1843 ἴίηάοὺ.
2523 1782 2702 1844 Erfurt.

992 1846 1073 1896 77.
1123 1845 1393 1897 civilitatem
1442 1848 1510 1897 E.·
1533 1848 1712 1910 Erfurt.
1795 1848 2029 1897 civitatem
2081 1849 2167 1896 De.
2210 1848 2454 1897 Vaticanus
2487 1864 2628 1898 unua.

1373 1914 1457 1964 79.
1493 1924 1803 1978 apocarteres
1837 1916 2168 1979 (apocartores
2201 1915 2397 1978 Erfurt.)
2442 1915 2678 1979 inoptavit
2708 1915 2829 1965 ABE.
2864 1913 3011 1976 Effert.

694 1783 802 1832 deb.
836 1781 1012 1844 Erfurt.
1117 1778 1200 1828 74.
1236 1779 1365 1831 Zeno
1401 1781 1473 1831 cd.

694 1855 791 1898 ctat
825 1848 875 1897 G.

692 1914 932 1978 aequitate
964 1907 1030 1978 λῙ.
1064 1914 1255 1965 flevere.

1004 1559 1342 1639 Aristippus
1398 1560 1461 1620 in
1503 1558 1549 1591 ⁹⁰
1559 1577 1823 1639 purpura
1881 1558 1992 1621 sub
2050 1576 2260 1638 magna
2312 1558 2614 1638 gravitatis
2672 1559 2712 1592 ⁹¹
2729 1555 3014 1639 superficie

2003 1710 2086 1762 73.
2125 1711 2325 1775 Thyrios
2363 1703 2421 1762 d.
2480 1714 2632 1776 tyrios
2666 1710 2895 1763 ABDEFc.
2924 1709 3013 1758 Via·

2803 1777 2881 1829 76.
2911 1777 3013 1837 alfe·

2757 1845 2837 1897 78.
2886 1842 3010 1897 animi

692 1981 997 2044 sporcatesin
1034 1982 1214 2044 optavit
1244 1984 1301 2032 D.
1370 1980 1722 2046 apocbarceres
1756 1982 1990 2046 inoptavit
2025 1983 2074 2033 G.
2147 1997 2240 2046 apo
2271 1996 2491 2032 carceres
2528 1982 2759 2045 inoptavit
2774 1984 2825 2033 F.
2845 1979 3010 2030 Vindob-

692 2040 1085 2115 &noxapupzzv
1120 2050 1299 2112 optavit
1332 2050 1450 2100 liber
1467 2050 1633 2112 Gontii,
1658 2058 1770 2101 teste
1782 2051 1996 2114 Riyeltio.

691 2117 832 2167 datus
871 2118 1018 2167 Oxou.
1087 2116 1172 2167 Pro
1218 2117 1359 2166 etiam
1405 2119 1456 2167 iu
1491 2118 1542 2167 F.
1579 2125 1648 2168 est
1693 2132 1823 2167 vero.

696 2186 844 2237 Oxou.
881 2185 1053 2248 Effert.
1157 2184 1431 2247 hospitibus
1467 2184 1716 2246 denegavit
1749 2180 1795 2231 λ.
1837 2184 2074 2245 (Vindob.)
2109 2186 2299 2236 flavae.

691 2251 773 2302 83.
811 2260 858 2302 et
891 2251 1112 2315 ABEFGI.
1149 2252 1340 2302 vindob.
1365 2252 1542 2316 Erfurt.
1614 2252 1755 2302 etiam
1792 2253 1990 2303 Debcde.
2010 2253 2200 2303 flauere.

691 2319 909 2370 heriman
929 2319 979 2368 F.
1002 2319 1194 2370 vindob.
1264 2318 1508 2369 Hermiam
1543 2320 1966 2383 Dabcdes.Heverc.

690 2388 744 2437 Iu
781 2387 831 2436 G.
866 2387 1085 2437 mendose
1119 2389 1339 2451 scriptum
1373 2394 1441 2437 eat
1478 2386 1770 2438 hermiantra
1806 2386 2049 2451 pitriculo.

2756 2049 2833 2101 81.
2869 2059 3012 2098 emen·

1961 2115 2043 2167 82.
2090 2117 2312 2168 hostibus
2360 2117 2614 2179 denegavit
2659 2113 3012 2169 ABDEFGabt-de.

2405 2185 2657 2248 denegavit
2702 2182 2954 2249 hospitibus
2980 2184 3011 2243 [0

2300 2250 2383 2303 84.
2421 2252 2653 2304 Hermian
2686 2251 3013 2312 ABEssErfhrt.

2072 2319 2152 2370 85.
2189 2328 2300 2368 toro
2336 2321 2480 2371 scribi
2496 2322 2681 2372 volebat
2694 2321 3016 2380 Hannon-pus·

2173 2386 2254 2437 86.
2293 2395 2387 2436 tam
2425 2387 2661 2437 indecore
2694 2385 2945 2437 Alexandro
2973 2376 3013 2428 λ

2099 2050 2181 2101 80.
2219 2050 2579 2100 emendaverint
2601 2045 2647 2098 λ.

688 2454 880 2504 flavere.
962 2452 1307 2503 87.-adolatur
1338 2454 1407 2515 A„
1434 2470 1521 2519 pro
1538 2471 1680 2505 more.
1750 2454 1973 2504 adulatus
2006 2455 2061 2504 E.
2080 2455 2254 2517 Erfurt.
2323 2455 2409 2505 Pro
2448 2455 2669 2517 regendo
2693 2449 2737 2501 λ.
2766 2456 2892 2505 habet
2916 2451 3017 2563 regi:

690 2520 772 2571 88.
812 2534 956 2585 quam
994 2520 1129 2570 Plato
1166 2535 1191 2570 a
1229 2520 1458 2584 Dionysio
1493 2522 1878 2573 ABDEFGabcde.
1919 2521 2067 2572 Oxou.
2094 2523 2267 2586 Ersart.
2293 2522 2483 2572 Vindob.

692 2602 833 2652 quam
885 2587 1019 2639 Plato
1066 2588 1293 2652 Dionysio
1344 2594 1379 2653 f.
1415 2590 1604 2640 Herem.

691 2657 1035 2720 superstitione
1071 2664 1266 2720 potatur
1299 2658 1349 2707 F.

689 2790 893 2907 fertull.
933 2790 1000 2841 De
1020 2790 1173 2842 Pallio
1193 2807 1300 2857 cap.
1320 2792 1368 2842 4.
1401 2791 1676 2855 Hieronym.
1702 2792 1811 2842 Λᾶν.

712 2859 785 2908 ovi
824 2897 837 2910 .
873 2859 911 2918 1,
952 2859 974 2908 1
1019 2895 1031 2908 .

757 2874 820 2975 bf]
843 2859 1139 2990 tyrangidem
1168 2922 1437 3044 adfectent]³
1463 2925 1529 2976 Dc
1547 2926 1809 2990 Pythagora

688 3009 729 3042 v.
750 2993 887 3055 Diog.
927 2995 1082 3044 Laert.
1122 2993 1240 3052 vm,
1276 2995 1360 3055 21,
1442 2994 1472 3045 9
1501 3004 1545 3044 et
1581 2994 1664 3044 40.
1704 3009 1810 3044 cum

689 3062 915 3125 interprr.
934 3061 1174 3111 Plutarch.
1198 3061 1266 3110 De
1285 3063 1422 3111 Socr.
1439 3062 1601 3111 Daem.
1624 3076 1673 3125 p.
1694 3060 1809 3111 583.

622 3159 632 3168 .
687 3130 740 3177 Α.
780 3128 853 3178 Cf.
892 3129 1117 3193 interprr.
1154 3128 1212 3177 ad
1251 3129 1425 3178 Arnob.
1463 3130 1570 3179 Λᾶν.
1608 3128 1732 3179 Natt.
1774 3130 1809 3189 Ι,

687 3194 772 3260 40.
809 3195 1053 3246 Zenonem
1077 3196 1285 3259 aliquem
1308 3196 1651 3260 philosophum
1678 3196 1812 3245 Prie-

687 3263 910 3311 nensium
967 3263 1232 3325 tyrannidis
1287 3263 1555 3312 studiosum
1620 3272 1813 3326 praeter

689 3328 1040 3378 Tertullianum
1077 3341 1221 3378 nemo
1258 3337 1639 3384 commemorat..

758 3410 804 3445 c.
838 3396 1081 3460 Lycurgus
1119 3392 1504 3461 apocarteresin]
1538 3398 1650 3447 Adv.
1686 3395 1810 3446 Mar-

689 3463 814 3512 cion.
855 3461 893 3522 1,
933 3462 998 3512 14
1033 3462 1356 3525 „Hypocrita‚
1409 3471 1459 3512 ut
1506 3467 1815 3528 apocarteresi

687 3529 868 3593 probes
917 3537 962 3577 te
999 3528 1379 3579 Marcionitam.“
1449 3531 1520 3580 Cr.
1561 3531 1713 3580 Daris.
1753 3530 1812 3580 ad

688 3596 786 3648 Cic.
825 3595 969 3646 Tusc.
1005 3596 1043 3656 1,
1081 3595 1163 3646 34.
1215 3596 1284 3645 De
1321 3605 1475 3646 morte
1512 3598 1712 3660 Lycurgi
1750 3599 1808 3646 ct'.

688 3663 1332 3795 sagrahofflpfiuzthmgavm
1375 3731 1540 3794 Neque
1555 3730 1649 3780 hoc
1666 3745 1810 3795 prae-

688 3806 761 3849 ter
785 3799 1134 3850 Tertullianum
1172 3798 1301 3849 ullus
1337 3799 1550 3863 scriptor
1583 3808 1761 3849 narrat.

754 3881 797 3915 e.
835 3867 1138 3918 Christianus
1163 3874 1210 3916 et
1234 3874 1362 3916 extra
1389 3865 1546 3916 fidelis
1572 3862 1809 3933 vocatura]

687 3932 943 3983 Christiani
980 3935 1106 3985 inter
1140 3949 1250 3985 sese
1285 3935 1345 3984 ab
1392 3949 1531 3984 verae
1579 3933 1690 3984 fldei
1728 3950 1809 3984 re-

685 3999 797 4061 gula
832 4000 1001 4049 fideles
1037 4010 1281 4052 vocantur.
1354 4002 1448 4051 Sed
1501 4010 1548 4050 et
1601 4002 1661 4051 ab
1699 4002 1806 4051 aliis

686 4072 816 4115 extra
854 4066 1183 4128 Christianos,
1233 4069 1324 4117 hoc
1360 4076 1433 4117 est
1469 4069 1529 4117 ab
1567 4069 1624 4117 iis
1663 4069 1805 4118 etiam

684 4134 766 4196 qui
815 4146 913 4182 uon
968 4143 1082 4184 sunt
1128 4135 1414 4194 Christiani,
1469 4134 1639 4185 fideles
1684 4150 1805 4200 pro-

684 4199 980 4260 nuntiantur,
1016 4201 1144 4265 quod
1182 4202 1360 4251 nemini
1387 4201 1529 4251 fidem
1562 4202 1805 4265 fallerent,

683 4280 775 4317 nec
796 4266 1071 4330 depositum
1099 4267 1329 4333 appellati
1357 4269 1668 4331 abnegarent.
1703 4271 1807 4321 Hoc

681 4333 775 4383 sibi
812 4343 1112 4399 compertum
1149 4335 1292 4385 etiam
1329 4350 1383 4384 ex
1417 4335 1496 4394 iis,
1546 4338 1626 4402 qui
1663 4337 1805 4388 Chri-

681 4407 810 4450 stum
847 4410 1160 4463 negaveraut,
1215 4401 1396 4452 Plinius
1433 4404 1640 4455 Traiano
1677 4405 1805 4455 scri-

678 4467 795 4531 psit.
822 4468 1036 4532 (Rigalt.)
1071 4471 1218 4520 Extra
1239 4470 1288 4519 h.
1318 4484 1362 4520 e.
1382 4471 1506 4521 inter
1530 4481 1800 4533 extraneos,

679 4542 740 4651 u‘t¹
766 4535 891 4587 solet
916 4535 1078 4654 9loqui
1113 4537 1454 4590 Tertullianus.
1526 4538 1594 4591 Cf.
1636 4540 1798 4592 adnot.

679 4614 706 4650 a
776 4619 881 4668 cap.
953 4641 967 4655 .

1728 2588 1809 2639 89.
1858 2588 2132 2639 vendicetur
2165 2589 2256 2639 PG.

1419 2658 1698 2721 superstitie
1731 2672 1793 2710 ne
1827 2665 2023 2722 potatur
2063 2659 2251 2709 Vindob.

2556 2537 2707 2587 quam
2735 2520 2944 2585 Dionysio

2370 2588 2454 2640 90.
2502 2604 2727 2654 purpora
2758 2587 2852 2653 ⁴⁴ss·
2945 2584 3017 2635 91.

1984 2792 2016 2842 f.
2040 2785 2343 2857 ..consistamJ
2378 2792 2426 2841 V.
2460 2807 2593 2858 quae
2628 2792 2842 2843 adnotavi
2874 2787 2928 2840 ad
2958 2785 3016 2835 De

1915 2858 2036 2910 ldol.
2075 2874 2180 2922 cap.
2221 2858 2300 2908 13.

1982 2941 2026 2988 g.
2062 2927 2345 2977 Aristoteles
2392 2926 2686 2977 familiarem
2733 2938 2866 2977 suum
2911 2922 3016 2972 ner·

1915 2995 2042 3043 mian
2080 2995 2286 3059 turpiter
2322 2994 2430 3043 loco
2469 2995 2707 3048 excedere
2743 2987 2874 3058 fecit]
2908 2985 3016 3065 Quid

1914 3061 1990 3111 his
2026 3061 2182 3112 verbis
2229 3061 2467 3123 significet
2501 3061 2831 3112 Tertullianus
2876 3070 3014 3108 nesci·

1914 3143 2041 3188 mus,
2078 3144 2186 3179 cum
2222 3129 2401 3193 reliqui
2421 3129 2693 3192 scriptores
2723 3134 2912 3184 taceant.
2956 3121 3015 3171 De

1911 3195 2184 3247 Aristotelis
2238 3204 2286 3245 et
2322 3195 2544 3246 Hermiae
2609 3196 2922 3247 familiaritate
2963 3189 3017 3238 li-

1914 3263 2052 3312 hrum
2101 3264 2366 3328 scripserat
2399 3263 2656 3326 Apellicon
2693 3264 2862 3322 Teius,
2911 3263 3016 3309 teste

1913 3330 2150 3382 Aristocle
2182 3332 2497 3395 peripatetico
2525 3331 2657 3394 apud
2678 3330 2849 3381 Euseb.
2886 3327 3013 3376 Prae-

1914 3411 2017 3460 par.
2066 3398 2240 3461 Evang.
2277 3398 2368 3458 XV,
2406 3396 2456 3448 2.
2526 3398 2680 3448 Nihili
2730 3405 2801 3448 est
2846 3392 3019 3446 interim

1917 3465 2227 3529 Havercampi
2259 3465 2531 3515 emendatio
2558 3473 2664 3516 toro
2692 3480 2780 3529 pro
2805 3466 2915 3522 loco,
2952 3460 3018 3508 in·

1916 3531 2111 3582 nitentis
2145 3533 2330 3582 scilicet
2354 3533 2715 3582 nar1·atiuncula
2735 3533 2794 3582 ab
2823 3530 3017 3589 Diogene

1915 3599 2105 3648 Laertio
2142 3600 2192 3660 V,
2231 3599 2278 3658 5,
2319 3597 2367 3651 32
2402 3600 2612 3664 prolata,
2650 3601 2732 3664 qui
2763 3599 2904 3648 refert
2924 3592 3018 3643 Ari·

1912 3667 2137 3716 stotelem
2192 3667 2444 3718 adamasse
2490 3667 2748 3727 Hermiae,
2802 3668 3016 3715 Atarneu-

1910 3733 2034 3783 sium
2055 3734 2260 3798 tyranni,
2286 3735 2602 3784 concubinam
2628 3747 2833 3798 eamque
2861 3731 2917 3781 ab
2940 3725 3018 3777 illo

1910 3799 2003 3850 sibi
2030 3800 2318 3864 permissam
2357 3802 2403 3850 iu
2441 3803 2802 3852 matrimonium
2825 3798 3019 3849 duxissa.

1976 3866 2023 3916 h.
2073 3867 2340 3918 Alexandro
2394 3868 2605 3932 regendo
2654 3867 2816 3933 potius
2862 3862 3019 3914 adola-

1909 3931 2011 3997 tur]
2064 3934 2135 3984 De
2183 3935 2438 3985 Aristotele
2487 3935 2740 3986 Alexandri
2786 3931 3021 3983 adulatore

1910 4010 2105 4065 praeter
2134 4002 2482 4052 Tertullianum
2506 4003 2645 4052 testis
2673 4009 2747 4053 est
2772 4002 2908 4050 etiam
2933 3996 3019 4046 Ta-

1908 4070 2022 4120 tian.
2058 4069 2193 4119 Orat.
2230 4070 2289 4119 ad
2328 4071 2494 4121 Graec.
2532 4083 2639 4133 cap.
2676 4068 2725 4118 3.

1976 4138 2007 4187 i.
2044 4151 2188 4201 quam
2215 4136 2349 4187 Plato
2387 4152 2412 4186 a
2444 4136 2671 4196 Dionysio
2706 4134 2883 4186 ventris
2917 4144 3019 4195 gra·

1907 4206 1975 4255 tia
2009 4199 2319 4272 venditatur]
2358 4204 2431 4255 ct.
2469 4204 2606 4266 Diog.
2644 4203 2803 4253 Laert.
2826 4199 2909 4260 111,
2947 4195 3017 4248 19.

1854 4309 1865 4312 -
1909 4271 2149 4324 Plutarch.
2186 4271 2327 4322 Dion.
2365 4287 2470 4335 cap.
2494 4271 2555 4322 ᾗ.
2591 4270 2793 4321 Diodor.
2822 4267 2912 4320 Sic.
2933 4262 3015 4321 ΧΥ,

1907 4339 1952 4388 7.
2005 4339 2150 4390 Corn.
2202 4338 2325 4404 Nep.
2359 4337 2554 4402 Dionys.
2604 4353 2713 4402 cap.
2762 4335 2812 4386 2.
2858 4334 3016 4384 Senec-

1902 4406 2058 4470 Epist.
2106 4421 2212 4469 cap.
2249 4407 2328 4458 47.
2372 4407 2584 4457 Lactant.
2623 4406 2743 4458 lust.
2798 4401 2894 4452 niv.
2940 4396 3015 4454 ill,

1904 4472 1986 4523 24.
2024 4474 2208 4524 Tatian.
2246 4473 2378 4523 Orat.
2415 4474 2476 4526 ad
2512 4475 2681 4525 Graec.
2716 4485 2822 4535 cap.
2848 4469 2894 4520 3.
2932 4465 3016 4528 Cy·

1901 4539 2000 4590 rill.
2038 4555 2079 4589 c.
2118 4539 2289 4591 Iulian.
2309 4540 2371 4601 tl,
2406 4556 2456 4605 p.
2482 4540 2599 4592 300.
2636 4539 2926 4589 Theodoret.
2958 4532 3015 4582 «1⁸

1899 4607 2012 4657 Virt.
2048 4607 2206 4659 Activa
2240 4617 2357 4659 tom.
2397 4608 2470 4672 lv,
2505 4624 2555 4675 p.
2591 4601 2711 4658 674.
