3263 5311
703 421 840 488 836
1196 433 1401 489 emm
1446 433 1710 480 mrum
1750 431 2085 478 noemma
2114 429 2524 477 ‘amomum

698 587 819 653 nlla
861 586 1255 659 condicionali
1298 584 1679 649 damnatione
1721 582 2004 646 decrevit.
2088 581 2225 651 Non
2268 580 2427 643 enim
2471 579 2548 642 de
2588 577 2854 641 ethnicis
2898 576 3073 640 vide-

457 688 674 788 ΠΑΙΜΒ
702 687 866 753 bitur
907 706 1152 769 sapere,
1197 705 1332 751 cnm
1375 686 1453 750 de
1479 684 1754 748 fidelibus
1783 684 2215 766 pronuntiarit,
2263 681 2381 757 Qui
2410 680 2691 754 vicerint,
2742 678 3069 742 ’‘haue-

407 785 538 840 ¹¹⁰²
551 790 680 841 ¹⁴⁸⁴!-
701 789 946 853 ditatem
987 788 1291 864 habebunt
1332 787 1540 862 istam,
1585 794 1648 849 et
1689 803 1795 849 ero
1840 784 1989 849 illis
1985 783 2185 859 ·,deus
2232 791 2295 846 et
2336 781 2422 845 illi
2465 780 2611 844 milii
2654 781 2717 843 in
2762 779 2975 855 filios,
3014 791 3070 843 et

702 891 784 955 ita
831 889 1236 953 subiunxerit.
1280 888 1534 951 Timidis
1577 895 1775 951 antem
1818 895 1879 950 et
1920 885 2242 949 incredulis
2287 863 2351 947 et
2390 881 2785 965 propudiosis
2834 891 2905 944 et
2944 884 3069 945 Fct-

699 990 1068 1062 nicatotibus
1136 999 1197 1053 et
1257 987 1575 1052 homicidis
1633 997 1696 1053 et
1748 988 2026 1051 veneficis
2082 995 2146 1049 et
2207 985 2540 1048 idololatris
2598 983 2967 1065 ”panicula
3016 984 3068 1045 ἰ

697 1099 912 1171 stagno
956 1090 1111 1173 ignis
1153 1097 1216 1154 et
1256 1090 1593 1172 sulphuris,
1638 1088 1801 1169 quod
1843 1098 1940 1151 est
1980 1105 2148 1150 mors
2193 1087 2477 1151 secunda.
2564 1085 2665 1149 Sic
2706 1093 2778 1148 et
2818 1101 3069 1147 ται-εις.

698 1191 865 1255 Beati
910 1193 1012 1273 qui
1057 1211 1130 1255 ex
1171 1191 1506 1274 praeceptis
1550 1197 1765 1271 agunt,
1808 1197 1878 1252 ut
1918 1189 1982 1252 in
2023 1189 2251 1270 lignum
2294 1188 2449 1251 vitae
2490 1187 2753 1251 habeant
2796 1193 3067 1268 potesta-

645 1302 864 1367 ‘,tem
926 1301 987 1356 et
1028 1293 1089 1355 in
1132 1300 1340 1374 portas
1386 1292 1457 1355 ad
1503 1289 1929 1355 introeundum
1972 1291 2036 1353 in
2081 1298 2358 1369 sanctam
2392 1288 2708 1352 civitatem.
2817 1286 3067 1349 ”Canes

517 1460 528 1466 ‚
701 1392 978 1468 venefici,
1022 1395 1380 1469 fornicator,
1439 1392 1824 1466 ”homicida,
1878 1393 2077 1466 foras,
2148 1390 2354 1471 utique
2396 1390 2496 1469 qni
2538 1407 2663 1451 non
2708 1387 2853 1451 “ex
2902 1406 3067 1470 prac-

417 1496 893 1577 icor.v.12.cq)tis
935 1494 1448 1576 signaculorum
1493 1502 1590 1557 est
1629 1493 1792 1556 enim
1833 1493 1997 1555 soras'
2037 1493 2166 1555 dari
2211 1492 2313 1572 qui
2356 1491 2521 1554 intus
2560 1492 2837 1552 fuerunt.
2902 1490 3069 1552 Cete-

591 1659 602 1664 ,
704 1614 844 1659 rum
885 1596 1025 1677 qnid
1067 1596 1213 1659 mihi
1272 1615 1413 1671 eos,
1474 1596 1575 1677 qui
1630 1595 1783 1657 soris
1841 1601 2018 1667 sunt,
2070 1590 2390 1656 indicare?
2453 1598 2909 1673 praecesserat.
2994 1590 3067 1651 Be

457 1716 536 1762 ιιο
538 1716 584 1761 ιι
594 1716 628 1769 ι,
638 1718 679 1760 ·1.
709 1697 964 1777 epistola
1005 1714 1243 1777 quoque
1283 1696 1528 1760 Ioannis
1572 1703 1822 1777 carpunt
1865 1694 2084 1757 statim.
2184 1691 2416 1756 Dictum
2474 1700 2602 1766 est,
2659 1692 2941 1771 Sanguis
2980 1691 3067 1752 Εἰ

705 1796 846 1861 eius
881 1797 1161 1860 emundat
1212 1814 1326 1859 nos
1379 1796 1455 1859 ab
1499 1798 1664 1859 omni
1720 1795 1956 1859 delicto.
1997 1796 2319 1875 oSemper
2372 1811 2518 1873 ergo
2572 1802 2636 1855 et
2688 1793 3065 1855 omnifaria

708 1891 1333 1977 ¹⁸delinquemu.1s‚si
1384 1914 1625 1977 semper
1677 1905 1739 1958 et
1774 1885 1869 1958 ab
1926 1898 2090 1959 omni
2133 1895 2349 1958 delicto
2394 1893 2736 1956 ¹'emundat
2778 1911 2911 1957 nos
2954 1894 3063 1956 ἰΙιι

708 1999 812 2062 aut
853 2000 908 2061 si
953 2015 1078 2060 non
1120 2016 1392 2078 semper,
1455 2016 1579 2060 non
1624 1997 1804 2060 etiam
1847 2005 1992 2078 post
2032 1997 2245 2071 fidem,
2313 2005 2375 2068 et
2416 1996 2470 2057 si
2513 2013 2639 2058 non
2694 1995 2777 2057 ab
2839 1993 3063 2064 denuo.

705 2117 831 2161 non
890 2099 1068 2190 etiam
1123 2117 1156 2160 a
1211 2098 1628 2162 fornicatione.
1727 2098 1897 2161 Unde
1966 2108 2165 2161 autem
2224 2097 2266 2133 *ἵ
2278 2115 2536 2160 exorsus
2603 2093 2753 2158 est?
2848 2095 3061 2159 Lm

569 2229 574 2233 ·
706 2199 1085 2281 praedixerat
1125 2199 1336 2273 deum,
1383 2208 1446 2263 et
1484 2199 1765 2263 tenebras
1808 2217 1933 2261 non
1977 2216 2116 2261 esse
2158 2198 2222 2261 in
2265 2196 2399 2272 illo,
2446 2204 2509 2260 et
2548 2197 2797 2259 mentiri
2828 2216 2986 2270 nes,
3022 2199 3063 2258 εἰ

709 2300 976 2380 dicamus
1019 2319 1144 2364 nos
1182 2300 1664 2363 communionem
1707 2299 1930 2362 babere
1972 2318 2108 2362 cum
2151 2318 2226 2362 eo
2280 2306 2342 2362 et
2394 2298 2458 2361 in
2488 2296 2773 2361 tenebris
2832 2299 3058 2363 inceda-

409 2418 870 2477 uoh.1‚5·qqmus.
956 2401 1024 2464 Si
1065 2420 1245 2477 vero,
1306 2402 1530 2482 inquit,
1585 2402 1650 2463 in
1693 2401 1919 2463 lumine
1974 2400 2350 2473 incedamus,
2404 2398 2908 2463 communionem
2944 2418 3057 2461 m

712 2521 786 2565 eo
828 2501 1213 2576 habebimus,
1282 2511 1343 2564 et
1385 2503 1629 2581 sanguis
1660 2501 1812 2565 ·lesu
1855 2501 2075 2565 Christi
2118 2501 2347 2563 domini
2390 2501 2582 2563 nostri
2628 2503 2929 2565 emundat
2962 2519 3059 2563 aas
3140 2589 3141 2592 Ἴ

708 2602 782 2666 ab
842 2602 1006 2667 omni
1063 2602 1303 2666 delicto.
1418 2601 1579 2684 Ergo
1634 2604 1697 2679 in
1753 2603 1978 2666 lumine
2018 2602 2366 2667 incedentes
2409 2602 2854 2683 delinquimus,
2923 2615 2977 2667 et
3008 2603 3059 2665 i·

705 2703 932 2767 lumine
974 2704 1387 2786 delinquentes
1432 2704 1935 2768 emundabimur?
2011 2704 2186 2767 Nullo
2230 2712 2427 2786 pacto.
2504 2703 2623 2778 Qui
2668 2706 2840 2768 enim
2888 2706 3061 2769 defin·

709 2807 868 2886 quit,
913 2824 1038 2868 non
1081 2805 1144 2868 in
1184 2806 1411 2869 lumine
1455 2813 1578 2881 est,
1627 2806 1735 2868 sed
1777 2807 1840 2868 in
1884 2806 2169 2868 tenebris.
2257 2805 2426 2868 Unde
2469 2813 2532 2867 et
2571 2807 2881 2882 ostendit,
2926 2827 3058 2889 qu-

705 2906 888 2969 modo
939 2894 1392 2970 emundabimur
1422 2925 1455 2969 a
1484 2906 1731 2981 delicto,
1775 2908 1839 2969 in
1867 2906 2094 2970 lumine
2120 2907 2497 2979 incedentes,
2542 2907 2607 2968 in
2636 2926 2767 2987 quo
2794 2909 3059 2972 delicuit:

710 3008 872 3088 agi¹
874 3008 1031 3070 ‘non
1075 2987 1298 3088 potest'.
1398 3006 1615 3071 ¹’Adeo
1661 3008 1751 3071 sic
1793 3007 2102 3070 emundari
2146 3024 2260 3069 nos
2316 3007 2427 3081 ait,
2482 3025 2607 3070 non
2650 3007 2834 3090 ”qna
2884 3012 3059 3074 defin-

709 3125 1000 3188 quamns,
1043 3108 1152 3171 sed
1193 3108 1366 3189 ”qua
1408 3126 1532 3171 non
1574 3108 2008 3189 delinquamus.
2100 3109 2469 3185 ⁸Incedentes
2510 3108 2673 3171 enim
2719 3111 2784 3173 in
2832 3111 3061 3174 lumine.

707 3208 972 3271 tenebris
1017 3228 1158 3272 vero
1201 3228 1328 3272 non
1369 3209 1900 3283 communicantes,
1945 3210 2246 3272 emundati
2266 3227 2552 3305 agemus,
2596 3226 2727 3273 non
2772 3212 3065 3294 ἀεικιῶ..

710 3311 817 3373 sed
857 3327 984 3373 non
1027 3310 1295 3373 admisso
1339 3310 1577 3373 delicto.
1644 3310 1838 3373 -Haec
1870 3318 1986 3372 ·est
2039 3310 2200 3372 enim
2248 3309 2348 3372 vis
2405 3310 2692 3378 dominici
2742 3315 3063 3393 sanguinis,
3136 3314 3137 3323 ’

710 3418 780 3472 ut
819 3429 972 3490 quos
1030 3410 1148 3472 iam
1202 3409 1477 3473 ”delicto
1532 3410 1835 3474 mundarit
1887 3419 1950 3473 et
2005 3410 2217 3473 exinde
2272 3411 2336 3472 in
2364 3410 2616 3473 ‘lumine
2670 3414 3065 3486 constitnerit,

706 3511 967 3579 mundos
1011 3511 1226 3573 exinde
1267 3510 1312 3545 ¹⁸
1322 3518 1620 3592 praestet,
1691 3513 1744 3573 si
1804 3511 1867 3573 in
1928 3510 2151 3574 lumine
2204 3510 2482 3574 incedere
2502 3500 2513 3505 ”
2534 3518 3065 3593 perseveraverint.

710 3609 832 3672 Sed
874 3609 1123 3685 subicit,
1167 3611 1405 3692 inquis,
1448 3611 1513 3675 Si
1558 3610 1825 3674 dicamus
1869 3630 1984 3674 nos
2029 3612 2307 3675 delictum
2349 3631 2474 3674 non
2516 3613 2775 3688 habere,
2833 3616 3059 3679 sednn'-
3134 3598 3135 3645 5

708 3728 846 3774 mus
890 3711 1329 3793 nosmetipsos,
1389 3721 1451 3775 et
1491 3713 1710 3776 veritas
1754 3731 1880 3775 non
1924 3722 2020 3777 est
2054 3708 2124 3775 in
2165 3713 2363 3778 nobis.
2449 3714 2515 3777 si
2557 3715 2929 3780 confitemur
2969 3719 3056 3780 dt·

708 3811 847 3876 licta
888 3820 1136 3888 nostra,
1179 3813 1372 3875 fidelis
1417 3822 1479 3875 et
1517 3813 1718 3876 iustus
1762 3822 1885 3889 est,
1938 3822 2008 3876 ut
2047 3815 2306 3878 dimittat
2346 3834 2418 3877 ea
2459 3814 2651 3878 nobis·
2678 3823 2749 3878 et
2790 3819 3059 3885 uuanda

710 3930 827 3976 nos
872 3913 948 3976 ab
992 3915 1155 3977 omni
1197 3913 1510 3977 iniustitia.
1595 3914 1894 3997 Numquid
1950 3915 2025 3977 ab
2066 3910 2483 3979 immunditia?
2565 3915 2684 3979 Aut
2728 3918 2786 3981 si
2832 3920 2925 3984 ita
2966 3930 3059 3983 etl.

713 4030 856 4092 ergo
901 4022 963 4076 et
1004 4014 1076 4077 ab
1096 4014 1475 4081 idololatria.
1534 4015 1656 4078 Sed
1698 4015 1854 4078 aliud
1896 4015 1958 4078 in
2003 4035 2191 4079 sensu
2234 4027 2351 4080 est.
2421 4017 2573 4080 Ecce
2616 4018 2785 4082 enim
2831 4032 2903 4084 et
2940 4040 3057 4084 rur·

403 4110 484 4160 ¹¹⁰
487 4111 705 4165 ΜΒΝ·
692 4130 854 4188 ·,sus
901 4112 968 4177 Si
1011 4106 1308 4189 dicamus,
1353 4116 1466 4190 ait,
1511 4133 1626 4177 nos
1670 4135 1795 4179 non
1824 4115 2181 4196 deliquisse,
2226 4119 2569 4182 mendacem
2596 4119 2861 4183 facimus
2892 4123 3061 4191 illu.

508 4161 563 4214 n
577 4164 632 4207 ι
610 4173 679 4218 ς
712 4220 774 4275 et
816 4230 1019 4276 sermo
1063 4215 1192 4278 eius
1235 4233 1361 4277 non
1403 4223 1497 4279 est
1537 4215 1601 4277 in
1634 4216 1844 4281 nobis.
1917 4216 2008 4280 Eo
2052 4218 2341 4298 amplius,
2384 4219 2610 4295 Filioli‚
2654 4220 2813 4284 haec
2860 4220 3057 4306 scrip-⁴

713 4365 838 4417 lob.
873 4364 1218 4417 haereditatem
1266 4365 1514 4417 habebunt
1559 4368 1701 4420 istam
1734 4369 1823 4421 AB.
1907 4370 2205 4422 haereditate
2250 4372 2500 4424 habebunt
2542 4373 2634 4424 ists
2682 4372 2777 4425 CB.
2814 4375 2949 4428 mer
2980 4376 3059 4425 Gn-

706 4436 890 4485 mensie.
997 4432 1076 4485 ll.
1112 4433 1396 4498 particulam
1433 4442 1604 4499 stagno
1636 4439 1689 4488 A.
1796 4436 1873 4488 12.
1914 4453 2059 4490 canes
2104 4440 2300 4491 venetici
2346 4442 2398 4492 A.
2434 4443 2552 4492 liber
2586 4440 2863 4493 clementis.
2938 4444 3069 4495 cab

709 4502 950 4553 veneficus
980 4502 1664 4580 reliqui.13.bomicidac
1696 4506 1748 4556 A.
1868 4504 1950 4556 14.
1986 4521 2043 4557 ex
2077 4522 2166 4559 om.
2187 4510 2241 4559 A.
2361 4507 2439 4559 15.
2476 4508 2813 4574 delinquimus
2850 4513 2911 4563 A.
2998 4509 3069 4560 1⁶.
3130 4506 3131 4567 ᾗ

710 4569 1044 4622 emundandus
1077 4569 1164 4621 illc
1198 4573 1248 4622 A.
1356 4570 1439 4622 17.
1473 4584 1699 4624 exorsum
1734 4579 1811 4622 est
1842 4571 2007 4625 lumen
2042 4576 2097 4625 A.
2184 4574 2267 4626 18.
2302 4588 2399 4626 non
2435 4590 2525 4627 ost.
2548 4577 2603 4627 A.
2703 4576 2789 4628 ts.
2826 4593 2861 4629 ι
2899 4581 2991 4631 deo
3022 4578 3075 4627 A.

707 4633 791 4685 20-
827 4638 966 4702 qnasi
996 4638 1086 4690 AB.
1155 4637 1276 4691 2.1
1311 4639 1424 4707 qnia
1453 4640 1545 4692 AB.
1648 4638 1732 4695 22.
1767 4655 1796 4691 a
1830 4640 2009 4694 delicto
2043 4640 2148 4695 Lali
2148 4645 2277 4696 nius.
2378 4641 2461 4695 23.
2495 4650 2723 4710 perstare
2756 4646 2813 4697 A.
