3263 5311
2464 396 2593 464 855

238 560 554 626 danim
607 559 672 622 in
725 559 1032 642 evangelio
1083 561 1162 624 ad
1216 579 1456 628 omnem
1508 560 1664 624 circa
1717 561 2017 626 “vicmo
2068 563 2595 645 cumputositatem

237 660 602 743 compendio
630 660 1058 742 respondisse,
1100 680 1228 726 non
1255 661 1352 726 hia
1382 661 1880 728 *communicari*
1904 663 2214 728 hominem
2243 683 2394 745 quae
2422 665 2487 728 in
2516 684 2590 728 cs
2606 673 2899 734 lanternas.

234 764 606 836 inferantur,
651 761 764 824 sed
805 780 958 842 qme
1001 780 1074 825 ex
1117 779 1224 824 cre
1265 764 1682 842 proterantur,
1750 782 1887 828 cum
1941 772 2003 827 et
2036 764 2173 846 ipse
2214 766 2598 830 manducaret

237 874 304 928 et
342 863 580 928 biberet
627 881 826 942 usque
877 863 944 925 in
996 862 1397 928 notationem:
1459 863 1612 926 Ecce
1662 864 1849 928 homo
1906 874 2151 929 vorator
2205 874 2271 929 et
2319 865 2899 947 potatorluausmas.

238 966 336 1030 sic
377 977 438 1027 et
477 963 820 1045 apostolum
862 961 1109 1038 docere,
1154 962 1317 1043 qaod
1355 983 1494 1028 esca
1533 983 1653 1026 nos
1697 965 1813 1030 deo
1854 983 1982 1029 non
2024 967 2434 1042 commendet,
2476 983 2899 1038 nedem-‚rnna

236 1085 360 1147 que
413 1065 819 1138 abundantes,
887 1064 940 1126 si
996 1064 1278 1139 edamus,
1339 1083 1534 1145 neque
1591 1066 1972 1142 deficientes,
2048 1068 2101 1130 si
2153 1086 2275 1131 non
2329 1068 2593 1134 edamus.

233 1167 352 1232 His
395 1176 457 1230 et
495 1165 841 1230 buirismodi
886 1166 1168 1230 sensibus
1211 1160 1284 1228 eo
1329 1166 1448 1230 iam
1491 1166 1791 1231 subtiliter
1831 1169 2113 1243 tendunt,
2158 1177 2225 1234 ut
2265 1170 2596 1250 unusquis-

235 1287 356 1350 que
396 1268 652 1349 pronior
691 1266 884 1329 ventri
926 1268 1123 1346 possit
1163 1267 1560 1348 ‘'supervacua
1599 1287 1716 1332 nec
1756 1269 1906 1333 adeo
1946 1270 1987 1302 ¹⁰
1998 1269 2339 1336 necessaria
2381 1270 2593 1334 existi-

231 1387 406 1433 mare
451 1367 721 1432 ¹¹sublati
766 1366 856 1428 vel
902 1367 1249 1431 ¹²deminuti
1289 1368 1383 1430 vel
1440 1369 1756 1432 demorati‘
1810 1370 1929 1436 cibi
1985 1370 2265 1446 ¹³officia,
2329 1390 2594 1452 praepo·

233 1477 422 1534 nenio
464 1469 692 1532 scilicet
735 1469 848 1531 deo
894 1468 1158 1531 iustitiae
1201 1477 1260 1532 et
1300 1470 1679 1534 innocentiae
1708 1490 1911 1553 opera.
2005 1471 2083 1535 Et
2118 1473 2345 1536 scimus
2389 1472 2595 1553 quales

235 1572 369 1635 sint
408 1570 730 1634 carnalium
772 1569 1224 1634 commodorum
1270 1572 1640 1647 suasoriaek,
1684 1591 1863 1653 quam
1904 1572 2077 1636 facile
2119 1572 2379 1650 dicatur,
2427 1573 2595 1655 Opus

235 1682 338 1735 est
378 1672 454 1735 de
495 1672 640 1734 totis
682 1670 1050 1752 praecordiis
1096 1672 1330 1734 credam
1348 1719 1364 1745 ‚
1411 1672 1652 1752 diligam
1695 1673 1874 1736 deum
1917 1681 1981 1736 et
2019 1675 2360 1753 proximum
2403 1674 2442 1705 ¹⁴
2461 1682 2592 1738 tan-

236 1792 420 1856 quam
460 1791 578 1836 me.
652 1772 723 1833 ln
765 1772 862 1834 bis
908 1771 1064 1834 enim
1111 1772 1346 1834 duobus
1389 1774 1727 1853 praeceptis
1773 1782 1900 1837 tota
1939 1774 2036 1837 lex
2075 1776 2297 1855 pendet
2338 1784 2401 1837 et
2441 1794 2592 1856 pro-

233 1877 488 1959 phetae,
533 1891 656 1936 non
699 1875 759 1935 in
802 1873 1153 1954 pulmonum
1198 1881 1259 1938 et
1299 1873 1726 1938 intestinorum
1767 1893 2040 1939 meorum
2082 1876 2387 1939 inanitate.

408 1976 616 2055 ltaque
656 1993 771 2038 nos
814 1974 931 2035 hoc
972 1975 1139 2053 prius
1189 1973 1516 2037 ¹affirmare
1574 1975 1861 2039 debemus
1905 1976 2066 2057 quod
2112 1977 2343 2040 occulte
2384 1976 2592 2039 subrui
2627 1995 2833 2054 cap.n1.

233 2077 637 2160 periclitatur,
684 2083 964 2155 quantum
1008 2073 1196 2136 valeat
1237 2075 1394 2153 apud
1428 2074 1608 2136 deum
1636 2076 1893 2139 inanitas
1923 2077 2069 2152 ista,
2115 2086 2177 2140 et
2202 2086 2342 2142 ante
2372 2078 2592 2154 omnia,

234 2179 402 2244 unde
455 2176 606 2240 ratio
661 2175 792 2258 ipsa
844 2174 1214 2255 processerit
1269 2174 1390 2236 hoc
1441 2176 1621 2237 modo
1681 2178 2063 2256 promerendi
2117 2178 2315 2241 deum.
2424 2179 2596 2243 Tunc

237 2280 402 2343 enim
469 2286 826 2357 agnoscetur
889 2275 1326 2339 observationis
1389 2276 1754 2351 necessitas,
1828 2295 1964 2339 cum
2027 2276 2278 2339 eluxerit
2338 2278 2591 2340 rationis

237 2379 598 2444 auctoritas·
642 2398 674 2440 a
717 2377 1047 2459 primordio
1091 2376 1515 2440 recensendae.
1601 2377 1925 2458 Acceperat
1951 2377 2134 2439 Adam
2179 2398 2215 2441 a
2241 2378 2357 2440 deo
2398 2377 2594 2457 legem

235 2498 363 2544 non
407 2479 680 2561 gustandi
725 2480 799 2541 de
844 2478 1058 2540 arbore
1102 2477 1420 2557 agnitionis
1466 2477 1609 2539 boni
1657 2487 1715 2539 et
1756 2478 1931 2553 mali,
1988 2479 2319 2541 moriturus
2379 2478 2433 2541 si
2474 2497 2591 2559 gu-

233 2590 480 2647 stasset.
568 2582 787 2643 Verum
831 2589 890 2644 et
930 2579 1064 2661 ipse
1106 2587 1250 2641 tunc
1299 2578 1363 2640 in
1407 2579 1753 2660 psychicum
1795 2583 2071 2644 rev'ersus
2113 2588 2258 2660 post
2297 2580 2592 2642 ²ecstasin

233 2683 602 2766 spu-itatem,
648 2683 710 2746 in
753 2702 868 2762 qua
910 2698 1189 2761 magnum
1232 2680 1376 2741 illud
1417 2691 1855 2747 sacramentum
1883 2682 1948 2743 in
1977 2681 2280 2743 Christum
2310 2691 2371 2743 et
2398 2681 2592 2743 eccle-

231 2784 390 2850 siam
432 2784 927 2865 prophetaverat,
992 2804 1103 2847 nec
1145 2783 1262 2846 iam
1308 2775 1550 2861 capiens
1596 2800 1748 2863 quae
1792 2788 1963 2845 erant
2014 2781 2296 2862 spiritus,
2364 2781 2594 2844 facilius

233 2886 429 2951 ventri
475 2904 654 2964 quam
697 2884 811 2947 deo
856 2886 1067 2959 cessit,
1113 2883 1330 2965 pabulo
1375 2881 1578 2962 potius
1623 2899 1801 2961 quam
1842 2890 2161 2962 praecepto
2206 2881 2443 2956 annuit,
2488 2900 2591 2945 sa-

235 2986 422 3053 tutem
468 2986 602 3066 gula
646 2984 928 3047 vendidit.
1003 2983 1374 3048 Manducavit
1414 2982 1671 3061 denique
1714 2991 1773 3045 et
1799 2981 2042 3063 'periit,
2090 2982 2286 3044 salvus
2330 2982 2592 3062 alioquin

236 3104 334 3157 711.
371 3106 544 3156 vicum
579 3105 652 3165 D„
690 3105 822 3154 Fulv-
850 3105 1062 3155 Ursinus.
1131 3104 1282 3154 victus
1315 3103 1487 3166 reliqui
1517 3103 1649 3152 libri.
1753 3101 1803 3152 8.
1838 3101 2185 3152 communicari
2225 3102 2313 3152 01).
2345 3103 2467 3153 liber
2490 3102 2591 3153 Cle-

232 3175 420 3225 mentis.
525 3172 573 3222 9.
610 3186 954 3235 supervacuam
990 3174 1041 3222 A.
1151 3171 1228 3221 10.
1278 3170 1599 3220 necessariam
1639 3171 1690 3219 A.
1797 3169 1874 3218 11.
1923 3168 2098 3218 sublati
2155 3169 2240 3218 CD.
2332 3168 2467 3218 dilati
2500 3169 2591 3219 AB.

236 3240 326 3292 12.
362 3240 580 3289 diminuti
617 3239 703 3289 Bc.
789 3238 869 3288 13.
906 3239 1166 3301 officinam,
1197 3244 1555 3302 praeponentes
1576 3238 1628 3287 A.
1699 3237 1876 3296 cilicia,
1910 3242 2230 3300 praepotente
2263 3236 2591 3299 Ios.Scaliyer.

1213 3307 1294 3357 14.
1330 3314 1557 3420 tanqtzum
1595 3317 1673 3354 me
1709 3304 1799 3355 AB.
1864 3305 1983 3354 mibi
2020 3304 2107 3354 GD.
2144 3305 2264 3355 liber
2299 3303 2557 3355 ammana.

1483 3407 1496 3420 .
1534 3372 1760 3421 ecstasim
1795 3373 1846 3421 A.

873 411 951 455 ΒΕ
991 409 1220 458 mimo
1262 410 1558 460 MBRSUS
1603 411 1951 460 ratumena.

233 3308 404 3361 officia
437 3313 793 3372 praeponentes
829 3306 906 3356 Fr.
925 3308 1103 3357 Iunius.

380 3375 497 3438 Cap.
534 3374 615 3425 111.
691 3374 735 3424 1.
774 3375 968 3424 firmare
1003 3376 1094 3425 Ios.
1120 3375 1342 3437 Scatiqer.

312 3476 361 3524 h.
401 3470 766 3540 communicari]
787 3474 978 3537 Vulgata
1001 3477 1240 3540 scriptura
1263 3481 1366 3524 erat

235 3542 1236 3672 {tizff‘ssssssatt⁰i2¹¹33311⁰32¹¹23¹²1323¹0
1246 3549 1365 3659 ¹3:¹12?

235 3677 421 3732 mentis
440 3685 728 3741 receperunt
747 3681 1088 3729 communicari.
1148 3678 1215 3726 De
1240 3692 1364 3727 com-

231 3748 478 3799 manicare
495 3761 534 3796 v.
560 3745 724 3795 adnot.
750 3746 810 3795 ad
833 3746 898 3795 De
918 3747 1139 3809 Spectac.
1160 3761 1263 3809 cap.
1286 3742 1361 3792 17.

234 3816 304 3865 Et
342 3812 407 3861 De
445 3813 642 3863 Patient.
680 3828 785 3876 cap.
806 3813 855 3863 8.
903 3813 952 3862 in
1002 3815 1172 3863 eodem
1221 3826 1362 3863 evan·

229 3880 356 3945 gelli
378 3880 487 3931 loco
509 3880 683 3943 legitur
702 3884 1044 3932 communicari.
1081 3881 1180 3930 Vet.
1203 3880 1362 3931 Gloss.

231 3952 290 4005 in
331 3948 436 3997 Maii
471 3949 628 3999 Anctt.
664 3948 819 3998 Claas.
866 3958 983 3998 tom.
1008 3948 1115 4010 vll,
1164 3963 1212 4012 p.
1233 3946 1364 3997 556:

231 4057 275 4081 ‚,
288 4016 614 4077 Corumum‘cat,
654 4013 982 4081 coinquinat.“

315 4084 346 4132 i.
383 4080 643 4146 demorati]
680 4082 941 4143 Demorati,
979 4084 1071 4134 hoc
1105 4078 1180 4133 est
1213 4081 1366 4132 dilati.

231 4153 329 4205 Sic
370 4152 496 4201 intra
544 4152 696 4201 hocce
743 4151 982 4215 opusculo
1031 4166 1139 4215 cap.
1171 4150 1236 4201 16
1282 4158 1368 4210 „et

230 4218 420 4273 stenae
471 4219 805 4269 anctoritatem
861 4221 1140 4270 demorantis
1201 4217 1366 4281 suspi-

233 4287 406 4341 rant.“
445 4286 659 4349 (Rigalt.)
712 4287 786 4336 ct.
824 4287 965 4336 etiam
1003 4287 1126 4336 infra
1163 4283 1367 4350 cap.ll.

235 4355 332 4407 nbi
367 4354 480 4404 dicit
530 4354 777 4414 „recusati
815 4354 886 4403 vel
923 4354 1065 4405 recisi
1103 4353 1175 4403 vel
1212 4361 1367 4403 retar-

236 4423 347 4475 dati
385 4422 546 4485 pabuli
584 4420 799 4471 officia.“
1095 4478 1102 4485 ,

315 4490 362 4541 k.
399 4484 675 4553 suasoriae]
727 4490 937 4547 Scimus,
985 4487 1156 4551 inquit,
1204 4485 1374 4551 quales

234 4556 410 4612 solent
444 4574 471 4608 a
506 4557 747 4621 psychicis
783 4556 963 4605 nostris
998 4555 1375 4605 declamationes

236 4626 444 4679 tractari
482 4623 751 4676 commodis
788 4622 1062 4673 carnalibus
1095 4622 1377 4673 suadendis.

1951 3370 1999 3421 3.
2036 3372 2164 3435 perit
2195 3372 2246 3421 A.

1465 3472 1601 3536 Apud
1639 3474 1860 3523 rhetores
1906 3473 2001 3522 duo
2052 3487 2228 3535 genera
2277 3472 2590 3522 materiarum
2626 3506 2630 3510 Α

1465 3546 1748 3601 tractantur,
1819 3540 2068 3591 suasoriae
2123 3548 2170 3590 et
2217 3540 2590 3590 controversiae.

1466 3607 1744 3667 suasoriae,
1798 3615 2039 3674 tamqnam
2077 3606 2300 3668 leviores,
2349 3615 2397 3658 et
2430 3607 2591 3657 minus

1467 3676 1751 3739 prudentiae
1787 3677 2049 3737 exigentes,
2105 3676 2270 3738 pueris
2306 3674 2593 3736 delegantur

1465 3744 1605 3806 quasi
1641 3742 1911 3793 rudimenta
1950 3742 2156 3792 dicendi.
2204 3742 2591 3802 controversiae,

1465 3824 1553 3859 seu
1577 3809 1847 3870 iudiciales,
1882 3809 2241 3860 robustioribus
2268 3809 2590 3871 assignantur.

1467 3876 1682 3939 (Rigalt.)

1537 3944 1654 4006 Cap.
1705 3942 1789 3993 111.
1875 3957 1919 3993 a.
1979 3955 2085 3992 cum
2141 3941 2344 3991 eluxerit
2388 3940 2591 3992 rationis

1469 4005 1753 4075 auctoritas]
1808 4009 1920 4075 Ipse
1968 4010 2093 4059 libro
2146 4009 2206 4059 do
2243 4004 2434 4059 Corona
2472 4023 2593 4061 con-

1468 4077 1737 4128 suetudinis
1792 4078 1889 4127 sive
1926 4076 2274 4128 observationis
2310 4075 2594 4139 probandae

1464 4146 1685 4216 regulam
1721 4146 2048 4209 praescripsit.
2107 4144 2244 4195 Tunc
2261 4143 2484 4195 videlicet
2507 4158 2594 4194 co·

1449 4214 1663 4281 ,leudam
1702 4227 1812 4263 esse
1832 4213 2250 4275 consuetudinem,
2287 4225 2396 4262 cnm
2419 4210 2597 4261 rationi

1472 4288 1796 4332 consentanea
1842 4281 2220 4344 deprehenditur
2266 4285 2315 4329 et
2363 4279 2596 4329 maiorem

1473 4350 1598 4399 allici
1637 4349 1873 4403 tationem
1898 4349 2279 4399 Christianarum
2298 4346 2597 4397 observatio-

1472 4431 1609 4476 num,
1663 4431 1771 4467 cum
1820 4416 1932 4467 illas
1980 4417 2123 4467 etiam
2161 4422 2329 4465 natura
2366 4412 2596 4471 defendit,

1476 4499 1600 4549 quae
1636 4485 1794 4548 prima
1831 4486 2045 4535 omnium
2082 4482 2337 4547 disciplina
2373 4487 2463 4531 est.
2510 4479 2600 4529 Hic

1477 4567 1589 4602 vero
1627 4559 1811 4602 tantum
1846 4552 2048 4604 rationis
2085 4548 2417 4601 auctoritatem
2452 4547 2599 4598 advo·
2672 4572 2687 4581 -

1481 4628 1571 4670 cat.
1610 4618 1824 4683 (Rigalt.)
