3263 5311
1051 451 1125 493 an
1172 450 1409 494 uxone!
1453 450 1566 493 ιω.
1598 451 1663 494 11.
2402 436 2524 498 697

200 600 600 665 secutionibus
617 646 633 673 ‚
678 599 740 662 in
783 599 1128 680 refrigeriis.
1199 599 1475 663 ”Neuter
1516 601 1764 664 alterum
1809 602 1984 677 oelat,
2028 610 2238 666 neuter
2280 602 2528 666 alterum

200 702 368 778 vitat,
434 710 646 764 neuter
686 683 855 764 alt'eri
898 701 1093 781 gravis
1138 711 1253 764 est.
1358 700 1573 765 Libere
1615 720 1792 783 aeger
1831 701 2133 778 visitatur,
2196 703 2526 785 ⁶¹indigens

200 811 582 868 sustentatur.
654 802 1134 884 ⁶’Eleemosynae
1160 804 1293 867 sine
1320 812 1618 866 tormento
1630 816 1679 879 ⁰,
1723 803 2005 866 sacrificia
2049 803 2182 867 sine
2226 805 2526 888 scrupulo,

204 905 541 988 quotidiana
581 904 878 986 diligentia
920 904 1051 967 sine
1093 905 1547 986 impedimento3
1611 924 1735 967 non
1777 905 1991 969 furtiva
2034 905 2349 985 signatior,
2406 925 2529 969 non

202 1007 430 1090 trepida
472 1005 808 1087 gratulatio,
856 1025 977 1068 non
999 1013 1159 1069 muta
1188 1006 1540 1076 benedictio.
1612 1006 1842 1070 Sonant
1868 1008 2023 1069 inter
2049 1007 2202 1070 duos
2230 1007 2442 1089 psalmi
2472 1016 2535 1072 et

203 1109 489 1190 ‘⁸115an
554 1117 614 1170 et
672 1116 879 1171 mutuo
941 1117 1269 1189 provocant
1321 1108 1455 1189 quis
1517 1108 1731 1172 melius
1791 1109 2092 1172 “domino
2147 1129 2260 1172 suo
2315 1118 2530 1174 cantet.

206 1210 365 1274 Talia
407 1210 732 1273 “Christus
773 1209 981 1272 videns
1026 1219 1086 1273 et
1126 1209 1373 1274 audiens
1416 1210 1648 1291 gaudet.
1719 1211 1827 1274 His
1869 1230 2073 1293 paoem
2118 1230 2287 1273 suam
2329 1211 2532 1275 mittit.

202 1312 313 1375 Ubi
353 1312 506 1387 duo,
550 1311 632 1374 ibi
676 1321 734 1374 et
774 1313 935 1393 ipse:
999 1311 1157 1374 ”tibi
1200 1321 1263 1373 et
1301 1311 1464 1393 ipse,
1526 1311 1607 1373 ibi
1666 1321 1727 1375 et
1775 1312 1967 1375 malus
2010 1331 2133 1375 non
2177 1320 2288 1375 est.
2373 1312 2536 1376 Haec

209 1417 348 1476 sunt
388 1432 538 1495 quae
581 1414 836 1495 apostoli
879 1431 993 1475 vox
1036 1412 1133 1512 5¹¹?
1175 1413 1346 1477 ”sub
1374 1412 1699 1477 brevitates
1744 1414 2133 1496 intellegenda
2165 1414 2340 1477 nobis
2368 1414 2528 1478 “re-

204 1515 433 1596 linquit.
520 1516 678 1578 Haec
718 1515 825 1578 tibi
867 1515 1206 1596 “suggere
1250 1515 1305 1578 si
1350 1534 1501 1596 opus
1544 1517 1741 1579 fuerit.
1817 1515 1980 1578 '’His
2027 1524 2086 1578 te
2128 1515 2201 1578 ab
2246 1515 2531 1597 exemplis

208 1615 566 1697 quarundam
592 1616 849 1680 reflecte.
912 1616 1044 1679 Non
1085 1617 1224 1680 lieet
1262 1617 1434 1681 aliter
1474 1618 1745 1681 fidelibus
1773 1619 1814 1652 ⁷¹
1830 1617 2082 1694 nubere,
2125 1637 2248 1681 non
2279 1617 2536 1699 expedit.

202 1727 499 1822 elfricum
532 1770 737 1821 alterum
772 1771 898 1821 celat
930 1787 1019 1822 om.
1041 1774 1091 1823 A.

1210 1771 1292 1821 61.
1328 1755 1547 1834 indigens
1582 1779 1879 1824 sustentatur
1914 1789 2003 1824 om.
2028 1770 2125 1836 Αβ.
2229 1771 2311 1823 62.
2348 1770 2534 1822 elemo-

203 1839 337 1889 sinae
369 1840 421 1890 A.
532 1837 615 1889 63.
662 1838 812 1889 himni
846 1835 945 1903 Ass.

1059 1839 1142 1890 64.
1189 1839 1386 1890 domino
1433 1837 1545 1899 (dni)
1580 1836 1702 1903 Αβ.)
1745 1844 1795 1891 A.
1881 1840 1975 1891 deo
2021 1842 2206 1905 reliqui.
2327 1839 2410 1891 65.
2446 1837 2538 1905 ⁸13⁹·

202 1907 272 1965 (ta.
290 1923 329 1958 e.
363 1905 582 1972 spiritus)
614 1908 667 1957 A.
768 1906 850 1957 66.
886 1907 967 1957 ubi
1004 1916 1051 1956 et
1088 1908 1193 1971 ipse
1227 1907 1291 1957 ibi
1327 1922 1416 1958 oea.
1441 1909 1493 1958 A.
1596 1907 1681 1958 67.
1719 1908 1945 1959 brevitate
1978 1910 2063 1960 Ad.
2134 1908 2426 1972 benignitate
2457 1924 2535 1960 re-

203 1977 335 2041 liqua.
438 1972 518 2025 68.
555 1974 797 2040 relinquid
832 1979 883 2026 A.
954 1976 1148 2040 reliquit
1178 1977 1363 2040 reliqui.
1467 1972 1547 2025 69.
1583 1976 1790 2038 subgere
1824 1974 1922 2039 Αβ.
2020 1976 2103 2026 70.
2137 1976 2235 2027 Iste
2267 1974 2366 2040 Δρ.
2451 1976 2540 2027 71.

206 2042 406 2105 nubere,
451 2056 549 2092 non
585 2043 775 2107 expedit
815 2043 901 2093 Aa.
971 2042 1171 2104 nubere,
1206 2049 1253 2092 et
1287 2043 1328 2092 si
1366 2041 1549 2105 liceret,
1586 2058 1683 2094 non
1719 2044 1965 2108 expediret
1996 2045 2184 2110 reliqui.
2250 2046 2536 2110 Suasa-iptio

203 2114 261 2161 a„
285 2108 382 2173 Δρ.
419 2116 487 2161 eu
519 2108 597 2160 Ao
633 2094 830 2162 vxont
862 2110 1054 2163 tinen.
1091 2110 1151 2160 n.
1185 2109 1480 2162 Ext’ucrr.

275 2261 320 2297 ο.
351 2245 698 2310 Eleemosynae
734 2244 840 2296 sine
874 2241 1140 2310 tormento]
1177 2245 1319 2297 chri-

204 2315 387 2366 stianae
420 2313 622 2365 maritus
658 2314 878 2365 ethnicus
914 2313 994 2364 ubi
1030 2313 1091 2363 de
1118 2313 1219 2364 suia
1238 2316 1355 2363 re-'

204 2384 299 2433 bus
343 2380 523 2446 aliquid
570 2382 742 2432 abesse
795 2382 889 2432 sibi
948 2388 1209 2443 notaverat,
1261 2382 1321 2431 ab

205 2464 353 2501 uxore
388 2451 574 2500 fortem
611 2451 658 2500 in
695 2449 874 2500 Christi
920 2463 1162 2516 pauperes
1196 2448 1322 2500 deli·

204 2518 385 2578 batum,
444 2517 733 2582 plerumque
785 2518 906 2568 adeo
958 2517 1213 2578 saeviebat,
1271 2523 1324 2567 ut

204 2585 370 2637 aerv'os
406 2586 568 2635 uxoris
602 2587 817 2651 torqueri
853 2586 1055 2636 iuberet.
1120 2588 1178 2635 At
1213 2598 1323 2636 cum

205 2653 349 2706 ambo
385 2652 659 2714 Christiani,
701 2663 814 2705 tunc
849 2653 1184 2719 eleemosynae
1218 2655 1323 2705 sine

201 2729 460 2773 tormento.
498 2721 709 2785 (Rigalt.)
776 2722 1008 2785 intellego
1054 2729 1324 2774 tormentum

202 2791 288 2841 hie
322 2789 477 2840 mariti
528 2790 859 2841 morositatem
906 2805 1029 2855 quae
1066 2790 1129 2840 de
1160 2790 1322 2840 uxoris

205 2859 512 2922 eleemosyna
547 2866 781 2920 gravatur.
865 2857 1089 2909 Ceterum
1124 2857 1185 2908 de
1221 2866 1322 2908 toto

204 2926 302 2976 hoc
335 2924 444 2977 loeo
482 2926 542 2975 cl'.
580 2941 701 2990 quae
736 2927 965 2977 disseruit
981 2940 1128 2989 supra
1153 2925 1322 2990 eap.4.

204 2993 362 3055 „Quis
390 2995 522 3081 enirn
539 2994 665 3047 sinat
690 2995 943 3058 coniugem
969 3007 1106 3044 suam
1125 2993 1322 3043 visitan-

1421 2244 1593 2295 dorum
1629 2247 1833 2297 fratrum
1881 2248 2030 2310 gratia
2075 2249 2263 2298 vicatim
2300 2247 2457 2297 aliena
2492 2255 2542 2298 et

1422 2312 1616 2378 quidem
1652 2315 1943 2380 pauperiora
1978 2329 2197 2380 quaeque
2232 2316 2418 2378 tuguria
2443 2316 2541 2365 cir·

1423 2380 1555 2431 cuire
1569 2377 1637 2431 ‘1⁸‘
1673 2390 1782 2433 cett.
1837 2382 2149 2447 Respondent
2182 2383 2540 2448 quodammodo

1423 2463 1546 2514 quae
1581 2448 1662 2500 hie
1695 2457 1977 2516 sequuntur.

1491 2531 1541 2581 p.
1577 2517 1747 2568 furtiva
1797 2514 2027 2582 signatio]
2082 2518 2152 2570 Cf.
2190 2532 2338 2581 supra
2374 2533 2481 2583 eap.
2507 2517 2539 2569 5

1422 2584 1717 2646 „Latebisne
1752 2593 1820 2647 tn,
1850 2601 1957 2638 cum
1995 2586 2242 2645 lectulum,
2285 2600 2393 2636 cum
2429 2600 2541 2636 eor-

1424 2653 1683 2718 puseulum
1731 2663 1867 2706 tuum
1910 2651 2150 2718 siguas‘t‘*
2187 2663 2298 2705 cett.
2370 2651 2542 2713 Quoti-

1425 2721 1616 2773 dianam
1653 2722 1947 2786 diligentiam
1995 2723 2177 2774 dixerat
2228 2721 2446 2772 sedulam
2495 2728 2545 2771 et

1423 2789 1680 2840 sollicitam
1715 2790 2001 2856 disciplinae
2045 2805 2133 2841 seu
2167 2788 2415 2852 religionis
2450 2790 2540 2839 ob-

1424 2860 1728 2908 servantiam.

1425 2924 1788 3043 ‘ttq'rgaeftosmj
1822 2939 1905 3044 Ἕκ
1932 2923 2015 3004 illa
2044 2925 2135 3042 ωε
2153 2918 2408 2991 brevitate]
2443 2923 2536 3042 Vax

1423 3007 1437 3042 ι
1479 3008 1504 3043 a
1649 3010 1725 3043 um
1758 3010 1809 3043 m
1877 3009 2046 3045 emano.
2131 3031 2145 3045 .
2181 3006 2328 3058 supra
2365 3007 2470 3058 cap.
2529 3028 2543 3043 .
