3263 5311
352 2117 391 2152 '4

512 2910 535 2941 *¹
631 2914 713 2966 39.
749 2914 1027 2965 destinastis
1060 2906 1380 2964 ABDEFtatc.
1424 2912 1614 2962 Vindob.
1652 2911 1826 2973 Erfurt.
1867 2912 1993 2961 Laid.

647 386 769 449 136
1180 401 1382 450 ommi
1428 400 1690 442 sermm
1735 400 2064 443 noum-rtis
2112 395 2504 445 maroneum

641 554 925 614 deorum‘
967 549 1200 631 pulsos,
1245 549 1386 610 Piso
1456 556 1516 609 et
1554 548 1854 612 >Gabinius
1915 550 2196 612 consules
2261 570 2382 613 non
2427 552 2630 632 utique
2674 552 2998 616 Christiani

544 643 553 649 ’
642 654 872 716 eversis
919 651 1095 730 etiam
1140 650 1261 713 aris
1308 667 1518 711 eorum
1562 650 2000 725 abdicaverunt,
2069 651 2332 732 turpium
2393 660 2455 713 et
2509 653 2841 716 otiosarum
2884 673 2996 716 su-

636 755 1061 836 perstitionum
1101 751 1241 830 vitia
1285 751 1654 814 cohibentes
1741 752 1849 814 His
1895 770 2005 813 vos
2049 752 2343 815 restitutis
2389 771 2682 817 summam
2709 755 2995 817 maiesta-

641 865 761 919 tem
824 853 1177 917 contulistis,
1264 852 1377 915 Ubi
1443 853 1687 932 religio,
1742 853 1845 914 ubi
1901 853 2206 915 veneratio
2269 854 2597 918 maioribus
2652 855 2905 917 32debita
2962 876 2998 918 a

638 955 864 1019 vohis?
949 954 1186 1026 Habitu,
1231 952 1463 1028 ³³victu,
1523 953 1838 1028 instructu,
1884 953 2146 1028 ³‘sensu,
2216 955 2353 1035 ipso
2410 956 2665 1037 denique
2711 975 2996 1020 sermone

636 1057 877 1139 proavis
918 1054 1384 1118 ”renuntiastis
1476 1054 1755 1116 Laudatis
1803 1074 2043 1135 semper
2085 1055 2572 1138 ”antiquitatem
2617 1066 2677 1120 et
2718 1077 2873 1120 nove
2917 1059 2996 1120 de

637 1160 732 1221 die
777 1157 991 1218 vivitis,
1079 1157 1197 1217 Per
1240 1155 1401 1234 quod
1446 1155 1803 1230 ostenditur,
1872 1157 2012 1217 dum
2069 1176 2102 1217 a
2144 1156 2321 1220 bonis
2365 1158 2660 1222 maiorum
2702 1159 2997 1224 institutis

634 1258 943 1333 deceditis,
1003 1277 1071 1318 ea
1126 1275 1235 1318 vos
1272 1256 1551 1318 retinere
1618 1266 1679 1317 et
1721 1257 2023 1320 custodire
2068 1277 2219 1338 quae
2261 1276 2386 1319 non
2433 1258 2748 1340 debuistis,
2794 1260 2994 1322 ”cum

634 1381 784 1443 quae
831 1345 1125 1421 debuistis
1168 1377 1291 1420 non
1320 1357 1751 1421 ”custodistis
1838 1359 2045 1439 Ipsum
2090 1341 2282 1420 adhuc
2323 1360 2480 1439 quod
2527 1360 2804 1422 videmini
2835 1362 2992 1423 fide-

634 1462 861 1524 lissime
906 1460 1061 1521 tueri
1106 1478 1138 1521 a
1181 1459 1451 1539 patribus
1501 1459 1797 1534 traditum,
1868 1458 1929 1519 in
1986 1479 2104 1540 quo
2150 1459 2555 1540 principaliter
2598 1481 2741 1524 reos
2787 1470 2994 1535 trans-

635 1562 968 1643 gressionis
1014 1560 1387 1622 Christianos
1430 1560 1856 1635 ³”destinastis
1917 1560 2182 1622 studium
2227 1561 2358 1622 dico
2405 1561 2656 1644 deorum
2699 1562 2996 1624 colendo-

576 1731 585 1740 ·
633 1684 786 1737 rum,
831 1663 961 1724 ⁴⁰de
1006 1681 1125 1742 quo
1170 1662 1424 1724 maxime
1472 1661 1691 1723 erravit
1717 1662 2062 1742 antiquitas,
2105 1660 2244 1722 licet
2271 1662 2541 1742 Serapidi
2572 1663 2686 1724 iam
2718 1663 2993 1725 Romano

590 1785 767 1856 „aras
810 1762 1242 1837 restruxeritis,
1285 1762 1423 1824 licet
1463 1763 1693 1824 Baccho
1740 1763 1854 1824 iam
1898 1762 2100 1823 Italico
2145 1762 2331 1824 furias
2375 1771 2609 1825 vestras
2653 1763 2992 1826 ⁴¹immole-
3084 1762 3105 1780 ''

633 1866 711 1927 tis
727 1880 772 1939 ⁸¹,
840 1883 951 1927 suo
1017 1865 1148 1925 loco
1207 1864 1521 1958 ostendam
1562 1864 1868 1944 ⁴²proinde
1925 1863 2153 1944 despici
2199 1870 2260 1925 et
2301 1865 2534 1944 neglegi
2578 1862 2654 1926 et'
2682 1865 2909 1927 destrui
2959 1886 2995 1926 a

632 1966 802 2029 vobis
847 1967 1132 2027 adversus
1179 1965 1468 2027 maiorum
1517 1966 1946 2027 auctoritatem.
2036 1964 2206 2024 Nunc
2248 1964 2405 2025 enim
2462 1966 2535 2026 ad
2579 1959 2750 2028 illam‘
2782 1966 2990 2028 occul-

631 2075 828 2129 torum
872 2067 1202 2128 facinorum
1246 2066 1544 2128 infamiam
1588 2065 1993 2146 respondebo,
2038 2064 2161 2125 ⁴³ut
2202 2063 2355 2125 viam
2411 2066 2554 2127 mihi
2614 2067 2686 2128 ad
2729 2068 2989 2129 manife-

554 2157 585 2208 ’Χ
633 2168 817 2231 stiora
860 2168 903 2200 ⁴⁴
917 2186 1184 2249 purgem.

359 2285 468 2346 Cap.
502 2283 591 2336 Vn.

797 2269 1061 2332 Dicimur
1087 2268 1531 2330 sceleratissimi
1556 2268 1630 2329 de
1657 2274 2029 2329 sacramento
2052 2267 2433 2328 infanticidii·
2468 2275 2528 2328 et
2557 2268 2792 2348 ¹pabulo
2823 2269 2989 2344 inde,

628 2381 687 2434 et
727 2381 871 2453 post
914 2369 1246 2433 convivium
1289 2370 1542 2442 incesto,
1588 2369 1749 2449 quod
1797 2386 2111 2430 eversores
2156 2366 2444 2429 luminum
2488 2387 2688 2443 caneS,
2733 2370 2989 2432 lenones

616 2472 896 2544 Kscilicet²
914 2471 1309 2544 tenebrarum,
1332 2469 1643 2532 libidinum
1668 2469 1981 2549 impiarum
2004 2468 2100 2530 ³in
2131 2468 2544 2531 verecundiam
2574 2470 2990 2549 ⁴procurent1’2,

632 2645 713 2697 32.
749 2641 906 2695 dedita
943 2644 999 2693 D.
1105 2640 1185 2692 33.
1222 2641 1344 2691 victu
1383 2648 1429 2691 et
1464 2640 1704 2689 instructu
1742 2639 1883 2691 Dabo.
1954 2640 2074 2689 victu
2115 2636 2389 2690 instructa?
2424 2640 2475 2691 F.

628 2729 864 2833 32?ssssss
899 2710 1058 2841 Aa?
1097 2710 1537 2827 “33⁰²{32¹2⁵0.1¹s;1÷s
1593 2704 2611 2835 &suffultatfffssofflwt'ssdw
2657 2705 2989 2826 tam&

629 2849 804 2913 Erfurt.
840 2849 951 2897 libri
987 2846 1174 2897 pamelii
1210 2860 1380 2895 omnes.
1486 2843 1754 2893 custoditis.
1793 2843 1957 2891 Adbuc
1992 2845 2140 2906 obses.
2212 2844 2503 2893 custodistis.
2544 2844 2708 2907 Ipsum
2746 2842 2905 2891 adhuc
2941 2839 2988 2891 λ.

2089 2910 2338 2960 destinatis
2388 2911 2516 2974 Gdef.
2545 2911 2742 2969 (Oxou.)
2780 2911 2987 2961 Gaudeo.

630 2985 796 3036 Elnon.
902 2981 984 3032 40.
1022 2980 1082 3031 de
1118 2997 1205 3032 om.
1245 2981 1316 3044 Gs.
1420 2979 1500 3029 41.
1539 2978 1802 3031 immoletis
1837 2973 1915 3027 Fa.
1989 2978 2294 3027 immolaritis
2331 2980 2464 3029 abed.
2537 2977 2899 3027 immolaveritis
2928 2984 2989 3042 es.

630 3053 841 3102 Leidens.
959 3047 1038 3098 42.
1079 3047 1279 3111 perinde
1316 3064 1354 3099 c.
1494 3044 1578 3095 43.
1618 3053 1669 3095 ut
1704 3046 1822 3094 viam
1863 3046 1978 3095 mibi
2015 3046 2074 3095 ad
2109 3041 2346 3111 ABEFtes.
2392 3047 2579 3096 vindob.
2617 3046 2791 3108 Erfurt.
2835 3048 2987 3097 Oxou.

630 3127 683 3169 ut
718 3120 811 3168 iam
850 3116 1269 3167 mibiG.Leidens.
1340 3123 1391 3165 ut
1428 3115 1522 3164 iam
1560 3115 1676 3163 mihi
1716 3114 1773 3162 ad
1812 3114 1864 3161 D.
1928 3121 1978 3162 ut
2001 3115 2094 3162 iam
2113 3113 2225 3162 inde
2244 3113 2302 3162 ad
2323 3115 2455 3164 abed.
2526 3112 2608 3163 44.
2631 3126 2829 3176 pergam
2850 3115 2985 3164 abed.

738 3180 885 3249 ‘Cap.
925 3185 1018 3234 vu.
1095 3184 1235 3247 Caput
1271 3185 1513 3245 septimum
1548 3185 1598 3230 in
1635 3183 1708 3231 ab.
1745 3180 2018 3244 inscriptum
2055 3188 2121 3230 est
2170 3180 2328 3239 Qvon
2380 3180 2776 3231 GRAvtSstttls.
2801 3180 2986 3230 Accv-

630 3254 767 3304 SA‘rt
800 3249 1162 3303 SCELERlBVS
1200 3248 1544 3298 CHRlSTIANl
1580 3247 1856 3305 NvNstM
1897 3247 2096 3297 TAMEN
2136 3247 2424 3297 CONVlCTl
2471 3248 2628 3298 SlNT.
2721 3248 2764 3297 1.
2801 3248 2985 3311 pabulo

630 3320 776 3371 Iudae
813 3336 856 3369 a.
894 3320 1106 3368 Leidens.
1178 3315 1357 3377 pabulo
1397 3314 1572 3365 crudae
1609 3332 1649 3364 c.
1686 3316 1912 3365 Latinius.
2019 3314 2066 3364 2.
2102 3315 2412 3364 tenebrarum
2450 3324 2497 3364 et
2533 3315 2784 3365 libidinum
2823 3318 2983 3367 abcde.

629 3388 871 3445 tenebras,
908 3393 1007 3433 tum
1042 3387 1077 3446 Ῑ.
1113 3383 1242 3432 Fulv.
1285 3382 1491 3433 Ursinus.
1565 3382 1871 3431 tenebrarum
1909 3382 1956 3430 in
2005 3382 2257 3432 libidinum
2293 3378 2337 3431 λ.
2479 3382 2524 3432 3.
2564 3385 2609 3432 in
2647 3384 2986 3433 verecundiam

628 3470 727 3516 eqo.
835 3450 1218 3501 inverecundiam
1266 3450 1492 3499 ABDEFG
1514 3486 1527 3499 .
1577 3449 1798 3513 Bonqors.
1847 3451 2021 3514 Erfurt.
2077 3451 2224 3500 oxon.
2272 3451 2481 3501 Leidens.
2540 3451 2727 3501 Vindob.
2774 3453 2983 3501 Amin-os.

626 3523 755 3571 Fulv.
797 3520 1005 3569 Ursinus.
1110 3517 1444 3566 verecundiam
1514 3554 1524 3565 .
1631 3516 1967 3567 inverecundia
2020 3519 2145 3568 bede.
2201 3517 2321 3568 otim
2370 3520 2712 3569 emendaverant
2759 3518 2808 3568 in
2845 3533 2983 3567 verc-

630 3588 867 3638 cundiam.
1008 3586 1057 3635 4.
1096 3591 1384 3648 procurrent
1420 3585 1547 3633 Leid.
1638 3592 1894 3635 occurrent
1943 3586 1992 3635 G.

2584 2638 2665 2690 34.
2703 2653 2851 2689 ceusu
2888 2640 2990 2690 Ha-
3064 2664 3070 2669 ·

693 3715 727 3757 t.
766 3705 895 3757 curia
933 3699 1159 3768 deornm]
1195 3702 1268 3753 Cf.
1305 3702 1373 3751 De
1408 3702 1625 3766 Speztac.
1655 3717 1760 3766 cap.

627 3775 674 3823 7.
712 3799 813 3837 ‚,-
849 3799 914 3811 --
953 3780 1070 3837 quot
1106 3770 1329 3832 collegia,
1378 3779 1496 3834 quot
1530 3770 1760 3820 sacerdo-

624 3844 706 3901 tia,
756 3849 874 3904 quot
920 3841 1076 3891 officia
1115 3845 1410 3899 moveantur,
1463 3839 1622 3888 sciunt
1671 3839 1761 3887 ho-

625 3908 782 3958 mines
816 3906 948 3958 illius
995 3908 1129 3957 urbis
1177 3908 1223 3956 in
1275 3921 1366 3971 qua
1414 3908 1762 3957 doemoniorum

624 3982 871 4027 conventus
909 3973 1180 4026 consedit.“
1218 3975 1342 4025 Ibid.
1381 3988 1485 4039 cap.
1514 3974 1571 4023 12
1607 3973 1759 4033 „Plu-

624 4044 760 4093 ribus
809 4043 937 4091 enim
988 4051 1035 4092 et
1094 4043 1425 4106 asperioribus
1483 4042 1759 4091 nominibus

625 4110 1028 4173 amphitheatrum
1085 4115 1398 4159 consecratur
1448 4124 1584 4173 quam
1623 4107 1759 4171 Capi-

624 4180 802 4228 tolium.
843 4176 1053 4228 Omnium
1078 4179 1350 4227 daemonum
1385 4178 1598 4241 templum
1635 4173 1762 4225 est.“

692 4258 738 4293 u.
774 4242 929 4293 furias
980 4251 1163 4293 vestras
1218 4239 1504 4305 immoletis]
1540 4284 1545 4291 .
1577 4242 1650 4293 Cf.
1692 4242 1758 4292 De

624 4314 842 4377 Spectac.
881 4326 986 4374 cap.
1026 4310 1105 4360 10-
1139 4311 1309 4372 „Quae
1343 4310 1523 4374 privata
1560 4318 1606 4361 ct
1640 4325 1758 4374 pro-

622 4381 727 4445 pria
766 4387 877 4428 sunt
910 4392 1107 4439 scenae,
1143 4377 1202 4427 de
1240 4385 1375 4440 gestu
1412 4386 1459 4428 et
1496 4379 1621 4428 fluxu
1647 4393 1758 4428 cor-

622 4449 758 4513 poris
795 4446 1024 4497 molliti'ae
1058 4446 1255 4497 Veneris
1303 4454 1350 4496 et
1382 4442 1559 4497 [ibero
1595 4440 1780 4497 immo-⁸

620 4518 734 4578 lant,
774 4514 846 4565 illi
882 4530 971 4579 per
1004 4529 1189 4575 sexum,
1226 4514 1297 4563 illi
1332 4530 1420 4579 per
1456 4515 1631 4565 luxum.
1655 4515 1757 4565 dis-

619 4581 873 4645 solutis-⁸⁴,
909 4584 969 4637 ad
1006 4596 1149 4648 quem
1189 4583 1348 4635 locum
1382 4582 1490 4634 vide
1518 4598 1642 4648 quae
1668 4583 1755 4632 ad—

621 4653 905 4704 notavimus.

1917 3702 2032 3766 Cap.
2070 3702 2164 3750 vn.
2237 3718 2277 3752 a.
2329 3694 2403 3751 de'
2435 3710 2736 3755 sacramento
2787 3703 2984 3753 infanti·

1849 3769 1984 3833 cidii]
2023 3770 2093 3820 Ci.
2134 3769 2302 3820 Minue.
2341 3769 2440 3819 Fel.
2479 3770 2638 3820 Octav.
2680 3769 2848 3835 cap.9.
2887 3770 2982 3820 Ta-

1850 3840 1962 3888 tian.
2001 3837 2135 3886 Orat.
2189 3838 2248 3887 ad
2304 3839 2476 3888 Graec.
2515 3853 2619 3901 cap.
2658 3836 2736 3888 42.
2813 3838 2981 3888 lustin.

1847 3905 1980 3955 Mart.
2019 3904 2141 3954 Dial.
2179 3921 2220 3954 c.
2258 3904 2433 3970 Tryph.
2474 3920 2518 3968 p.
2559 3904 2674 3955 227.
2735 3905 2802 3954 ld.
2841 3906 2982 3969 Apol.

1848 3973 1906 4033 ll,
1943 3986 1989 4037 p.
2014 3972 2093 4021 70.
2131 3972 2360 4035 Athenag.
2397 3973 2508 4035 Leg.
2549 3988 2637 4037 pro
2676 3972 2786 4023 Chr.
2826 3988 2873 4036 p.
2898 3972 2981 4023 38.

1847 4041 2076 4091 irenaeus
2113 4054 2190 4104 ap.
2214 4040 2474 4091 Oecumen.
2510 4040 2777 4090 Comment.
2815 4042 2862 4089 in
2889 4041 2982 4090 Pe-

1847 4110 1906 4157 tri
1943 4108 2097 4173 Epist.
2135 4108 2173 4167 1,
2211 4106 2255 4156 2.
2373 4160 2374 4163 Ἴ

1912 4177 1960 4224 b.
2017 4174 2266 4226 libidinum
2323 4175 2580 4238 impiarum
2647 4176 2695 4225 in
2745 4190 2980 4226 verecun-

1846 4242 1974 4292 diam
2026 4238 2315 4308 procurent]
2387 4243 2630 4307 Scriptum
2680 4244 2901 4294 existimo
2941 4248 2981 4292 et

1838 4317 1947 4376 post
1999 4312 2254 4361 convivium
2303 4313 2508 4373 incesto,
2575 4314 2700 4375 quod
2751 4326 2980 4363 eversores

1842 4380 2067 4429 hminum
2102 4394 2253 4440 canes,
2303 4380 2489 4429 lenones
2525 4381 2719 4442 scilieet,
2770 4381 2980 4430 tenebra—

1841 4460 1944 4496 rum
2004 4452 2045 4495 et
2099 4448 2348 4496 libidinum
2407 4449 2590 4511 piarum
2651 4448 2979 4499 inverecundia

1836 4520 2101 4578 procurent,
2156 4512 2203 4562 id
2253 4522 2328 4563 est
2363 4515 2492 4577 quod
2529 4516 2765 4565 incestum
2801 4514 2978 4565 eversis

1842 4580 2105 4631 luminibus
2144 4595 2288 4633 canes
2323 4582 2414 4631 hac
2461 4584 2648 4633 ratione
2685 4582 2978 4633 lenocinium

1843 4648 1980 4713 quasi
2000 4648 2231 4701 facientes
2250 4660 2530 4717 procurent,
2559 4652 2768 4716 primum
2796 4650 2971 4702 obseu-
