3263 5311
1167 415 1649 460 apometueun.

216 555 483 643 cebant,
572 565 671 644 εἰς
738 560 858 649 τὴν
928 567 1195 648 μητέρα.

2415 411 2418 414 ’
2477 401 2593 464 151

1302 565 1433 628 Iam
1490 582 1653 626 nunc
1707 563 2029 643 recogitate
2087 555 2371 644 quantum
2427 564 2640 630 liceat!

242 669 549 734 erroribus
594 669 671 731 ad
714 668 943 756 incesta
996 665 1323 740 miscenda,
1392 664 1811 745 suppeditante
1855 649 2190 748 ⁸“materias
2252 651 2636 746 passivitate,-¹

240 769 506 836 lium-iae
518 781 563 830 ¹.

648 767 952 848 Imprimis
996 767 1149 828 tilios
1195 765 1493 846 exponitis
1541 764 1963 845 suscipiendos
2008 766 2081 828 ab
2125 766 2319 846 aliqua
2362 767 2596 848 ¹”prae-

240 877 513 934 tereunte
556 868 970 931 misericordia
1012 867 1402 941 “emman
1447 866 1540 928 vel
1582 866 1955 947 adoptandos
1983 866 2333 931 melioribus
2375 887 2597 949 paren-

239 972 399 1034 tibus
446 969 835 1049 emancipatis
850 969 897 1030 b.
984 968 1235 1074 Alienati
1278 963 1520 1048 generis
1563 986 1819 1032 necesse
1862 975 1958 1029 est
2011 968 2368 1048 quandoque
2408 970 2630 1032 ⁹2me-.

238 1190 319 1240 89.
357 1159 579 1238 κηποι-ιε’
608 1183 657 1234 λ.
749 1187 803 1236 Ia
836 1188 922 1237 Da.
970 1187 1138 1249 legitur
1193 1186 1254 1238 ad
1300 1188 1510 1238 incestas
1564 1189 1771 1238 miscere
1817 1188 2132 1251 pessumitate
2180 1187 2421 1249 luxuriae,
2473 1191 2522 1240 ia
2559 1207 2598 1241 ο.

237 1257 297 1307 ad
362 1259 547 1305 incesta
619 1254 864 1304 miscenda
936 1254 1245 1317 suppeditare
1319 1257 1546 1304 materias
1604 1256 1788 1318 passim
1857 1256 2083 1306 invitante
2155 1255 2352 1304 luxuria.
2515 1256 2600 1306 90.

234 1331 578 1389 praetereunte
616 1329 767 1371 matre
803 1327 1026 1371 extranea
1060 1323 1304 1380 (extranea
1342 1337 1430 1371 om.
1462 1321 1539 1381 D.)
1573 1323 1716 1373 Dabo.
1797 1330 2135 1386 praetereunte
2171 1323 2471 1372 misericordi
2508 1325 2599 1374 los.

237 1393 463 1455 Scaliger.
614 1389 698 1440 91.
734 1396 987 1439 extraneae
1022 1390 1069 1439 d.
1122 1389 1177 1438 In
1209 1389 1267 1438 D.
1300 1390 1469 1440 absunt
1502 1390 1641 1439 verba
1675 1397 1900 1442 extranea
1923 1390 2007 1456 ‘vel
2044 1390 2347 1455 adoptandos
2383 1391 2601 1442 meliori·-

234 1460 345 1509 bus.
486 1457 571 1507 92.
609 1457 891 1508 memoriam
928 1455 1138 1519 dispesci
1174 1451 1220 1505 λ.

236 1594 281 1642 iu
319 1586 659 1656 gremium.“].
732 1590 904 1640 Verum
962 1590 1080 1638 haec
1128 1590 1244 1639 mihi
1281 1603 1370 1639 ne-

236 1674 480 1723 quaqnam
532 1658 861 1716 satisfaciunt,
907 1671 1159 1721 propeque
1211 1664 1285 1706 est
1321 1665 1373 1706 ut

233 1728 472 1790 scriptum
511 1726 777 1774 existimem
810 1715 996 1788 ἒμίηνε
1031 1715 1105 1776 εἷς
1138 1716 1240 1782 τὴν
1267 1737 1370 1788 μη-

234 1789 387 1860 τέρα,
427 1802 631 1842 matrem
668 1792 930 1844 incestavit.
982 1792 1101 1842 Nam
1129 1785 1372 1855 μιαίνειν

234 1862 324 1911 hac
375 1862 425 1910 iu
484 1876 537 1909 re
590 1862 843 1923 proprium
892 1866 938 1909 et
981 1853 1181 1924 μιαροὶ
1223 1874 1371 1922 saepe

238 1930 424 1978 incesti.
462 1928 701 1986 (Herald.)
773 1917 993 1974 Ἐλαυνε
1029 1918 1103 1978 εἷς
1137 1919 1237 1985 τὴν
1268 1941 1370 1991 μη-

238 1991 383 2062 τέρα.
408 2025 419 2036 ·
460 1995 585 2044 Dicti
623 2009 825 2044 acumen
869 1993 1113 2056 intelleget
1148 1995 1228 2058 qui
1267 2008 1369 2044 me—

238 2065 428 2113 minerit
479 2061 718 2126 Oedipum
770 2076 932 2122 regem
979 2077 1035 2111 ac
1080 2061 1369 2111 bellatorem

239 2131 385 2181 fuisse
421 2129 642 2193 adeoque
681 2130 915 2178 exercitus
951 2129 1151 2178 ducem:
1201 2130 1371 2179 Graeci

241 2207 392 2248 autem
430 2198 599 2246 dicunt
619 2188 861 2273 ἔλαῦζειν
889 2197 1016 2260 quod
1034 2197 1185 2245 Latini
1208 2211 1368 2258 agere,

241 2264 445 2325 ducere,'‚
485 2279 697 2322 movere,
754 2276 909 2328 αγειν
959 2258 1059 2310 τὸν
1106 2256 1363 2329 στρατόν.

243 2332 356 2382 Cum
394 2333 540 2393 igitur
574 2333 762 2396 primus
809 2345 1003 2383 scenam
1044 2330 1258 2395 Oedipus
1294 2333 1370 2381 iu-

242 2401 373 2450 travit
408 2400 582 2448 dolens
619 2399 949 2449 infelicitatem
988 2413 1144 2457 suam,
1193 2399 1255 2447 ob
1294 2400 1369 2448 iu-

246 2475 423 2517 eestum
460 2467 589 2531 quod
627 2467 857 2528 ignorans
894 2481 999 2516 cum
1028 2473 1180 2515 matre
1204 2475 1370 2530 patra-

246 2542 402 2592 verat,
469 2534 756 2584 Macedones
812 2548 914 2582 rem
967 2534 1195 2582 omnibus
1250 2533 1371 2583 diris

248 2602 551 2650 execrandam
590 2603 756 2650 iocosa
780 2601 890 2650 dicti
912 2601 1110 2651 huiusce
1132 2601 1369 2664 ambigui-

248 2676 342 2717 tate
388 2677 697 2732 exceperunt:
750 2670 848 2733 Age
896 2669 989 2718 duc
1036 2670 1085 2719 in
1138 2665 1368 2719 matrem!

255 2735 388 2797 quasi
447 2737 732 2801 metropolin
795 2737 1004 2801 aliquam
1064 2737 1369 2789 subacturus.

256 2803 314 2851 Δι
347 2801 426 2849 ille
451 2804 599 2877 ¹miser
633 2812 833 2854 matrem
870 2804 1118 2868 propriam
1161 2804 1370 2881 gubege-

257 2876 363 2926 rat,
396 2882 581 2933 νίψει),
619 2879 670 2920 ut
702 2873 766 2921 ait
802 2871 1098 2935 Sophocles,
1149 2865 1365 2937 αγάμῳ.

258 2934 469 2996 (Rigalt.)
536 2939 712 2986 lncerta
746 2939 1002 3004 scriptura,
1040 2940 1219 2989 incerta
1257 2955 1370 2989 sen·

257 3018 344 3051 sus
381 3002 641 3065 explicatio.
709 3006 957 3056 Librorum
995 3008 1286 3069 scriptorum
1324 3014 1372 3056 et

254 3070 415 3120 maior
450 3078 496 3120 et
530 3071 695 3121 melior
736 3088 850 3136 pars
898 3065 1140 3121 ἐλαύνειν
1174 3073 1370 3123 verbum

252 3146 412 3187 tuetur
447 3146 493 3187 et
526 3141 928 3203 praepositionem
967 3133 1056 3194 εἷς.
1133 3142 1255 3191 Hinc
1290 3156 1370 3190 re-

246 3206 521 3270 ponendum
580 3208 823 3258 videbatur
861 3200 1087 3257 Ἡλαυνε
1145 3202 1220 3262 εἷς
1269 3202 1373 3267 τὴν

248 3268 468 3341 μητέρα.
558 3275 674 3324 Rem
713 3275 907 3339 plenius
944 3274 1138 3326 enarra‘t
1174 3276 1367 3326 Tertul-

248 3341 399 3391 lianus
438 3342 546 3391 Λᾶν.
586 3343 711 3392 Natt.
752 3343 805 3402 Ι,
846 3343 909 3393 16
958 3358 1102 3405 „cum
1157 3345 1368 3407 primum

246 3422 431 3458 scenam
471 3425 641 3461 eorum
680 3410 895 3473 Oedipus
932 3411 1121 3460 intravit
1156 3412 1368 3460 trucida-

249 3483 319 3524 tus
355 3477 553 3536 oculos,
610 3477 711 3525 risu
759 3493 815 3527 ac
864 3478 1026 3529 derisu
1064 3485 1367 3543 exceperunt.

249 3542 514 3606 Tragoedus
553 3552 723 3594 conste
788 3552 894 3594 atus
916 3553 1124 3596 retracta
1143 3560 1370 3610 persona,

245 3609 493 3675 Numquid,
544 3611 627 3671 ait,
795 3614 878 3672 ini,
929 3613 1157 3677 displicui
1192 3609 1373 3663 vobis?

246 3677 608 3742 Responderunt
630 3679 945 3729 Macedones:
983 3680 1138 3730 lmmo
1175 3688 1223 3729 tu
1262 3681 1370 3745 qui·

246 3744 345 3793 dem
380 3748 605 3810 pulchre,
663 3755 711 3795 at
745 3748 956 3811 scriptor
990 3748 1295 3807 vanissimus,
1331 3748 1372 3796 si

246 3811 387 3875 tinxit,
421 3822 500 3864 aut
524 3815 746 3878 Oedipus
783 3815 1194 3874 dementissimus,
1231 3816 1270 3864 si
1310 3815 1373 3863 ita

247 3879 364 3929 lectt.
443 3884 600 3946 Atque
659 3882 829 3931 exinde
882 3883 1005 3932 alter
1048 3883 1107 3933 ad
1166 3882 1371 3932 alterum

236 3935 465 4004 Ἦλαυνε,
496 3950 712 4009 dicebat,
746 3940 824 4001 εἷς·
842 3942 943 4007 τὴν
964 3946 1221 4017 μητέρα“
1247 3951 1293 3999 h.
1308 3965 1373 4009 e.,

245 4022 293 4063 ut
328 4030 408 4077 ego
444 4018 647 4081 quidem
686 4017 1005 4080 interpretor:
1042 4017 1375 4080 Descendebat

244 4080 302 4129 ad
349 4093 543 4133 matrem
594 4098 768 4146 usqne.
860 4086 963 4135 Hoc
1006 4085 1193 4135 scilicet
1244 4084 1372 4135 dicto

246 4148 498 4209 probarunt
514 4152 809 4201 Macedones
828 4152 997 4202 incesti
1026 4152 1219 4218 quidem
1240 4153 1372 4201 eius-

242 4216 367 4264 modi
401 4218 571 4269 dolore
610 4233 725 4267 sese
762 4219 890 4268 baud
914 4213 1211 4284 magnopere
1237 4233 1373 4269 com·

237 4286 426 4345 moveri,
464 4294 642 4351 utpote
663 4285 858 4339 levioris
877 4288 1082 4351 peccati,
1121 4294 1249 4337 certe
1275 4301 1373 4336 non

234 4353 363 4413 tanti,
411 4362 463 4403 nt
501 4354 587 4419 qni
628 4355 928 4404 commiserit
965 4354 1135 4405 oculos
1169 4356 1262 4405 sibi
1299 4354 1373 4402 es-

236 4416 441 4475 iodiendi
480 4423 667 4471 iustam
704 4434 902 4471 causam
949 4423 1175 4483 baberet,
1230 4420 1373 4486 prae-

234 4489 394 4537 sertim
438 4504 551 4538 cum
601 4489 654 4538 in
704 4489 910 4538 vetulam
962 4499 1163 4539 matrem
1198 4505 1373 4555 pecca-

233 4555 373 4616 verit,
431 4564 569 4608 tanto
643 4556 840 4619 piaculo
901 4558 1094 4608 minime
1164 4558 1375 4621 dignam.

233 4618 361 4675 Hanc
410 4639 578 4675 veram
638 4622 740 4673 loci
789 4624 1229 4691 interpretationem
1267 4639 1377 4676 esse

1472 1598 1604 1654 puto.
1679 1589 1877 1640 Godoir.
1899 1589 2233 1653 Bernhardyus
2257 1592 2307 1641 V.
2322 1592 2391 1642 Cl.
2432 1607 2602 1643 emen-

1473 1658 1555 1707 dat
1582 1647 1803 1706 Ἐλαυνε
1837 1651 1920 1709 δὶς
1940 1652 2041 1716 τὴν
2056 1654 2316 1736 μητέραί,
2357 1668 2601 1725 tamquam

1473 1725 1678 1774 dixerint
1714 1725 2025 1775 Macedones:
2061 1729 2174 1787 Age,
2212 1736 2382 1776 iterum
2420 1729 2602 1778 incesta

1473 1801 1694 1853 matrem,
1750 1793 1977 1842 delictum
2013 1801 2146 1843 tuum
2184 1809 2243 1844 eo
2281 1810 2379 1845 uon
2416 1796 2602 1857 gravius

1469 1857 1665 1910 evadet!
1737 1860 2056 1922 Sagacissima
2106 1876 2224 1912 sane
2259 1870 2307 1911 et
2342 1863 2604 1926 elegantis-

1474 1928 1593 1977 sima
1633 1928 1921 1988 emendatio,
1980 1929 2054 1978 cui
2103 1937 2234 1978 totus
2286 1930 2510 1989 faverem,
2558 1931 2601 1979 si

1472 1996 1654 2045 [areret
1685 1996 1793 2058 ipse
1809 1996 2133 2046 Tertullianus
2170 1998 2219 2046 in
2253 1999 2462 2059 gemello
2491 1998 2602 2048 libri

1472 2063 1542 2114 Ad
1575 2063 1701 2112 Natt.
1740 2062 1866 2112 loco.
1935 2064 2007 2113 lbi
2045 2065 2171 2113 enim
2209 2073 2466 2115 narrantur
2499 2065 2602 2114 Ma·-

1474 2131 1684 2182 cedones
1721 2130 1800 2179 illa
1822 2131 1962 2180 verba
1983 2146 2080 2180 non
2103 2131 2340 2196 Oedipodi
2369 2133 2601 2194 tragoedo

1471 2199 1785 2259 acclamasse,
1821 2199 1906 2248 sed
1945 2199 2148 2248 alterum
2187 2200 2246 2249 ad
2284 2201 2487 2249 alterum
2526 2201 2602 2249 di-

1469 2267 1614 2315 xisse.
1685 2265 1840 2315 Minus
1887 2268 2187 2328 refragarer,
2240 2268 2281 2316 si
2332 2268 2440 2330 quis
2489 2267 2601 2318 libri

1470 2333 1745 2394 Fuldensi5‚
1803 2348 1945 2397 quem
1981 2327 2257 2398 ..itayyae
2292 2337 2475 2386 aiebant
2507 2348 2602 2400 με·

1470 2407 1682 2467 τεραν“
1719 2401 1897 2450 habere
1933 2403 2213 2451 adnotatum
2251 2411 2350 2458 est,
2389 2403 2601 2467 scriptu-

1471 2483 1575 2520 ram
1626 2470 1686 2524 ita
1743 2483 1986 2532 corrigere
2023 2470 2192 2522 vellet:
2246 2459 2599 2535 ,,Ἐλᾶγχανε,

1471 2539 1680 2596 aiebam,
1739 2529 1841 2594 τὴν
1873 2531 2168 2602 μητέρα,“
2222 2552 2279 2586 eo
2316 2552 2494 2596 seusu,
2551 2545 2603 2589 ut

1471 2603 1708 2661 dixerint;
1747 2605 1869 2663 Quid
1893 2605 2048 2669 magni
2071 2606 2310 2657 commisit
2342 2605 2431 2655 iste
2453 2605 2601 2655 Oedi-

1473 2688 1583 2736 puS,
1644 2680 1697 2722 ut
1746 2671 1838 2722 sibi
1875 2673 2046 2723 oculos
2083 2669 2360 2724 effoderet?
2433 2674 2603 2740 lucidit

1472 2742 1521 2790 iu
1558 2748 1780 2790 matrem.
2358 2746 2364 2751 ·

1541 2847 1580 2881 z.
1637 2832 1912 2894 passivitate
1962 2827 2218 2896 luxuriae]
2275 2832 2400 2880 lnsra
2451 2838 2498 2879 et
2532 2831 2602 2883 Ad

1473 2900 1600 2948 Natt-
1636 2900 1674 2955 1,
1716 2898 1792 2947 16.
1831 2900 1947 2946 dicit
1993 2899 2182 2953 „saltus
2231 2899 2406 2962 ubique
2461 2898 2602 2947 luxu-

1473 2966 1627 3016 riae.“
1701 2966 1769 3015 De
1804 2980 1904 3014 voc.
1937 2968 2224 3028 passivitate,
2264 2966 2464 3029 proprio
2479 2964 2601 3014 Ter·-

1475 3033 1691 3082 tullianei
1729 3032 1845 3091 stili,
1897 3033 1959 3083 ci.
1998 3032 2161 3080 adnot.
2209 3032 2270 3080 ad
2306 3032 2378 3080 De
2409 3033 2602 3082 Corona

1475 3116 1580 3163 cap.
1618 3100 1686 3157 8.,
1721 3100 1802 3149 ubi
1840 3114 1961 3163 quos
1998 3113 2052 3149 ex
2090 3099 2370 3149 Tertulliani
2405 3100 2603 3162 scriptis

1473 3156 1692 3219 adnotavi
1731 3167 1854 3215 locis
1891 3168 2010 3216 haec
2045 3167 2167 3216 adde
2203 3168 2436 3230 exempla.
2490 3166 2602 3216 sat-

1472 3237 1594 3286 rian.
1630 3236 1699 3284 De
1736 3236 1854 3286 Gub.
1878 3235 1959 3283 Dei
1989 3235 2084 3291 vll.
2111 3233 2271 3297 p.218
2308 3235 2463 3295 „Quia
2479 3248 2604 3285 oon·

1473 3304 1568 3365 iugi
1606 3303 1748 3351 fldem
1788 3301 2010 3361 reddidit,
2047 3302 2214 3361 immo,
2262 3310 2492 3366 quantum
2540 3303 2604 3352 ad

1466 3373 1785 3436 passivitatem
1818 3371 2031 3419 libidinis
2065 3372 2297 3432 pertinet,
2347 3372 2456 3434 quis
2503 3384 2603 3421 non

1473 3439 1727 3498 coniugem
1765 3438 1811 3485 in
1849 3451 2100 3485 numerum
2136 3438 2421 3487 ancillarum
2458 3438 2602 3487 rede-

1473 3502 1616 3567 git?“
1679 3505 1825 3553 Firm.
1851 3504 2049 3553 Matern.
2069 3508 2260 3555 Astron.
2295 3503 2418 3565 1V,8
2453 3505 2602 3565 „Pas-

1473 3576 1599 3621 sives
1647 3574 1699 3621 in
1751 3575 1874 3623 coitu
1929 3572 2100 3631 saciet,
2155 3581 2202 3621 et
2252 3587 2498 3636 nunquam
2551 3573 2600 3621 in

1473 3654 1677 3689 uxorum
1711 3639 1961 3689 amoribus
1995 3640 2416 3703 perseverantes.“

1543 3747 1587 3779 a.
1625 3730 1685 3779 ab
1723 3730 1880 3795 aliqua
1912 3739 2248 3795 praetereunte
2272 3726 2604 3780 misericordia

1475 3794 1722 3863 extranea]
1758 3799 2005 3857 ’QuinctiL
2045 3799 2253 3847 Declam.
2296 3798 2426 3848 CCVl
2466 3798 2603 3857 „Alia

1473 3872 1638 3915 tamen
1676 3866 1894 3915 condicio
1931 3874 2005 3915 est
2040 3880 2227 3925 eorum,
2265 3866 2440 3930 quibus
2472 3867 2603 3915 obvi-

1473 3949 1551 3982 um
1581 3940 1760 3997 patrem
1796 3935 1982 3997 quaerit
2017 3933 2353 3996 exponentium
2390 3947 2603 3996 pauper·
2648 3933 2661 3949 ⁸

1475 4000 1600 4049 tas,⁸⁴
1687 4001 1894 4049 Lactant.
1946 4001 2043 4051 Div.
2081 4000 2195 4050 lnst.
2232 4000 2327 4061 XX,
2363 4000 2394 4049 6
2442 3998 2606 4060 „Quid

1476 4068 1577 4127 illi,
1627 4082 1751 4132 quos
1801 4068 1920 4116 salsa
1967 4068 2121 4132 pietas
2158 4068 2284 4129 cogit
2319 4063 2605 4131 exponere?

1473 4134 1580 4185 Non
1617 4142 1825 4199 possunt
1862 4136 2141 4184 innocentes
2195 4136 2474 4195 existimari,
2522 4134 2606 4197 qui

1475 4202 1656 4253 viscera
1695 4217 1780 4251 sua
1820 4204 1866 4252 in
1903 4203 2130 4267 praedam
2171 4203 2368 4252 canibus
2394 4203 2608 4251 obiciunt

1476 4277 1540 4329 et,
1579 4279 1807 4335 quantum
1845 4272 1889 4319 in
1930 4270 2049 4334 ipsis
2087 4279 2187 4330 est,
2238 4271 2479 4320 crudelius
2516 4282 2605 4317 ne-

1478 4345 1603 4398 cant,
1641 4352 1784 4402 quam
1811 4338 2211 4401 strangulassent.
2265 4339 2382 4396 Quis
2404 4337 2604 4396 dubitet,

1476 4406 1591 4470 quin
1628 4406 1805 4469 impius
1843 4407 1921 4464 sit,
1959 4406 2038 4470 qui
2064 4407 2243 4456 alienae
2260 4405 2608 4455 misericordiae

1475 4471 1638 4521 locum
1703 4487 1799 4521 non
1847 4472 2068 4524 tribuit.“
2151 4474 2222 4523 Cl.
2276 4472 2448 4522 Minue.
2503 4468 2605 4517 Fel.

1404 4556 1407 4559 ’
1478 4540 1642 4591 Octav.
1681 4555 1785 4604 cap.
1823 4539 1906 4590 31.

1544 4624 1596 4673 h.
1650 4618 1987 4691 emancipatis]
2024 4622 2334 4691 Exponendo.
