3263 5311
1127 478 1204 529 ne
1247 476 1481 521 ramo.
2352 464 2478 529 943

151 627 286 688 item
333 625 568 688 habitus
620 625 777 707 “qui
834 626 1140 691 ²‘novitati
1204 647 1349 691 auae
1407 635 1567 691 stare
1630 626 1977 707 religionem
2034 630 2480 695 mentiuntur-¹?

153 746 281 789 cum
319 725 452 791 ”ob
498 726 720 790 cultum
765 729 964 791 omnia
1007 729 1433 792 candidatum·
1461 737 1521 791 et
1564 729 1643 793 ob
1687 738 1887 792 notam
1929 730 2201 793 ²''vittae·
2246 742 2307 794 et
2348 735 2476 813 pri-

151 829 412 907 vilegium
456 827 674 908 galeri⁰
715 828 761 861 ²⁸
780 828 984 892 Cereri
1027 830 1353 906 initiantur,
1427 816 1581 893 cum⁰
1606 831 1686 893 ob
1728 832 2024 894 diversam
2067 833 2480 897 affectionem?

151 929 472 992 tenebricae
524 929 711 992 vestis
771 940 831 992 et
883 931 1135 994 ²'‘'tetrici
1198 932 1440 1014 ”super
1500 939 1678 1012 caput
1700 934 1719 963 ⁵
1739 932 2011 994 velleria‘t
2080 935 2142 995 in
2200 934 2478 999 Bellonae

149 1031 427 1093 *mentes
457 1029 846 1110 ”fugantia-r,
892 1051 1028 1095 cum
1068 1032 1351 1096 ”latioris
1393 1052 1694 1115 purpurae
1735 1033 1981 1096 ambitio
2011 1041 2073 1097 et
2100 1035 2340 1099 Galatici
2370 1057 2493 1100 ru·-

147 1132 309 1195 boris
351 1132 706 1213 superiectio
752 1132 1072 1197 Saturnum
1115 1133 1566 1197 commendav?
1651 1135 1797 1198 Cum
1839 1135 2035 1217 ipsum
2080 1137 2196 1199 boc
2235 1138 2478 1218 pallium

147 1321 229 1372 24.
265 1322 340 1385 qui
374 1307 461 1371 oni.
488 1324 538 1371 A.

644 1320 727 1371 25.
764 1323 957 1372 novitati
1005 1338 1122 1373 auae
1169 1328 1298 1372 stare
1332 1321 1618 1385 religionem
1656 1324 1728 1373 de.
1813 1325 2032 1373 novitatis
2081 1324 2307 1385 (novitate
2355 1327 2477 1387 abc.)

144 1390 351 1438 vestitur‘
376 1389 594 1448 (vestitus
635 1390 765 1440 Gaba.
821 1393 989 1440 vestitu
1026 1391 1286 1450 A.m.sec.)
1339 1391 1573 1451 religione
1626 1390 1932 1453 (religionem
1966 1394 2237 1453 A.m.sec.,
2278 1402 2319 1444 et
2356 1396 2476 1457 aba.)

147 1457 346 1508 ABGabc.
415 1457 608 1507 novitati
645 1472 732 1507 sue
768 1459 935 1507 atitare
971 1459 1254 1520 religionem
1293 1459 1410 1509 liber
1442 1460 1681 1536 Salmasil.

1163 1525 1452 1644 ηῗῗιίιέἒιῗι
1489 1527 1681 1644 Aginna
1718 1596 1763 1644 α.
1852 1596 2027 1649 mouns
2075 1595 2192 1645 mm
2237 1598 2475 1648 samam.

145 1528 264 1573 vitae
296 1523 429 1583 (victe
465 1524 538 1584 B.)
574 1525 620 1574 iu
660 1525 958 1588 pn’vitegiam
992 1526 1081 1576 ΑΒ.

144 1597 198 1643 Α.
227 1608 284 1641 m.
314 1608 399 1643 sec.
516 1591 599 1643 30.
645 1608 794 1658 supra
843 1596 914 1644 de.
1032 1594 1114 1661 31.

150 1668 328 1710 montes
365 1660 495 1710 Gaba.
565 1664 730 1710 monte
762 1661 850 1712 AB.

150 1795 313 1859 quibus
354 1809 492 1858 reges
528 1795 819 1846 Albanorum
868 1794 1028 1860 primi,
1080 1797 1251 1847 deiude

147 1863 325 1927 patricii
366 1872 478 1913 sunt
513 1864 588 1913 nsi
635 1889 702 1899 -—
748 1891 813 1900 —
860 1880 983 1929 quos
1021 1872 1189 1927 putant
1224 1880 1249 1914 a

148 1930 379 1981 mullando
415 1932 572 1981 dictae
604 1932 633 1980 i.
655 1947 698 1981 e.
711 1931 956 1982 anend0.“
1028 1932 1250 1983 Placidus

144 1999 297 2049 Glosa.
334 2014 378 2063 p.
392 1998 520 2050 485:
556 1999 783 2062 „Mallem
817 2001 1128 2050 calceamenti
1163 2016 1250 2059 ge·

139 2082 247 2125 nus,
297 2082 322 2115 a
367 2068 532 2117 colore
579 2067 743 2117 albo.“
828 2068 900 2117 ct.
942 2069 1062 2118 Plin.
1100 2068 1155 2117 fl.
1193 2070 1248 2119 N.

141 2134 317 2194 tx‚1·t.
380 2136 509 2184 Flev.
544 2135 733 2198 Vopisc-
769 2134 1110 2199 Aurelianum.
1133 2135 1247 2186 225.

134 2201 287 2251 Salm.
346 2201 582 2261 „Calceoa‘
629 2203 837 2252 mulleos
891 2213 940 2253 et
987 2217 1155 2254 cereos
1203 2213 1251 2254 et

139 2270 278 2319 athos
313 2275 360 2317 et
393 2268 682 2320 hederaceoa
735 2270 848 2320 viris
897 2272 1122 2320 omnibus
1160 2272 1248 2320 ab·

139 2335 291 2395 stulit,
325 2336 601 2387 mulieribus
637 2338 883 2402 reliquit-‘⁶
932 2339 1055 2389 Ottr.
1077 2338 1248 2389 uallet·

145 2405 254 2453 Ber.
285 2403 464 2454 Etruac.
503 2405 540 2464 Ι,
564 2404 611 2463 3,
638 2405 718 2455 11.

211 2471 244 2520 l.
278 2473 354 2535 qui
391 2474 579 2522 novitati
627 2489 760 2529 auae
791 2482 920 2523 stare
968 2474 1248 2536 religionem

142 2535 447 2605 mentiuntur]
503 2542 594 2599 Qui
642 2542 834 2591 novitati
884 2556 1002 2591 auae
1053 2542 1251 2603 religio-

139 2622 247 2657 nem
294 2609 600 2676 obtendent„
629 2610 707 2674 qui
765 2623 853 2674 pro
901 2625 988 2661 aua
1045 2614 1250 2660 novitate

131 2685 263 2725 stare
310 2678 592 2740 religionem
642 2679 937 2729 mentiuntur
986 2686 1033 2729 et
1081 2687 1250 2729 ancto-

128 2759 235 2794 rem
272 2744 412 2795 deum
448 2747 645 2796 l'aciunt.
683 2746 874 2806 (Salm.)

202 2827 266 2860 m.
318 2814 380 2862 ob
446 2814 640 2864 cultum
694 2816 855 2864 omnia
920 2810 1247 2879 candidatum]

126 2881 312 2930 Graeca
347 2882 515 2943 ligura,
571 2896 694 2946 quae
730 2883 778 2931 in
815 2882 1111 2931 Tertulliano
1152 2883 1252 2930 fre*-

126 2961 314 3011 quens:
351 2952 505 2999 omnia
523 2952 818 3010 candidatus,
840 2943 1024 2997 πάντα
1048 2942 1244 3001 λευκός.

122 3015 214 3064 Sic
249 3020 401 3067 onmia
434 3024 623 3068 sandes
671 3018 778 3068 libri
829 3018 894 3066 De
933 3019 1096 3068 Pndic.
1143 3032 1247 3080 cap.

120 3081 211 3133 22.
250 3083 441 3144 (Salm.)
489 3085 556 3133 De
593 3099 648 3134 re
673 3086 735 3134 cl'.
757 3086 888 3136 ovid.
907 3086 1035 3135 Fast.
1063 3084 1248 3145 mete

117 3151 282 3210 „Alba
330 3153 503 3202 decent
538 3153 791 3203 Cererem:
845 3162 1000 3202 vestes
1035 3153 1249 3202 Cereali-

116 3220 222 3268 bus
272 3219 407 3274 albas
442 3220 657 3283 Sumite;
715 3235 843 3271 nunc
888 3221 1007 3270 nulli
1054 3221 1246 3271 velleris

121 3301 255 3336 usus
294 3286 482 3337 abeat.“

198 3369 246 3403 n.
299 3355 363 3404 ob
419 3363 579 3406 notam
646 3351 809 3422 vittae]
872 3355 939 3405 De
992 3356 1118 3405 vittis
1165 3370 1246 3404 sa-

117 3420 380 3471 cerdotum
428 3424 619 3473 Cereris
667 3432 833 3474 notum
883 3424 1000 3473 illud
1047 3423 1246 3473 luvena-

112 3491 189 3538 lis
228 3489 448 3548 „Paucae
484 3490 832 3541 adeo·Cererie
885 3494 1023 3542 vittas
1058 3494 1246 3542 contin·

109 3570 243 3620 gere
280 3557 503 3619 dignae.“
577 3559 777 3609 Tertull.
815 3560 884 3608 De
909 3560 1245 3610 Test.Animae

106 3623 281 3688 cap.2
319 3628 464 3685 „vitta
502 3627 694 3677 Cereris
732 3627 1003 3678 redimita.“

191 3708 239 3740 o.
292 3701 341 3742 et
385 3695 686 3758 privilegium
735 3692 908 3758 galeril
962 3697 1099 3760 Atqui
1154 3695 1246 3745 aoli

103 3760 308 3811 flamini
373 3761 493 3813 Diali
552 3762 766 3824 galerum
827 3762 991 3812 album
1059 3771 1246 3824 gestare

101 3842 416 3878 concessum
454 3831 683 3880 adserunt
718 3825 887 3895 [Varro
924 3845 998 3892 ap.
1033 3831 1153 3881 Geli.
1189 3831 1246 3879 N.

99 3901 169 3946 Α.
209 3896 268 3955 X,
295 3896 373 3946 15.
412 3898 542 3948 Serv.
582 3899 627 3948 in
651 3901 767 3949 Aen.
803 3897 864 3957 ll,
890 3894 1050 3962 683.]‚
1089 3906 1136 3947 ct
1172 3899 1249 3947 bic

99 3967 177 4014 de
217 3964 279 4013 iis
318 3967 402 4029 qui
439 3967 590 4016 sacris
609 3966 800 4016 Cereris
826 3967 1085 4016 initiantur.
1137 3966 1248 4016 Vide

98 4046 235 4093 ergo
289 4047 352 4082 ne
402 4035 643 4095 galet-iculi
689 4034 942 4097 legendum
993 4035 1071 4093 ait,
1125 4048 1248 4098 quae

98 4098 317 4163 species
355 4101 607 4152 muliebris
638 4104 852 4167 capillitii
880 4102 1123 4152 caliendra
1151 4116 1247 4151 non

98 4168 275 4218 multo
314 4168 586 4218 dissimilis.
623 4170 746 4229 (lob.
769 4171 1046 4228 Met-corus.)
1104 4169 1248 4221 Gale-

98 4250 198 4285 rus
239 4244 578 4286 matronarum
596 4238 785 4287 Cereris
804 4239 1106 4289 sacerdotum
1128 4237 1244 4288 nihil

98 4303 248 4354 aliud
317 4312 426 4353 erat
480 4320 622 4369 quam
683 4307 882 4355 crinium
946 4307 1246 4357 adtextorum

98 4371 420 4435 compositio
459 4373 505 4422 in
543 4373 741 4423 modum
779 4374 926 4435 galeri
965 4376 1104 4435 tacta,
1141 4374 1249 4439 qui-

98 4442 204 4489 bus
246 4439 465 4489 feminae
502 4449 549 4490 et
585 4450 830 4492 matronae
873 4444 1130 4507 praecipue
1166 4457 1247 4491 ca-

139 4515 199 4555 ut
239 4506 487 4558 velebant.
559 4509 756 4559 Tertull.
799 4510 864 4558 Dc
888 4509 1027 4559 Cultu
1068 4511 1247 4559 Femin.

98 4523 222 4640 ftib.
246 4574 312 4623 Π.
340 4591 448 4640 cap.
466 4572 565 4642 7.]:
603 4578 838 4639 „Affigitis
876 4585 1122 4640 praeterea
1161 4593 1248 4626 ne-

98 4657 214 4692 scio
277 4658 407 4706 quaa
469 4645 776 4694 enormitates
828 4645 1040 4694 sutilium
1107 4654 1249 4708 atque

98 4710 360 4766 textilium
402 4713 868 4777 capillamentorum,
915 4727 1043 4763 nuuc
1077 4712 1124 4762 in
1161 4726 1247 4775 ga-

955 1660 1036 1729 32.
1075 1670 1302 1725 vagantur
1337 1662 1414 1713 rr.
1439 1663 1614 1740 Iuniae.

1786 1457 1866 1508 26.
1904 1460 2144 1509 occultum
2182 1461 2303 1511 ABG.
2392 1464 2474 1513 27.

1673 1524 1753 1577 29.
1791 1527 1933 1577 tritici
1968 1527 2053 1577 AB.
2125 1528 2229 1582 trici
2270 1530 2315 1578 G.
2386 1530 2474 1580 atri

1733 1660 1815 1712 33.
1855 1663 2082 1712 lat-inoris
2117 1664 2204 1713 AB.

1360 1797 1448 1846 leri
1508 1797 1703 1846 modum
1760 1798 1894 1861 quasi
1951 1797 2164 1860 vaginam
2217 1800 2359 1863 capiti
2427 1808 2474 1851 et

1354 1864 1636 1928 operculum
1673 1865 1878 1923 veniale,
1916 1880 2045 1914 nunc
2071 1866 2115 1915 in
2143 1870 2364 1917 verticem
2393 1883 2471 1917 re-

1353 1940 1427 1982 tro
1464 1934 1797 1995 suggestum.“
1850 1932 2040 1993 (Saltu.)
2110 1935 2333 1985 Galerum
2386 1952 2473 1986 au-

1351 2008 1447 2049 tem
1503 2001 1716 2062 intellige
1765 2001 2037 2050 candidum.
2093 2002 2305 2063 (Rigalt.)
2396 2005 2470 2056 ct.

1351 2068 1556 2117 Salmas.
1595 2070 1651 2117 ad
1691 2070 1737 2118 li.
1776 2068 1807 2117 l.
1859 2077 1905 2119 et
1951 2069 2178 2133 iuterprr.
2215 2071 2277 2120 ad
2314 2070 2471 2122 iuven.

1352 2135 1451 2183 Sat.
1489 2136 1561 2196 vt,
1591 2135 1706 2184 120.

1419 2218 1465 2266 p.
1519 2203 1581 2252 ob
1617 2203 1850 2252 diversam
1900 2202 2230 2271 affectionem]
2281 2206 2473 2257 Cereris

1349 2271 1475 2319 enim
1502 2271 1662 2320 omnia
1691 2270 1830 2331 laeta,
1869 2278 2047 2319 maesta
2076 2280 2243 2321 contra
2266 2283 2312 2323 et
2332 2289 2471 2324 saeva

1351 2352 1488 2387 sacra
1525 2338 1769 2387 Bellonae.

1420 2420 1467 2469 q.
1516 2407 1789 2456 tenebricae
1838 2404 1983 2453 vestie
2030 2413 2075 2453 et
2122 2408 2275 2457 tetrici
2322 2423 2472 2473 super

1354 2481 1497 2537 caput
1531 2469 1748 2538 velleris]
1804 2472 1892 2521 Per
1925 2474 2131 2524 leli-icam
2167 2491 2304 2541 super
2337 2485 2474 2541 capul

1350 2543 1497 2591 vellus
1521 2541 1744 2603 intelligit
1770 2541 1947 2604 pileum
1987 2540 2197 2592 lanatum
2227 2545 2345 2606 nigri
2372 2546 2473 2595 vel·
2540 2586 2557 2601 „

1354 2600 1487 2669 ieris,
1523 2609 1715 2673 qualem
1739 2608 1994 2659 Bellonarii
2021 2613 2475 2674 get·ebant.tSalm.)

1350 2677 1549 2726 Bellona
1587 2694 1672 2727 seu
1699 2678 1900 2727 Minerva
1941 2678 2184 2736 „calceata
2212 2683 2361 2731 l’urvia
2386 2697 2471 2744 ga·

1350 2745 1474 2797 leam
1514 2746 1719 2796 sormis“
1756 2746 1861 2809 ipse
1888 2745 2215 2797 Tertullianus
2252 2749 2319 2797 De
2341 2751 2467 2800 Test-

1350 2814 1547 2862 Animae
1584 2829 1686 2877 cap.
1705 2812 1748 2862 2.
1788 2813 2000 2873 (Rigalt.)

1418 2897 1458 2930 r.
1496 2883 1543 2930 in
1580 2882 1808 2931 Bellonae
1845 2888 2030 2930 mentes
2053 2879 2299 2949 fugantur]
2336 2885 2468 2934 Meu-

1351 2957 1446 2998 tem
1482 2950 1676 3011 rugatur
1713 2951 1945 2999 fanaticus
2000 2952 2079 3012 qui
2119 2952 2164 2999 in
2203 2953 2320 3002 aede
2357 2953 2469 3003 Bel·

1351 3016 1491 3066 lonae
1530 3018 1693 3066 furore
1730 3018 2003 3079 corripitur.
2076 3019 2303 3072 Glossae:
2358 3021 2467 3069 Bel-

1351 3083 1541 3143 lonarii‚
1594 3076 1649 3131 οἱ
1692 3076 2203 3150 θεοφορούμενοι.“
2255 3088 2467 3148 (Rigalt.)

1350 3152 1616 3202 Salmasius
1656 3168 1743 3216 pro
1778 3162 1947 3202 mentes
1986 3156 2149 3202 maluit
2184 3159 2362 3216 mentis,
2418 3163 2470 3206 ut

1349 3220 1413 3269 sit
1447 3222 1624 3271 Graeca
1664 3222 1843 3270 locutio
1886 3214 2091 3285 φρενὸς·
2123 3214 2459 3277 ἐξίστασθαι.

1350 3289 1430 3338 Sic
1468 3289 1533 3337 lle
1569 3292 1788 3351 spectac.
1827 3305 1930 3350 cap.
1960 3288 2014 3338 17
2070 3305 2269 3348 ‚‚sexum
2310 3294 2467 3351 pudo-

1349 3358 1416 3405 ria
1453 3357 1827 3406 exterminansf·
1876 3359 1923 3406 ln
1951 3358 2179 3418 Bellonae,
2209 3359 2330 3408 atter
2353 3361 2466 3408 llei-

1350 3424 1600 3474 lenismus.
1685 3425 1764 3474 Sic
1796 3426 1971 3474 Arnob.
2020 3426 2130 3474 Atlv.
2168 3427 2290 3475 Nau.
2334 3427 2403 3483 Vl.
2434 3428 2467 3479 6

1349 3492 1433 3551 „in
1471 3492 1662 3542 Cereris
1686 3491 2008 3543 Eleusiniae.“
2045 3508 2113 3542 sc.
2138 3496 2336 3557 templo,
2357 3497 2466 3545 Sal-

1349 3559 1459 3610 lust.
1479 3560 1617 3610 Catil.
1643 3560 1709 3610 49
1746 3560 1961 3619 „circum
1988 3561 2341 3612 Concordiae.“
2389 3563 2465 3614 ct.

1348 3628 1576 3678 vechneri
1616 3628 1911 3679 Hellenolex.
1947 3629 1985 3688 t,
2005 3627 2053 3687 3,
2078 3630 2127 3680 4.
2424 3631 2431 3640 ”

1417 3711 1458 3745 s.
1506 3710 1612 3746 cum
1651 3697 1837 3747 latioris
1884 3712 2126 3761 purpurae
2175 3700 2371 3748 ambitio
2417 3708 2467 3750 et

1351 3763 1546 3813 Galatici
1601 3765 1794 3814 ruboris
1855 3767 2145 3828 superiectio
2205 3767 2462 3816 Saturnum

1351 3828 1696 3897 commendat]
1744 3832 2001 3881 Saturnum
2050 3833 2197 3882 ambit
2245 3843 2292 3882 et
2328 3835 2467 3885 vestit

1348 3898 1492 3948 latior
1528 3913 1759 3962 purpura.
1794 3900 2004 3962 (Rigalt.)
2050 3903 2245 3951 Ambitio
2280 3903 2465 3954 latioris

1345 3982 1579 4031 purpurae
1616 3975 1689 4016 est
1725 3967 1805 4016 lati
1843 3967 1956 4017 clavi
1986 3970 2140 4018 tunica
2167 3984 2259 4033 qua
2286 3985 2462 4033 corpus

1351 4036 1574 4092 ambitur,
1625 4042 1673 4082 nt
1723 4035 1918 4085 Galatici
1960 4038 2144 4086 ruboris
2190 4040 2461 4101 superiectio

1347 4102 1550 4167 pallium
1586 4103 1862 4152 coccineum
1901 4105 2027 4166 qnod
2056 4105 2268 4154 bumaria
2287 4121 2463 4169 super·

1350 4170 1522 4220 iicitur.
1559 4171 1726 4229 (Salm.
1768 4170 1960 4219 inSoliu
1998 4187 2045 4234 p.
2069 4172 2199 4230 174.)
2268 4177 2462 4225 Ambitio

1328 4253 1440 4304 ,pro
1476 4239 1670 4289 ambitus
1708 4238 1915 4302 positum
1960 4248 2030 4288 est
2069 4240 2209 4289 etiam
2245 4240 2314 4289 De
2351 4241 2463 4291 ldo-

1351 4306 1433 4356 lol.
1483 4321 1586 4370 cap.
1619 4307 1690 4364 1.,
1752 4308 1830 4356 ubi
1890 4307 2012 4356 alios
2061 4309 2195 4357 locos
2247 4309 2462 4357 indicavi.

1353 4375 1586 4424 Galaticus
1619 4378 1765 4425 rubor
1785 4382 1854 4423 est
1882 4375 2149 4424 coccineae.
2205 4377 2321 4425 Pliu.
2342 4376 2461 4424 Hist.

1348 4441 1453 4490 Nat.
1503 4441 1672 4499 xv1‚8
1722 4442 1963 4500 „Coccum
2015 4445 2224 4493 Galatiae
2284 4443 2464 4492 rubens

1352 4509 1607 4570 granum.“
1690 4510 1889 4559 Tertull.
1928 4511 1994 4559 De
2030 4512 2157 4560 Test.
2189 4515 2273 4560 An.
2311 4509 2463 4575 cap.2

1349 4577 1534 4640 „pallio
1572 4577 1765 4626 Saturni
1803 4579 2095 4627 coccinata.“
2166 4580 2199 4628 V
2243 4578 2462 4642 inprimis

1351 4644 1553 4694 Salmas.
1593 4645 1640 4694 in
1677 4646 1827 4694 Soliu.
1867 4661 1911 4709 p.
1944 4644 2038 4696 192
2065 4661 2141 4709 aq.
2188 4654 2233 4696 et
2270 4661 2316 4710 p.
2345 4645 2459 4695 213.

1353 4714 1674 4765 Commendare
1698 4714 1993 4764 Tertulliano
2030 4714 2212 4765 ethtia
2248 4723 2322 4766 est
2343 4730 2463 4780 pro·
