3263 5311
626 364 748 429 178
1127 380 1331 430 ouini-1
1374 377 1639 421 sep-rma
1681 376 2012 420 nonen-ris
2058 376 2449 420 runi-uuum

586 532 769 606 ¹Purs
812 530 1007 594 erucis
1052 536 1146 590 est
1200 546 1378 590 omne
1419 526 1608 590 robur
1673 528 1837 607 quod
1891 536 2085 590 erecta
2139 527 2393 589 statione
2447 526 2739 606 defigitur.
2824 527 2978 601 Nos,

580 632 675 694 *si
717 634 934 706 forte2,
998 631 1295 709 integrum
1352 637 1413 690 et
1466 637 1662 691 totum
1697 629 1892 690 ‘deum
1951 628 2223 690 colimus·

556 753 567 816 g
619 733 871 796 deorum
913 739 1278 824 vestrorumf
1310 729 1403 792 ”a
1458 729 1669 811 plastis
1724 729 1799 792 de
1854 748 2028 792 eruce
2071 729 2288 791 induci.
2399 729 2519 792 Sed
2575 737 2633 791 et
2686 730 2974 793 Victorias

552 847 558 894 3
616 833 881 896 adoratis
898 845 946 906 P,
1011 832 1203 893 ⁸¹eum
1260 833 1324 893 in
1380 831 1644 912 tropaeis
1702 849 1907 893 oruees
1963 831 2246 893 intestina
2301 831 2421 892 sint
2475 830 2975 912 ”tropaeorum‘l-

546 983 549 992 .
617 935 901 1014 ”Religio
946 934 1352 998 Romanorum
1394 941 1521 995 tota
1565 933 1891 995 castrensis
1936 932 2164 1012 ³”signa
2192 940 2556 1007 venerumt-¹,
2602 932 2770 1012 signa
2799 932 2974 1008 iurat,

619 1089 700 1140 30.
739 1104 763 1138 a
802 1086 1033 1150 plaustris
1070 1087 1130 1135 de
1167 1101 1309 1136 cruce
1346 1103 1390 1137 ο.
1461 1101 1486 1134 a
1523 1086 1722 1150 plastris
1758 1085 1818 1136 de
1855 1101 1997 1136 eruce
2032 1087 2083 1136 F.
2126 1086 2318 1136 Vindob.
2387 1100 2412 1134 a
2453 1085 2622 1149 plastis
2660 1085 2707 1134 in
2745 1100 2889 1137 eruce
2924 1082 2968 1134 λ.

2323 627 2629 690 Diximus⁰
2684 628 2978 707 originem
3049 626 3054 631 ’

617 1156 700 1209 31.
737 1169 845 1207 cum
883 1156 1101 1218 tropheis
1137 1153 1362 1204 intestina
1396 1148 1444 1201 λ.

606 1225 809 1291 Erfurt„
850 1226 1027 1274 ceteris.

1554 1153 1773 1217 tropheis
1815 1169 1900 1217 pro
1949 1154 2163 1216 tropaeis
2214 1161 2281 1204 est
2326 1155 2376 1202 in
2411 1153 2737 1204 ABDEFGabe.
2781 1154 2970 1205 Vindob.
3069 1131 3074 1134 =

1133 1221 1215 1272 32.
1252 1229 1566 1286 tropaeorum
1602 1221 1736 1282 (libri
1771 1224 1934 1286 scripti
1969 1230 2011 1272 et
2047 1225 2146 1273 obe.
2184 1225 2350 1272 iterum
2381 1224 2600 1285 praebent
2636 1221 2972 1286 tropheorum)

610 1308 698 1358 pro
735 1294 1007 1355 qlossemate
1043 1291 1178 1341 habet
1213 1290 1403 1340 flavere.
1471 1290 1564 1340 Atii
1600 1291 1891 1340 coniecerunt
1926 1289 2139 1342 adoratis
2176 1290 2224 1338 in
2260 1289 2506 1352 tropaeis,
2543 1302 2651 1337 cum
2690 1303 2859 1339 cruces
2899 1290 2972 1338 in·
3005 1340 3020 1358 ⁸

619 1360 793 1409 testina
827 1361 926 1408 sint
958 1366 1288 1422 tropaeorum,
1325 1358 1409 1407 olii
1446 1371 1552 1407 eum
1592 1357 1806 1407 adoratis
1843 1358 1891 1407 in
1928 1359 2172 1421 tropaeis,
2222 1371 2411 1406 cruces·
2439 1357 2661 1405 intestina
2715 1363 2827 1405 sunt
2873 1364 2975 1405 tro·

615 1439 870 1492 pacorum,
906 1427 989 1476 sed
1024 1427 1375 1476 adversantibus
1404 1431 1509 1476 vett.
1538 1426 1690 1485 libris,
1732 1440 1928 1489 quorum
1962 1428 2147 1491 quidem
2182 1432 2355 1474 tantum
2375 1425 2484 1484 Dc„
2522 1431 2714 1488 uterque
2732 1425 2975 1474 deterioris

615 1503 768 1557 notae,
819 1501 932 1543 sunt
965 1509 1050 1558 pro
1088 1495 1185 1543 sint
1215 1495 1452 1558 praebent,
1502 1495 1552 1541 in
1586 1494 1750 1542 ceteris
1786 1499 1937 1542 tamen
1972 1509 2072 1543 cum
2107 1493 2302 1556 reliquis
2338 1493 2644 1541 consentiunt.

1311 1560 1391 1610 34.
1430 1559 1566 1622 signa
1605 1559 1778 1610 adorat
1809 1556 1855 1606 λ.

618 1562 732 1624 ligio
769 1570 866 1612 tota
902 1556 967 1626 λῙ.
1002 1563 1191 1612 flavere.

614 1699 849 1750 riosiores
894 1696 1079 1745 ,librarii
1126 1710 1216 1758 pro
1250 1710 1277 1743 r
1328 1694 1482 1744 littera
1519 1708 1748 1758 sumpse·-

617 1768 731 1823 rint,
766 1773 949 1814 temere
984 1764 1032 1813 in
1069 1763 1264 1815 verbum
1291 1769 1580 1827 prosternere
1613 1762 1747 1812 illico

619 1849 732 1885 sese
768 1832 1040 1895 impacturi.

688 1917 735 1950 n.
771 1901 812 1950 si
848 1896 998 1964 forte]
1037 1900 1086 1948 V.
1124 1914 1246 1963 quae
1282 1899 1569 1948 adnotavere
1596 1898 1656 1947 ad
1677 1897 1747 1947 De

622 1971 813 2021 Gorons
852 1982 955 2031 cop.
995 1967 1042 2016 5.

687 2051 734 2088 o.
770 2031 1006 2100 Diximus]
1044 2035 1200 2097 Supra
1239 2048 1343 2097 cap.
1380 2031 1458 2082 12.

684 2119 735 2170 p.
788 2103 883 2153 Sed
935 2111 983 2152 et
1025 2103 1257 2153 Victorias
1316 2096 1552 2165 adoratis]
1612 2100 1746 2158 Quae

615 2173 852 2223 Victoriae
900 2185 997 2219 nou
1044 2185 1071 2218 a
1108 2169 1277 2233 plastis
1315 2169 1606 2230 figurantur,
1658 2167 1746 2216 sed

615 2241 726 2290 rudi
763 2253 905 2288 manu
944 2237 1153 2287 militari.

687 2323 734 2371 q.
770 2306 996 2356 intestina
1030 2306 1126 2354 sint
1158 2297 1513 2367 tropaeorum]
1552 2302 1621 2350 lta
1658 2316 1746 2365 ap-

617 2376 768 2439 pellat
798 2371 1121 2426 Tertullianus
1157 2373 1345 2435 stipites
1381 2386 1437 2420 ac
1471 2369 1633 2419 trabes
1671 2369 1746 2418 in-

616 2442 854 2499 teriores,
903 2440 1076 2504 quibus
1125 2439 1281 2502 spolia
1329 2443 1543 2502 appensa
1591 2444 1748 2497 erant,

619 2523 743 2573 quse
779 2508 939 2557 omnia
977 2521 1073 2556 non
1111 2515 1292 2556 tautum
1347 2505 1581 2569 simplicis
1631 2518 1745 2553 cru-

619 2578 688 2627 cis
727 2575 916 2637 taciem,
953 2589 1114 2623 verum
1153 2583 1201 2623 et
1236 2574 1362 2623 affixi
1400 2573 1610 2622 hominis
1637 2571 1746 2620 imi-

616 2645 871 2701 tabantur,
943 2641 1096 2707 inquit
1151 2641 1324 2692 Minue.
1377 2640 1505 2690 Felix
1559 2635 1744 2704 [Oetav.

615 2728 719 2777 cap.
742 2705 883 2776 29.]‚
939 2712 1001 2759 ita
1050 2718 1101 2760 ut
1147 2711 1334 2775 stipites
1382 2709 1457 2759 illi
1491 2708 1747 2758 interiores

614 2789 777 2831 essent
811 2779 954 2828 veluti
991 2779 1231 2828 intestina.
1315 2777 1439 2826 Hine
1484 2776 1626 2837 igitur
1663 2775 1744 2823 lu·

613 2849 843 2898 dseorum
894 2846 1185 2908 indignatio,
1244 2859 1390 2909 quum
1440 2851 1605 2894 contra
1655 2858 1745 2906 ps·

611 2917 758 2966 trium
795 2929 981 2964 morem
1017 2915 1202 2964 theatra
1227 2921 1367 2977 atque
1392 2912 1744 2976 amphitheatra

613 2984 820 3033 fuissent
854 2983 1199 3045 Hierosolymis
1236 2982 1295 3030 ab
1335 2982 1522 3031 Herode
1559 2979 1743 3029 consti-

612 3059 733 3111 tuts‚
768 3050 930 3114 ibique
967 3050 1189 3100 Caesaris
1226 3057 1425 3111 tropaea
1462 3050 1580 3108 ἥκεις
1619 3059 1745 3110 quae

612 3118 817 3168 ludaeos
854 3118 924 3167 vel
963 3117 1166 3166 maxime
1201 3117 1471 3175 turbarunt,
1508 3129 1654 3178 quum
1688 3129 1745 3162 ea

613 3193 796 3236 statuas
834 3184 978 3233 armis
1015 3191 1209 3235 ornatas
1246 3192 1387 3261 atque
1424 3182 1744 3233 circumdatas

617 3267 725 3302 esse
762 3251 1100 3299 existimarent.
1184 3249 1466 3304 ,,Παντων
1515 3243 1576 3296 δὲ
1607 3243 1744 3314 μᾶλ-

613 3316 776 3373 λον,“
813 3317 964 3380 inquit
1001 3317 1237 3379 Iosephus
1273 3319 1461 3381 Antiqu.
1481 3318 1582 3366 lud.
1607 3317 1744 3371 xv‚2

613 3377 840 3440 ,,ἐλῦπει
874 3378 942 3429 τὰ
978 3378 1249 3449 τρόπαια·
1305 3379 1589 3435 δοκοῦντες
1633 3378 1743 3453 γὰρ

613 3445 826 3505 εἰκόνας
874 3438 1014 3497 εἶναι
1059 3450 1173 3502 τοῖς
1222 3441 1406 3503 ὅπλοις
1439 3447 1745 3518 περιειλημ-

613 3515 798 3585 μένας,
847 3511 932 3565 ὅτι
965 3512 1041 3583 μὴ
1078 3511 1315 3584 πάτριον
1350 3505 1417 3578 ἦν
1453 3512 1639 3571 αὐτοῖς
1674 3515 1743 3569 τὰ

616 3586 847 3635 τοιαῦτα
883 3582 1079 3649 σέβειν,
1134 3577 1198 3635 οὐ
1240 3581 1478 3654 μετρίως
1529 3580 1743 3654 ἐδυσχέ-

616 3660 880 3722 ραινον.“
953 3655 1097 3704 Varro
1135 3655 1183 3703 in
1222 3654 1443 3717 Bimargo
1482 3649 1585 3719 [sp.
1615 3653 1741 3706 Non.

614 3721 973 3789 p.55.llerc.]:
1011 3723 1160 3783 „ideo
1194 3724 1305 3785 fuga
1334 3724 1543 3773 hostium
1560 3725 1741 3774 Graece

613 3798 809 3842 vocatur
843 3784 1036 3857 τροπή.
1111 3791 1230 3840 Hinc
1264 3791 1421 3854 spolia
1459 3798 1612 3855 capta,
1653 3794 1742 3841 [ixa

614 3860 662 3908 in
699 3850 1280 3923 stipitibus⁸appellantur
1300 3851 1607 3923 τρόπαια.“
1646 3859 1743 3908 Ha-

614 3926 703 3975 bes
740 3928 818 3974 hie
852 3927 1013 3986 tinem,
1052 3928 1300 3976 materiam
1328 3943 1384 3976 ac
1400 3928 1607 3976 formam
1637 3934 1741 3975 tro-

613 4006 863 4055 paeorum.
949 3992 1144 4053 Finem,
1192 4009 1367 4056 nempe
1413 4001 1465 4043 ut
1516 3995 1742 4044 victoriae

615 4066 925 4108 monumenta
963 4060 1089 4121 apud
1108 4068 1335 4123 posteros
1358 4067 1598 4110 extarent:
1638 4074 1742 4110 ma-

613 4126 803 4184 teriam,
857 4125 1056 4186 liguum.
1138 4128 1212 4175 Ait
1256 4128 1382 4175 enim
1421 4127 1567 4174 varro
1615 4128 1744 4187 „fixa

613 4193 663 4241 in
721 4191 1019 4256 stipitibuS.“
1121 4193 1272 4256 Atque
1328 4195 1422 4242 hoc
1479 4194 1743 4244 notandum

613 4260 772 4311 obiter
806 4266 896 4318 est,
935 4259 1044 4322 quia
1082 4261 1241 4308 erneis
1275 4275 1333 4309 ae
1366 4262 1551 4325 tropaei
1591 4271 1746 4311 mate·

612 4328 735 4381 riam
792 4325 995 4376 eandem
1059 4340 1168 4375 esse
1225 4328 1339 4379 hine
1389 4330 1745 4390 cognoscimus

611 4395 852 4459 Iosephus
887 4394 997 4443 loco
1034 4394 1178 4444 modo
1216 4395 1358 4446 citato
1393 4405 1559 4446 narrat
1589 4397 1745 4447 Hero-

612 4464 740 4525 dem,
778 4476 885 4512 eum
914 4461 1116 4511 ludaeos
1151 4462 1332 4512 videret
1366 4470 1563 4528 tropaea
1600 4480 1744 4529 prse-

614 4531 753 4593 cipue
778 4531 1061 4591 abominari,
1099 4530 1227 4595 quod
1255 4532 1516 4592 imaginum
1540 4534 1742 4595 figuram

612 4596 939 4663 imitarentur,
987 4599 1212 4652 detractis
1259 4599 1430 4665 spoliis
1478 4608 1622 4666 atque
1658 4615 1742 4651 or-

2762 1489 2843 1541 33.
2883 1492 2975 1541 Re-

1852 1694 2089 1744 namentis
2137 1694 2363 1743 omnibns
2411 1693 2683 1742 ostendisse
2739 1691 2801 1741 iis
2857 1693 2980 1742 nihil

1851 1777 1906 1811 es
1944 1777 2053 1810 esse
2091 1770 2283 1824 praeter
2330 1760 2476 1813 rudes
2526 1768 2572 1810 et
2619 1760 2852 1810 informes
2887 1760 2977 1810 sti-

1850 1831 2004 1894 pites,
2071 1830 2237 1893 sicque
2299 1828 2584 1878 ludaeorum
2615 1841 2978 1889 ·compressam

1849 1897 2223 1959 indignationem
2252 1904 2402 1959 ,atque
2428 1896 2474 1945 in
2506 1898 2658 1945 risum
2681 1910 2980 1945 conversam.

1848 1959 2006 2021 „Kal
2041 1958 2219 2019 δείξας
2251 1957 2321 2010 τὰ
2356 1955 2616 2027 τρόπαια,
2664 1957 2851 2012 tinore
2887 1957 2980 2010 ‹50-

1846 2031 1932 2082 κεῖ
1975 2025 2160 2084 αὐτοῖς
2206 2030 2379 2079 ταῦτα
2427 2023 2692 2079 ἐπύθετο·
2755 2029 2869 2079 τῶν
2917 2022 2976 2078 δ’

1847 2092 2256 2163 ἐκβοησάντων,
2347 2090 2665 2163 ἀνθρώπων
2744 2090 2977 2155 εἰκόνας,

1849 2161 2103 2224 ἐπιτάξας
2150 2158 2532 2246 ἄφαιρεθῇναι
2588 2161 2688 2213 τὸν
2734 2159 2978 2216 ἔπιθέσι-

1846 2250 1958 2303 μον
1991 2227 2202 2301 κόσμον
2248 2228 2609 2283 ἐπιδεικνυσιν
2655 2224 2841 2287 αὐτοῖς
2884 2249 2981 2298 γυ-

1847 2298 1961 2370 μνὰ
1995 2297 2065 2350 τὰ
2100 2295 2258 2358 ξύλα·
2308 2297 2378 2349 τὰ
2424 2293 2481 2349 δ’
2531 2292 2694 2354 εὐθὺς·
2741 2287 2810 2361 ἦν
2846 2292 2981 2350 ἀπο·

1850 2367 2153 2429 συληθέντα
2185 2366 2421 2434 γέλως.“
2468 2370 2567 2420 Cur
2588 2378 2745 2419 autem
2774 2385 2801 2419 e
2829 2371 2979 2433 ligno,

1849 2455 1943 2489 non
1983 2455 2010 2489 e
2046 2439 2279 2488 solidiore
2302 2440 2497 2487 materia
2539 2446 2736 2501 tropaea
2774 2440 2978 2499 effinge-

1849 2515 1985 2567 rent,
2038 2521 2231 2556 causam
2296 2506 2453 2554 adfert
2505 2507 2834 2568 Syracusanus
2896 2506 2979 2555 itte

1850 2574 1975 2638 apud
1997 2574 2194 2623 Diodor.
2250 2573 2463 2624 Siculum
2503 2571 2628 2621 libro
2666 2572 2763 2622 xli.
2801 2569 2979 2637 [immo

1851 2642 1974 2702 xm,
2011 2641 2093 2692 24.
2132 2659 2179 2706 p.
2206 2636 2378 2706 5601,
2433 2655 2490 2690 ne
2539 2640 2779 2690 bellorum
2835 2649 2981 2706 atque

1849 2710 2160 2761 dissidiorum
2200 2716 2508 2759 monumenta
2557 2716 2748 2758 aeterna
2800 2718 2979 2759 essent.

1849 2779 2158 2828 statuebatur
2193 2778 2336 2838 igitur
2369 2776 2531 2833 arhor,
2580 2792 2637 2825 sc
2683 2776 2862 2826 decisis
2897 2792 2980 2826 ra-

1849 2847 1942 2895 mis
1978 2854 2026 2907 e‚t
2057 2845 2209 2908 stipiti
2246 2852 2404 2893 erecto
2443 2852 2765 2892 transversum
2795 2844 2979 2906 lignum

1849 2914 2192 2964 immittebatur
2227 2912 2522 2961 sustinendis
2545 2911 2751 2959 hostium
2787 2913 2980 2973 spoliis.

1848 2982 2133 3031 Plutarchus
2183 2980 2228 3029 in
2267 2980 2501 3028 Romulo:
2557 2972 2743 3045 ,βρῦν
2788 2972 2980 3045 ἔτεμεν

1845 3040 2186 3113 ὑπερμεγέθη
2242 3039 2332 3093 καὶ
2369 3040 2450 3094 διε
2497 3037 2760 3111 όρφωσεν
2793 3039 2979 3113 ὥσπερ

1845 3111 2118 3182 τρόπαιον
2165 3107 2256 3161 καὶ
2291 3111 2404 3161 τῶν
2472 3110 2622 3161 πλων
2660 3112 2756 3161 τοῦ
2781 3106 2981 3179 ’Ἀκρω-

1844 3198 1942 3237 νος
1974 3175 2207 3230 ἕκαστον
2241 3175 2302 3230 ἐν
2336 3175 2482 3237 τάξει
2516 3174 2850 3249 περιήρμοσε
2885 3178 2982 3230 καὶ

1845 3245 1981 3310 κατῆ
2021 3254 2236 3298 τισεν.“
2291 3250 2537 3299 Claudian.
2578 3246 2981 3314 tibrot.[v.338.

1848 3328 1895 3369 et
1931 3335 1969 3368 ν.
2028 3314 2133 3383 452]
2173 3320 2220 3366 in
2257 3318 2410 3366 Rnssu.
2452 3343 2546 3376 „·-
2590 3318 2640 3366 Si
2681 3318 2854 3367 laetior
2890 3320 2980 3368 ad-

1847 3386 2106 3446 sitGloiia,
2143 3386 2307 3434 vestita
2336 3385 2507 3448 spoliis
2528 3384 2773 3434 donabere
2801 3401 2980 3450 quaer-

1850 3470 1924 3504 en.
1963 3477 2029 3490 —
2064 3478 2131 3488 —
2180 3452 2269 3510 Qui
2308 3467 2434 3501 nune
2470 3451 2529 3500 de
2579 3466 2713 3501 more
2763 3455 2980 3516 tropaeis

1849 3521 1975 3571 Ditat
2023 3529 2069 3570 et
2129 3520 2331 3569 hostiles
2392 3520 2646 3582 suspendit
2702 3519 2748 3568 in
2803 3523 2984 3570 arbore

1848 3588 2071 3640 cristas.“
2158 3588 2258 3637 Hoc
2295 3588 2463 3637 Graeci
2513 3587 2677 3636 dicunt
2711 3580 2982 3652 τρόπαιον

1845 3654 2088 3720 κοσμεῖν.
2147 3655 2387 3703 Plutarch.
2428 3655 2475 3703 in
2495 3655 2743 3714 Agesilao:
2782 3647 2981 3709 ..ἱστά-

1845 3737 1940 3770 ναι
1976 3717 2036 3770 δὲ
2068 3715 2160 3769 καὶ
2193 3718 2419 3787 ἐοσμεῖν
2454 3717 2725 3789 τρόπαιον
2778 3715 2853 3776 ὥς
2898 3735 2982 3772 νε-

1844 3783 2194 3849 νικηκότας.“
2268 3790 2401 3839 Unde
2437 3797 2488 3839 et
2518 3782 2620 3837 τὸν
2652 3782 2984 3856 ἒπιθέσιμον

1843 3851 2054 3924 κόσμον
2100 3857 2290 3906 dicebat
2326 3856 2433 3907 loco
2471 3859 2618 3907 modo
2667 3858 2861 3908 laudato
2899 3859 2980 3909 lo·

1847 3926 2047 3989 sephus.
2085 3924 2321 3985 (iterate)

1914 4009 1952 4043 r.
1991 4000 2089 4041 tots
2128 3993 2388 4041 castrensis
2423 3993 2563 4052 signa
2589 3990 2877 4054 veneratur]
2915 3993 2989 4042 De

1844 4062 2092 4122 signorum
2132 4059 2407 4108 militarium
2446 4061 2752 4108 veneratione
2786 4074 2828 4108 r.
2850 4060 2982 4123 Lips.

1845 4128 1906 4177 ad
1942 4129 2088 4185 Tacit.
2125 4128 2245 4176 Anu.
2284 4125 2442 4186 t‚19.,
2480 4127 2561 4174 ubi
2598 4126 2789 4188 aquilae
2825 4141 2984 4189 „pro-

1845 4196 1951 4258 pria
1989 4195 2233 4255 legionum
2271 4193 2502 4243 numina“
2540 4201 2786 4243 vocantur.
2863 4196 2987 4244 Hine

1849 4263 1930 4312 illa
1969 4261 2132 4323 inungi
2169 4275 2364 4324 qnoque
2398 4260 2541 4309 solita
2580 4261 2762 4325 pariter
2782 4269 2834 4310 ut
2864 4263 2984 4310 deo-

1848 4344 1956 4379 rum
1994 4328 2226 4390 imagines
2261 4329 2406 4377 trudit
2444 4328 2565 4377 Plin.
2607 4329 2662 4377 fl.
2690 4328 2747 4378 N.
2783 4329 2908 4387 ΧΙΙΙ,
2935 4328 2985 4378 3.

1850 4398 2040 4460 loseph.
2079 4395 2266 4460 Antiqu.
2305 4396 2406 4444 lud.
2445 4395 2519 4453 Vl,
2556 4394 2621 4444 32
2676 4390 2987 4462 „tropicar—

1850 4477 1934 4517 τες
1969 4458 2067 4515 τὰς
2101 4455 2462 4542 σημαίας-,εἶς
2507 4456 2571 4509 τὸ
2627 4456 2805 4529 ἱερὸν,
2859 4456 2986 4512 ἔθυ-

1848 4524 1954 4579 σάν
1987 4544 2045 4579 τε
2081 4522 2273 4584 αὐταῖς
2308 4523 2566 4578 οευτόθιη
2595 4527 2706 4578 κτλ.
2785 4531 2986 4581 Sozom.

1846 4600 1904 4651 Η.
1939 4598 1994 4649 Ε.
2030 4599 2069 4660 1,
2104 4599 2153 4648 4.
2192 4599 2252 4648 de
2288 4599 2455 4649 labaro
2493 4612 2641 4660 agens
2694 4598 2989 4666 ,,Σημεῖον
