3263 5311
675 437 754 498 34
1236 446 1437 498 QUINTI
1483 445 1743 490 szr'rnul
1786 443 2116 488 nolimus
2161 445 2548 488 Taurunum!

671 601 944 665 taminsri
986 598 1246 662 altercati
1306 616 1531 659 sumuS.
1619 596 1760 659 ”De
1815 597 2224 659 contaminatis
2280 595 2762 659 contaminemur.
2849 596 3005 658 Pro-

669 711 873 784 pterea
915 710 1109 764 autem
1155 714 1686 761 commemoramus
1752 698 1966 778 quibus
2029 696 2324 761 eiusmodi
2386 696 2516 758 loca
2577 696 2876 772 dicentur,
2940 706 3010 759 ut
3060 725 3067 730 ·

671 824 876 867 eorum
922 804 1402 865 demonstremus
1449 818 1617 873 esse,
1685 819 1834 879 quae
1876 798 1994 860 ³‘'in
2039 799 2133 859 his
2176 798 2325 862 locis
2369 798 2544 872 fiunt,
2618 799 2832 878 quibus
2875 800 3007 878 ipsa

667 905 796 968 loca
839 905 1129 967 dicantur.

462 1023 566 1075 cap.
595 1020 666 1065 tx.
837 1006 1006 1068 Nunc
1068 1003 1144 1063 de
1206 1001 1453 1063 artificio
1513 1019 1631 1081 quo
1701 1002 2001 1063 circenses
2067 1000 2470 1063 exhibentur.·
2524 1000 2644 1062 Res
2708 1002 3006 1082 equestris

666 1114 866 1169 retro·
938 1104 1186 1183 simplex
1254 1103 1360 1164 ¹de
1423 1103 1651 1164 dorso*
1696 1102 2014 1181 'agebatur‚
2082 1110 2143 1163 et
2195 1101 2399 1181 utique
2464 1101 2793 1164 communis
2854 1121 3004 1164 usus

670 1226 812 1269 reus
857 1224 980 1267 non
1024 1212 1151 1267 erat
1167 1216 1210 1265 ⁸.
1297 1204 1416 1265 Sed
1460 1221 1594 1265 cum
1637 1203 1710 1264 ad
1753 1203 1928 1265 ludos
1994 1209 2231 1265 coactus
2297 1211 2423 1280 est,
2483 1203 2753 1266 'transiit
2814 1223 2848 1266 s
2908 1203 3004 1264 dei

670 1326 919 1369 munere
961 1306 1037 1367 ad
1081 1305 1527 1368 daemoniorum
1571 1304 1782 1366 officia.
1896 1304 2097 1383 Itaque
2141 1303 2373 1365 Castori
2428 1312 2488 1366 et
2526 1303 2752 1367 Polluci
2812 1304 3004 1384 depu-

671 1416 827 1470 tatur
882 1408 1028 1469 haec
1087 1405 1317 1485 species
1331 1404 1379 1480 ⁸,
1447 1405 1661 1484 quibus
1714 1405 1940 1484 ’equos
1997 1424 2033 1465 a
2086 1404 2376 1466 Mercurio
2435 1405 2786 1468 distributos
2831 1406 3003 1467 ⁴Ste-

672 1509 949 1571 sichorus
1007 1507 1196 1568 docet.
1310 1505 1427 1566 Sed
1484 1513 1543 1567 et
1594 1505 1903 1584 Neptunus
1970 1507 2303 1586 equestris·
2356 1513 2480 1579 est,
2555 1524 2731 1586 quem
2797 1507 3006 1569 Graeci

648 1610 925 1672 Ἵππιον
981 1606 1291 1687 appellant.
1376 1605 1494 1666 ‘De
1560 1605 1736 1684 iugo¹
1786 1624 1928 1667 vero
1995 1606 2305 1686 quadrigas
2363 1606 2506 1680 soli,
2573 1607 2736 1687 bigas
2790 1607 3004 1669 lunae⁸

671 1716 1010 1773 sanxerunt.
1098 1707 1216 1768 Sed
1265 1714 1326 1768 et

970 1807 1207 1869 Primus
1250 1806 1703 1869 ‘Erichthonius
1749 1826 1957 1869 currus
2003 1815 2062 1870 et
2104 1814 2357 1886 quatuor
2396 1808 2612 1872 'ansus

970 1909 1220 1988 Iungere
1265 1926 1451 1988 equos
1496 1908 1886 1988 ‘rapidusque
1928 1909 2077 1969 rotis
2122 1909 2397 1971 insistere
2438 1909 2721 1973 ”victor¹².

670 2027 753 2081 38.
787 2027 856 2078 no
892 2027 1229 2078 contaminatis
1266 2027 1649 2077 contaminamur
1683 2044 1770 2078 om.
1806 2030 1857 2080 Δ.
1886 2035 1923 2070 ¹-
1961 2027 2041 2079 39.
2081 2030 2127 2078 in
2166 2029 2224 2077 iis
2240 2026 2355 2094 Αφ.

804 2097 920 2161 Cap.
957 2095 1032 2145 IX.
1105 2096 1180 2144 DE
1217 2094 1369 2144 ARTE
1407 2095 1565 2145 ctae!
1602 2097 1842 2161 inscriptio
1878 2103 1945 2147 est
1980 2099 2028 2146 in
2061 2097 2223 2146 Anco.
2331 2097 2376 2146 1.
2415 2097 2474 2145 de
2510 2095 2657 2146 dorso
2694 2112 2783 2148 om.
2819 2099 2872 2148 Ε.
2952 2095 3001 2146 2.

666 2164 857 2221 trsnsiit
891 2163 983 2215 DE.
1019 2165 1167 2214 codex
1203 2162 1457 2212 ctemenus.
1544 2165 1714 2212 transit
1747 2163 1834 2214 BC.
1919 2162 2219 2227 tses...Ass.
2349 2162 2398 2218 3.
2434 2178 2616 2228 aequos
2649 2162 2745 2227 Αβ.
2869 2165 2920 2216 4.
2956 2173 3006 2214 et

667 2231 972 2282 Stesichorus
1006 2231 1061 2281 D.
1201 2231 1249 2280 5.
1287 2230 1353 2278 De
1389 2229 1498 2291 iugo
1536 2245 1645 2280 vero
1682 2246 1769 2282 om.
1807 2231 1858 2281 Ε.
1998 2231 2047 2281 6.
2083 2231 2353 2281 Erietonius
2386 2230 2437 2282 A.
2579 2232 2626 2283 7.
2663 2248 2815 2296 equos
2853 2248 3002 2283 susus

665 2301 863 2362 iungere
899 2296 1101 2416 &2568
1136 2297 1415 2363 rapidisque
1451 2298 1544 2348 DE.
1578 2299 1708 2349 Fulo.
1748 2300 1955 2349 Ursinus.
1989 2301 2246 2350 Hert-isius.
2352 2298 2400 2349 9.
2436 2307 2598 2349 vector
2631 2299 2859 2351 fleursius
2891 2301 3002 2350 Grit.

666 2369 833 2418 Amat».
863 2383 913 2433 p.
1055 2402 1068 2416 .

729 2451 846 2515 Cep.
872 2449 945 2500 ΙΧ.
1007 2465 1049 2501 s.
1086 2445 1242 2514 retro]
1277 2458 1432 2510 antes,
1469 2449 1784 2514 prius.1nnu-

663 2518 923 2570 mersbiles
940 2525 1054 2567 sunt
1087 2517 1180 2568 loci
1207 2518 1253 2567 in
1275 2518 1468 2582 seriptis
1486 2517 1785 2578 Tertulliani,

664 2589 714 2638 is
772 2585 947 2650 quibus
1003 2590 1125 2636 retro
1183 2587 1257 2635 sic
1304 2586 1510 2648 positum
1559 2587 1787 2637 occurrit.

662 2653 863 2719 spotog.
900 2667 1004 2715 esp.
1046 2653 1091 2703 Ι.
1139 2652 1256 2718 „qui
1290 2662 1412 2704 retro
1448 2653 1704 2715 oderant‚“
1740 2660 1786 2704 et

663 2730 777 2787 post
811 2722 871 2772 sd
907 2723 985 2774 flu.
1023 2722 1193 2785 eapitis
1228 2722 1494 2781 eiusdem,
1499 2722 1606 2773 ,nisi
1644 2722 1786 2786 plone

661 2797 784 2841 rem
832 2804 930 2839 non
979 2789 1181 2838 luisss.“
1253 2790 1372 2840 ibid.
1412 2804 1516 2853 esp.
1552 2788 1600 2839 3.
1637 2798 1685 2840 et
1719 2789 1786 2839 Ad

661 2857 790 2908 Nett.
830 2858 866 2918 Ι,
901 2856 950 2935 4.
987 2871 1146 2923 „quos
1178 2862 1318 2917 retro,
1354 2866 1463 2907 snte
1483 2859 1572 2907 bae
1591 2872 1785 2918 nomen,

660 2939 838 2987 vagos,
1185 2928 1337 2974 robos
1386 2927 1659 2985 noverant,‘
1739 2933 1787 2974 et

1954 2467 1996 2501 c.
2032 2465 2144 2499 reus
2178 2464 2275 2500 non
2311 2445 2436 2516 erat]
2475 2448 2821 2513 'sianum-iu.
2842 2451 3001 2512 xvnt,

1886 2517 1968 2568 27.
2016 2518 2168 2579 „Nam
2218 2532 2298 2567 res
2344 2520 2579 2582 equestris
2626 2525 2761 2567 antes
2797 2518 3003 2582 simplex

1886 2587 2129 2648 agebatur,
2167 2594 2215 2635 et
2248 2586 2410 2650 utique
2444 2587 2713 2635 eommunis
2749 2600 2864 2635 usus
2889 2600 3000 2636 res-

1884 2663 1962 2705 tus
1999 2669 2093 2704 non
2129 2664 2247 2714 erst,
2282 2655 2366 2704 sed
2404 2667 2509 2703 cum
2546 2653 2604 2702 sd
2640 2653 2781 2704 Indos
2805 2663 3002 2704 coactus

1886 2732 1962 2772 est
1996 2722 2224 2772 naturalis
2260 2736 2393 2780 usus,
2429 2723 2487 2770 sd
2513 2722 2873 2772 daemoniorum
2894 2723 3003 2773 cnl-

1886 2798 1987 2841 tum
2022 2790 2284 2841 translatus
2317 2789 2440 2839 est.“

1954 2858 1999 2907 d.
2059 2858 2314 2922 deputatur
2372 2858 2489 2906 baec
2545 2852 2758 2921 speeies]
2825 2856 3003 2907 isidor.

1887 2925 2047 2989 origg.
2085 2927 2117 2975 Ι.
2143 2925 2173 2975 Ι.
2212 2926 2413 2989 „ltaque
2432 2924 2618 2974 Castori
2639 2932 2686 2974 et
2707 2923 2888 2973 Polluci
2912 2925 3002 2974 de-

661 2993 847 3058 ιιιιιιΙοι
1185 3000 1348 3043 rrelro
1375 2994 1578 3057 patiens.
1582 2994 1615 3017 ‘⁸
1666 2992 1783 3043 Ibid.
1885 3002 2113 3057 putentur
2158 2994 2248 3042 bae
2293 2993 2509 3057 species,
2556 2991 2729 3056 quibus
2774 3006 2927 3055 equos
2974 3008 3001 3042 s

667 3074 773 3125 esp.
792 3059 839 3109 4.
1185 3060 1361 3111 dicatos
1395 3069 1514 3112 retro
1552 3062 1597 3110 in
1624 3069 1786 3126 pontes
1885 3062 2117 3111 Mercurio
2177 3061 2456 3111 distributos
2515 3060 2745 3111 biston‘se
2795 3060 3003 3123 docent;

666 3130 823 3179 securi
1185 3144 1239 3177 us
1274 3129 1404 3190 leues
1429 3129 1618 3178 πεπυ*
1670 3129 1784 3177 lbid.
1886 3129 1973 3179 sed
2009 3137 2055 3178 et
2089 3128 2337 3192 Neptunus
2371 3126 2641 3191 equestris“
2675 3142 2782 3191 sqq.

668 3193 847 3260 eapte
1185 3203 1296 3245 retro
1320 3195 1549 3258 qninunc
1571 3194 1786 3244 ludaei.“
1953 3210 1995 3245 e.
2030 3194 2280 3259 Neptunus
2314 3190 2573 3259 equestris]
2609 3194 2683 3244 Cl'.
2708 3209 2831 3259 quse
2846 3194 3002 3245 adno-

665 3262 787 3314 lbid.
824 3277 847 3311 e
1204 3270 1327 3310 retro
1361 3275 1554 3325 semper
1589 3262 1785 3325 praedi-
1885 3270 1980 3313 tsts
2026 3271 2139 3313 sunt
2182 3264 2242 3311 sd
2278 3278 2367 3327 esp
2431 3263 2478 3312 5.
2515 3262 2576 3311 de
2623 3263 2799 3312 Conso.
2867 3263 3002 3313 Adde

666 3330 847 3382 esbstnt
1185 3342 1217 3375 ιο
1254 3327 1463 3386 „sinon
1499 3335 1547 3377 et
1569 3330 1783 3392 propbe-
1885 3330 2095 3391 Bottiger
2147 3330 2182 3379 K
2221 3278 2441 3394 nstmytb.
2478 3330 2535 3381 ΙΙ.
2571 3344 2619 3394 ιι.
2657 3328 2773 3381 322.
2808 3344 2915 3395 sqq.
2952 3338 3005 3380 et

663 3404 742 3447 tae
785 3402 847 3444 ret
1197 3409 1304 3458 esp.
1351 3394 1430 3445 26.
1486 3410 1783 3460 „numquam
1885 3397 2068 3447 Preller
2101 3398 2149 3446 in
2184 3345 2329 3463 aauty
2364 3396 2616 3462 Bncyclop.
2686 3398 2823 3449 Tem.
2859 3398 2908 3459 V,
2950 3413 3003 3463 p.

661 3470 786 3513 retro
824 3462 994 3511 Iudses
1032 3462 1334 3523 regnasset.“
1406 3462 1521 3512 ibid.
1557 3479 1662 3528 cap.
1699 3464 1779 3513 40.
1865 3463 1983 3516 »552
2018 3480 2125 3529 sqq.

1949 3534 1982 3582 l'.
2021 3533 2088 3582 De
2123 3528 2257 3597 ingo]
2305 3532 2373 3583 De
2416 3532 2653 3594 iugalibus
2699 3533 2834 3599 equis
2865 3539 3003 3584 reete

1880 3600 2223 3665 interpoetstur
2258 3601 2331 3649 Fr.
2371 3600 2549 3651 Iunius.

1950 3684 1994 3731 g.
2030 3669 2285 3733 quadriges
2319 3668 2430 3726 soli,
2467 3668 2601 3730 bites
2635 3663 2802 3732 lunae]
2838 3667 3000 3718 fleuit.

1879 3735 2070 3786 Astron.
2118 3737 2167 3795 V,
2203 3734 2251 3785 3.
2298 3735 2638 3799 „Quadi-ungis
2686 3742 2733 3785 et
2776 3735 3000 3786 Phoebus

1882 3812 1931 3854 et
1966 3804 2096 3853 Delie
2146 3803 2267 3865 bigis
2315 3803 2529 3852 meeutf‘
2560 3801 2669 3854 '.Cl'
2705 3804 2830 3853 Fest-
2876 3818 2918 3852 s.
2955 3818 2999 3853 v.

663 3529 914 3592 „Rundem
953 3530 1096 3591 igitur
1131 3545 1258 3579 nune
1282 3544 1474 3595 qnoque
1495 3531 1620 3581 scire
1640 3532 1784 3582 debet

663 3599 855 3658 irstum,
890 3611 1033 3661 quem
1069 3606 1116 3648 et
1148 3606 1269 3648 retro
1291 3600 1535 3662 semper.“
1571 3601 1637 3648 Ad
1657 3600 1780 3650 Natt-

664 3665 704 3725 I,
743 3664 787 3714 Ι.
835 3666 952 3729 „qui
1002 3666 1245 3716 vobiscum
1289 3673 1409 3717 retro
1446 3668 1782 3729 ignorabant-‘⁴

664 3732 786 3785 Ibid.
808 3734 913 3790 Ι,7.
951 3735 1103 3793 „nibil
1141 3734 1266 3784 enim
1302 3748 1528 3798 umquam
1563 3743 1684 3787 retro
1721 3737 1781 3786 de

666 3799 951 3852 Christianis
1003 3803 1238 3865 mysteriis
1290 3803 1589 3853 audiersnt.“
1660 3803 1779 3854 Ibid.

664 3866 726 3927 Il,
766 3868 811 3916 Ι.
849 3883 938 3930 „ex
973 3872 1196 3920 omnibus
1228 3877 1350 3923 retro
1376 3871 1623 3932 digestis.“
1660 3872 1781 3921 Ibid.

663 3934 726 3994 ΙΙ,
765 3935 844 3986 ΙΙ.
881 3938 999 4001 „qui
1034 3938 1118 3988 visi
1150 3945 1289 3999 retro,
1330 3939 1474 3990 auditi
1511 3947 1781 3990 contreeta-

663 4003 797 4067 tiqne
830 4004 979 4053 sintf‘

730 4070 778 4119 b.
825 4071 1028 4135 simplex
1063 4071 1123 4122 de
1157 4069 1328 4151 dorso]
1376 4074 1478 4123 Hoc
1523 4081 1614 4133 est,
1662 4074 1778 4124 olim

664 4137 866 4201 simplex
901 4140 1157 4201 agebatur,
1194 4143 1417 4190 nimirum
1455 4141 1604 4204 perite
1642 4144 1778 4204 equi-

662 4206 793 4254 tsndi
819 4208 978 4258 studio
1008 4207 1232 4271 simplici,
1262 4210 1472 4259 nondum
1499 4218 1779 4259 consecrate

664 4272 929 4323 daemoniis
965 4275 1061 4323 ulls
1098 4274 1319 4326 ludorum
1356 4279 1647 4339 equestrium
1674 4277 1776 4330 sol-

662 4340 924 4391 Iemnitste.
993 4341 1312 4393 stultissimus
1347 4343 1520 4407 aliquis
1554 4346 1779 4407 apposuit.

663 4408 721 4457 de
755 4409 912 4469 dorso,
948 4423 1053 4458 eum
1091 4409 1152 4458 ita
1189 4412 1315 4461 belle
1351 4412 1442 4460 sibi
1474 4413 1775 4475 interpretari

660 4475 902 4525 videretur
931 4476 1276 4539 Septimisnum
1326 4479 1445 4528 illud
1488 4486 1626 4530 retro.
1675 4481 1775 4540 (Ri-

660 4542 796 4605 galt.)
844 4543 982 4593 Errat
1027 4544 1272 4605 Rigaltius.
1328 4546 1651 4610 opponuntur
1698 4562 1777 4598 ars

658 4610 942 4675 simpliciter
975 4613 1217 4677 equitandi
1263 4614 1310 4665 in
1357 4614 1504 4666 dorso
1540 4615 1683 4681 equi,

659 4693 801 4729 curru
835 4680 1052 4733 vehendi.

1884 3872 2077 3923 October
2108 3872 2281 3935 Equus.
2323 3871 2469 3920 Varro
2504 3886 2581 3935 ap.
2618 3871 2759 3920 Prob.
2797 3871 2845 3919 in
2881 3870 2999 3920 Ver-

1881 3940 1963 4001 gil.
1998 3939 2159 4001 Eclog.
2199 3938 2269 3999 VI,
2304 3937 2386 3989 3Ι.
2413 3945 2426 3954 “
2454 3938 2625 3989 isidor.
2654 3938 2812 4000 origg.
2835 3937 2999 4000 xvut,

1880 4005 1963 4058 36.
2000 4007 2324 4069 „Quadrigsm
2362 4006 2469 4055 ideo
2506 4007 2599 4055 soli
2632 4007 2846 4066 iungunt,
2883 4005 2997 4069 quis

1878 4089 1969 4139 per
2002 4083 2208 4139 quatuor
2252 4074 2362 4123 anni
2395 4082 2610 4139 tempore
2642 4072 2867 4134 vertitur,
2916 4086 3002 4123 ver

1880 4150 1927 4191 et
1960 4150 2207 4201 aestatem,
2242 4151 2519 4193 autumnum
2556 4149 2603 4190 et
2637 4140 2860 4190 hiemem.
2915 4139 2998 4190 Bi-

1878 4222 1964 4270 gss
1999 4211 2167 4269 lunae,
2222 4211 2445 4273 quoniam
2481 4208 2670 4271 gemino
2706 4224 2852 4259 cursu
2887 4223 2999 4259 cum

1878 4277 1983 4326 sole
2019 4277 2276 4338 contendit,
2311 4278 2408 4327 sive
2444 4277 2553 4341 quin
2591 4285 2638 4326 et
2671 4285 2812 4327 noete
2850 4276 2997 4326 etdis

1875 4345 2075 4395 videtur.
2152 4345 2356 4407 Iungunt
2416 4346 2544 4394 enim
2604 4359 2753 4394 unum
2820 4357 2997 4409 equum

1875 4414 2083 4475 nigrum,
2119 4412 2319 4461 alterum
2357 4412 2666 4463 csndidnmf‘
2713 4413 2785 4463 ct.
2823 4412 2997 4462 Sobel*-

1878 4481 1966 4529 ser.
2034 4481 2103 4528 De
2139 4480 2204 4530 Re
2241 4479 2448 4529 Velnicul.
2500 4481 2535 4540 Ι,
2594 4479 2670 4529 18.
2720 4481 2787 4540 (in
2824 4479 2994 4529 Poleni

1876 4547 2046 4611 suppl.
2084 4547 2225 4597 Thes.
2261 4548 2448 4612 Antiqu
2488 4555 2604 4599 tom.
2642 4548 2690 4607 V,
2726 4544 3021 4609 ιι...12Ι6)

1944 4616 1989 4733 g.
2027 4614 2247 4665 insistere
2283 4610 2453 4681 victor]
2492 4614 2662 4677 vergit.
2698 4614 2869 4675 (ἶσοι-ς.
2903 4612 2996 4675 111,

1880 4682 1938 4733 11
2010 4696 2084 4750 sq.
