3263 5311
681 413 765 476 86
1202 424 1402 474 omnm
1449 421 1711 466 sssrrnm
1755 420 2084 465 raonsnrrs
2129 420 2520 463 Taurunum

701 575 958 648 dimusb‚
1006 573 1059 635 si
1104 581 1241 653 post
1281 573 1459 633 fidem
1503 569 1909 650 obsignatam·
1952 568 2231 631 dicimus:
2275 567 2410 629 Non
2453 565 2644 629 habeo
2681 586 2799 647 quo
2829 570 3026 631 vivam

696 678 820 739 Iam
860 676 960 737 bic
1002 674 1159 735 enim
1202 672 1437 751 plenius
1481 671 1565 732 illi
1622 671 1905 749 abruptae
1958 668 2358 749 propositioni
2405 669 2808 748 respondebo.
2892 670 3048 732 Sero

685 778 924 838 dicitur.
1011 777 1157 835 Ante
1203 772 1360 834 enim
1403 771 1514 832 suit
1556 770 2030 842 deliberandum,
2097 788 2168 831 ex
2212 769 2597 830 similitudine
2638 771 3070 849 providentis·

688 877 831 938 simi
875 872 1177 936 aedificis‘¹
1222 872 1408 945 illius,
1467 871 1567 949 qui
1621 871 1789 952 prius
1847 877 2119 950 sumptus
2177 870 2378 948 operis
2435 886 2568 931 cum
2611 870 2833 931 viribus
2881 871 3050 932 ¹suis

692 983 991 1057 supputat,
1036 986 1133 1046 ne,
1179 971 1280 1033 ubi
1322 971 1652 1049 ²coeperit‚
1709 971 2053 1032 ³del'unctus
2109 979 2322 1048 postea
2387 970 2715 1032 erubescat.
2805 970 2923 1031 Sed
2986 979 3055 1031 et

693 1095 852 1138 nunc
890 1075 1077 1136 habes
1123 1072 1277 1133 dicta
1320 1071 1544 1133 domini
1587 1072 1888 1151 ⁴exempla
1931 1070 2247 1132 adimentia
2294 1070 2396 1131 tibi
2443 1089 2682 1133 omnem
2739 1071 3047 1132 causatio-

390 1188 663 1241 nauh.v,3.
697 1195 855 1238 nem.
945 1174 1102 1247 Quid
1146 1173 1304 1233 enim
1347 1165 1550 1233 dicis?
1611 1172 1834 1251 Egebo.
1937 1172 2056 1233 Sed
2098 1171 2295 1233 felices
2340 1190 2562 1251 egenos
2608 1171 2884 1233 dominus
2929 1190 3044 1252 ap-

693 1277 892 1357 pellat.
978 1274 1209 1335 Victum
1252 1292 1376 1334 non
1417 1272 1681 1334 habebo:
1738 1273 1845 1335 sed
1888 1272 2116 1346 Nolite,
2173 1272 2394 1350 inquit,
2439 1272 2694 1351 cogitare
2737 1272 2813 1333 de
2854 1272 3049 1346 victu3

425 1354 661 1466 Μζὲὴζζ
701 1385 758 1441 et
809 1376 1059 1438 vestitus
1114 1375 1401 1435 habemus
1457 1374 1789 1453 exemplum
1843 1374 1985 1434 lilia.
2075 1373 2417 1441 Substantia
2471 1372 2615 1435 mihi
2672 1391 2826 1454 opus
2886 1381 3047 1434 erat:

393 1491 503 1534 Luc.
532 1489 678 1547 xvm,
696 1476 900 1556 atquin
958 1476 1155 1538 omnia
1213 1474 1519 1536 vendenda
1573 1482 1715 1536 sunt
1775 1483 1833 1535 et
1877 1474 2186 1553 egentibus
2231 1472 2558 1534 dividenda.
2646 1473 2765 1534 Sed
2807 1473 2942 1535 filiis
2992 1480 3054 1534 et

499 1560 579 1601 ²²·
698 1577 1033 1659 posteritati
1088 1575 1548 1656 providendum:
1615 1593 1792 1637 nemo
1853 1583 2048 1638 aratro
2103 1592 2343 1636 manum
2397 1574 2711 1653 imponens
2764 1582 2826 1636 et
2878 1582 3050 1636 retro

395 1687 974 1758 Luc-1x‚⁶2·spectans
1020 1686 1188 1758 aptus
1235 1684 1330 1737 est
1368 1675 1591 1755 ‘operi
1682 1676 1804 1737 Sed
1847 1674 2271 1738 condicionalis
2318 1687 2545 1737 eram·:
2590 1694 2766 1737 nemo
2811 1675 3051 1738 duobus

392 1778 963 1840 Matth-V1.24-dominis
1019 1778 1244 1839 servire
1299 1785 1519 1858 potest.
1608 1777 1672 1838 Si
1727 1777 1816 1839 vis
1867 1778 2094 1838 domini
2147 1776 2487 1855 discipulus·
2533 1792 2701 1848 esse,
2771 1773 3049 1837 ‘crucem

391 1888 545 1932 Matth·
592 1885 863 1941 XVLtuam
903 1879 1079 1941 tollas
1123 1887 1185 1939 et
1222 1877 1532 1940 dominum
1576 1879 1842 1957 sequaris
1887 1897 2137 1940 necesse
2190 1886 2315 1951 est,
2369 1876 2432 1942 id
2475 1884 2601 1950 est,
2646 1875 2943 1955 angustias
2989 1882 3056 1937 et

536 1959 555 1997 ⁴
705 1981 996 2043 cruciatus
1053 1989 1218 2055 tuos,
1275 1979 1367 2040 vel
1423 1998 1641 2058 corpus
1697 1980 1924 2054 solum,
1982 1979 2177 2058 ''quod
2232 1978 2296 2038 in
2349 1976 2594 2039 modum
2653 1977 2842 2039 crucis
2897 1976 3051 2039 ests.
3095 2018 3100 2021 -

701 2066 1006 2155 Parentes,
1051 2081 1356 2158 coniuges,
1401 2080 1572 2141 liberi
1615 2088 1868 2160 propter
1906 2080 2084 2141 deum
2126 2078 2495 2158 relinquendi
2540 2086 2732 2139 erunt.
2816 2078 2902 2139 De
2944 2096 3051 2140 ar-

700 2181 859 2243 tibus
918 2190 978 2242 et
1031 2180 1526 2259 negotiationibus
1586 2189 1646 2241 et
1701 2181 1776 2242 de
1831 2179 2312 2261 professionibus
2380 2178 2555 2240 etiam
2609 2178 2931 2239 liberorum
2989 2186 3056 2238 et

700 2290 1013 2362 parentum
1059 2300 1234 2342 causa
1278 2280 1594 2363 ⁸dubitas?
1680 2282 1806 2342 Iam
1863 2290 2000 2342 tunc
2058 2282 2525 2342 demonstratum
2584 2287 2677 2340 est
2741 2277 2916 2339 nobis
2994 2287 3055 2339 et

700 2382 1019 2462 ’pignera‘
1065 2391 1124 2443 et
1166 2379 1409 2442 artificia
1455 2388 1515 2442 et
1566 2381 1807 2461 negotia
1850 2382 2149 2462 ¹⁰propter
2202 2380 2508 2486 dominum
2570 2378 3052 2458 derelinquenda,

840 2515 957 2580 Cap.
992 2515 1093 2565 ΧΙΙ.
1178 2515 1221 2564 1.
1259 2515 1332 2564 sui
1366 2516 1418 2565 A.
1544 2514 1592 2564 2.
1629 2516 1814 2580 ceperit
1848 2519 1894 2567 b.
2029 2515 2077 2567 3.
2116 2516 2368 2566 defunctus
2400 2515 2552 2565 Aaou.
2637 2515 2851 2564 defectus
2887 2515 2935 2562 b.
2973 2515 3053 2564 Pr.

704 2584 880 2634 lunius.
1019 2581 1066 2630 4.
1104 2590 1150 2631 et
1198 2582 1415 2645 exempla
1463 2584 1506 2633 b.
1555 2584 1686 2634 Fulv.
1737 2583 1946 2633 Ursinus.
2085 2583 2133 2632 5.
2182 2585 2337 2647 operi.
2387 2582 2481 2632 Sed
2521 2585 2564 2633 b.
2670 2582 2844 2645 Operis
2880 2589 2929 2630 et
2961 2583 3052 2631 AB.

705 2650 866 2714 Opera
901 2655 949 2698 et
987 2648 1065 2699 Co.
1202 2647 1248 2698 6.
1290 2664 1479 2698 crucem
1518 2667 1606 2700 om.
1643 2652 1694 2701 A.
1832 2651 1880 2701 7.
1919 2651 2048 2715 quod
2102 2653 2148 2700 in
2187 2651 2382 2701 modum
2420 2649 2576 2700 crucis
2612 2658 2688 2699 est
2721 2652 2766 2700 ὁ.
2836 2649 2966 2713 quod
3003 2650 3054 2699 in

705 2718 901 2767 modum
939 2712 1306 2782 christus‘Qrfis
1341 2718 1412 2776 Α.)
1447 2726 1522 2767 est
1554 2719 1643 2768 AB.
2709 2718 2836 2781 quod
2871 2718 2920 2765 in
2959 2718 3053 2794 do-

1376 2851 1425 2902 9.
1462 2853 1661 2916 pignera
1694 2853 1816 2904 ABG.
1886 2856 2087 2919 pignora
2122 2855 2310 2917 reliqui.
2343 2924 2353 2931 ·
2417 2851 2497 2901 10.
2531 2860 2733 2918 propter
2767 2783 3054 2902 Jiiodffnu

1747 2720 1877 2782 quod
1911 2721 1958 2769 in
1997 2720 2191 2768 domum
2230 2718 2408 2769 Christi
2452 2727 2525 2767 est
2563 2717 2638 2768 Ga.

706 2784 855 2835 minio
894 2785 1069 2834 Christi
1109 2792 1182 2834 est
1214 2785 1291 2834 Fr.
1326 2786 1502 2834 Iunius.
1590 2784 1717 2849 quod
1768 2786 1814 2835 in
1853 2787 2047 2837 modum
2088 2786 2263 2836 Christi
2299 2793 2372 2835 est
2407 2787 2473 2836 La
2513 2784 2670 2834 Cerdo.

697 2854 882 2903 inducit
919 2853 1011 2902 Ios.
1048 2854 1271 2916 Scoliyer.

774 2954 820 3001 h.
859 2948 1250 3017 supplaudimus]
1287 2953 1339 3001 In
1377 2954 1471 3002 fine
1508 2952 1679 3016 capitis
1721 2954 1839 3012 „Sic

706 3028 865 3070 tamen
900 3023 1037 3070 nobis
1073 3023 1130 3069 de
1164 3020 1530 3070 mansuetudine
1555 3029 1603 3071 et
1623 3021 1837 3071 clemen-

705 3089 771 3137 tia
809 3086 1277 3138 dei'blandiamur.“

1993 2955 2025 3003 f.
2063 2952 2191 3016 quod
2229 2953 2275 3001 in
2300 2953 2493 3001 modum
2521 2953 2677 3002 crucis
2702 2950 2799 3014 est]
2835 2952 2900 3001 Ad
2924 2951 3056 3001 Natt-

1926 3022 1963 3082 Ι.
2004 3019 2080 3071 12.
2131 3020 2261 3083 „ipsi
2311 3035 2502 3083 quoque
2543 3021 2736 3084 corpori
2769 3027 2942 3069 nostro
2980 3028 3054 3068 ta-

1925 3091 2015 3138 cita
2071 3095 2119 3137 et
2169 3095 2355 3136 secreta
2405 3088 2531 3137 linea
2581 3088 2742 3137 ‘crucis
2790 3088 2912 3136 situs
2962 3094 3056 3136 est.

775 3170 816 3205 c.
854 3151 1177 3218 obsignatam]
1215 3155 1475 3217 Baptismo.
1513 3154 1587 3203 Ct'.
1623 3153 1691 3202 De
1713 3154 1837 3217 Spe-

710 3230 827 3272 ctac.
866 3235 971 3283 cap.
1013 3221 1094 3270 24.
1145 3220 1350 3279 „Nonne
1397 3222 1639 3269 eieramus
1676 3230 1724 3269 et
1757 3236 1837 3270 re·-

708 3287 974 3339 scindimus
1011 3288 1300 3386 signaculum
1332 3287 1652 3337 rescindendo
1690 3294 1838 3338 testa-

709 3356 889 3404 tionem
926 3353 1031 3401 eius
1052 3355 1109 3401 .“

779 3420 825 3468 d.
863 3415 1099 3483 aedificis]
1135 3419 1327 3483 Aedisex
1362 3428 1436 3469 est
1470 3421 1530 3468 ab
1564 3422 1838 3484 aedifacere,

710 3494 763 3535 nt
796 3488 1062 3548 aedificator
1096 3486 1156 3535 ab
1192 3488 1449 3550 aedificare.
1521 3488 1602 3537 Sic
1645 3488 1839 3537 diceba-

711 3560 789 3604 tur
814 3555 1120 3616 mynisacere
1151 3561 1197 3602 et
1222 3557 1841 3623 moynificare,‚siynisucere

712 3627 761 3670 et
785 3621 1059 3684 siqnilicare,
1099 3622 1354 3682 ludifacere
1389 3631 1439 3673 et
1472 3623 1727 3686 ludificare,
1765 3625 1837 3673 lu-

712 3690 932 3752 crifacere
966 3695 1013 3737 et
1049 3685 1316 3751 lucrificare.

780 3770 824 3805 e.
870 3755 958 3804 sed
1005 3757 1351 3810 condicionalis
1387 3753 1542 3822 eram]
1596 3757 1842 3808 Condicio-

709 3823 835 3872 nalis
894 3823 1183 3883 generaliter
1238 3824 1412 3874 dicitur
1468 3839 1636 3874 servus
1682 3831 1840 3874 certae

717 3888 986 3939 condicioni
1012 3891 1281 3954 adscriptus
1301 3900 1347 3941 et
1371 3894 1686 3955 mancipatus,
1713 3890 1840 3956 apud

711 3955 855 4006 lCtos
908 3958 1102 4021 propria
1153 3960 1499 4019 significatione
1545 3960 1625 4023 qui
1673 3960 1841 4008 condi-

716 4023 841 4072 cioni
875 4024 1244 4074 ministrantium
1267 4027 1571 4089 publicorum
1597 4035 1727 4075 extra
1760 4043 1842 4075 or-

714 4089 875 4139 dinem
912 4100 986 4140 est
1020 4093 1306 4156 adscriptae.
1362 4095 1479 4145 Cod.
1517 4094 1702 4159 Theod.
1726 4094 1846 4154 vlu,

719 4157 765 4217 1,
804 4155 852 4217 3,
889 4157 936 4206 5.
985 4160 1322 4219 „Annonarios
1368 4170 1416 4211 et
1458 4165 1700 4211 actuarios
1736 4178 1847 4211 con-

715 4225 969 4276 dictantes
1005 4241 1113 4276 esse
1150 4230 1527 4292 praecipimu3.“
1578 4228 1698 4279 ibid.
1727 4229 1845 4288 vm,

721 4291 833 4351 1,·1.
872 4293 1040 4352 „Licet
1075 4295 1409 4346 condicionalis
1446 4297 1543 4346 sint
1565 4311 1689 4361 quos
1707 4297 1846 4357 vulgo

716 4358 982 4409 tabularios
1038 4363 1340 4426 appellant.“
1412 4363 1529 4413 lhid.
1580 4365 1634 4424 Χ,
1699 4363 1745 4424 1,
1799 4363 1849 4413 5.

690 4427 1180 4489 .,‚lnterrogationem
1218 4432 1402 4491 baberi,
1457 4446 1579 4494 quae
1616 4446 1704 4495 per
1738 4447 1849 4481 con-

716 4496 972 4548 dictionales
1008 4511 1171 4546 servos
1221 4499 1543 4560 investiganda
1582 4497 1710 4547 est.“
1776 4500 1848 4547 Cf.

717 4561 918 4611 Dirksen
953 4561 1171 4613 Manuale
1206 4580 1247 4613 s.
1284 4581 1325 4614 v.
1362 4581 1411 4627 p.
1454 4564 1564 4614 184.
1606 4563 1848 4615 et.Desid.

723 4627 916 4678 Herald.
955 4631 1013 4680 ad
1049 4631 1231 4681 Arnob.
1266 4647 1314 4694 p.
1357 4630 1451 4680 145
1488 4645 1563 4693 sq.

1925 3156 2063 3215 Quod
2102 3163 2240 3217 caput
2278 3154 2466 3213 emicat,
2504 3156 2630 3218 quod
2652 3156 2788 3217 spina
2816 3154 3058 3216 dirigitur,

1926 3223 2054 3287 quod
2105 3224 2413 3271 humerorum
2451 3222 2716 3285 obliquatio
2743 3221 2963 3280 excedit,
3012 3221 3056 3270 si

1925 3289 2152 3340 statueris
2213 3291 2458 3340 hominem
2521 3291 2744 3339 manibus
2811 3291 3055 3351 expansis,

1924 3358 2181 3419 imaginem
2219 3358 2377 3406 crucis
2413 3356 2635 3406 seeerssf‘
2675 3414 2683 3417 Δ

1992 3440 2034 3487 g.
2073 3420 2296 3488 pignera]
2336 3424 2560 3487 Expressi
2585 3432 2794 3473 veteram
2819 3422 3056 3472 librorum

1925 3493 2334 3555 orthographiam.
2405 3492 2566 3540 Altero
2608 3489 2718 3539 loco
2754 3491 2819 3539 Ad
2856 3491 2984 3540 Natt.
3019 3490 3058 3550 1,

1928 3561 2006 3609 15.
2048 3561 2169 3609 liber
2202 3558 2437 3620 Agebardi
2488 3560 2631 3607 hahet
2661 3560 2873 3622 piynora.
2946 3557 3057 3607 Λᾶν.

1924 3627 2153 3677 Marcion.
2210 3626 2259 3685 V,
2317 3625 2394 3675 12.
2451 3634 2496 3675 et
2549 3628 2750 3689 Apolog.
2814 3624 2892 3677 13.
2948 3625 3057 3674 libri

1925 3694 2091 3757 scripti
2130 3694 2362 3757 praebent
2393 3696 2678 3757 pionerando
2704 3702 2750 3742 et
2773 3695 3055 3757 pigneratos,

1924 3769 1971 3811 et
2014 3763 2257 3824 piynerare
2311 3776 2364 3809 ex
2415 3761 2507 3810 fide
2563 3762 2796 3810 librorum
2846 3775 2961 3810 mss.
3011 3760 3057 3808 in

1924 3829 2123 3892 Apuleio
2177 3828 2354 3890 ubique
2403 3829 2641 3878 edi-ndum
2679 3830 2856 3878 curavit
2891 3827 3059 3877 Hilde-

1924 3897 2156 3954 brandus,
2203 3911 2345 3959 que-m
2394 3897 2497 3945 vide
2533 3897 2594 3944 ad
2633 3896 2820 3944 Metam.
2859 3895 2940 3953 ΙΙΙ,
2982 3893 3061 3944 12.

1926 3972 2043 4013 tom.
2095 3964 2132 4023 1,
2178 3978 2225 4027 p.
2270 3963 2382 4012 171.
2456 3964 2718 4026 Utrumque
2773 3970 2822 4011 et
2863 3965 3062 4026 plynora

1928 4039 1975 4080 et
2008 4033 2198 4094 pignero
2234 4031 2279 4079 in
2320 4045 2407 4079 usu
2446 4032 2595 4078 fuisse
2634 4031 2770 4078 testis
2806 4044 2931 4079 unus
2956 4030 3060 4078 sul*-

1931 4099 2058 4147 [leiat
2106 4099 2333 4146 Priscian.
2387 4098 2458 4156 vl,
2505 4112 2556 4161 p.
2592 4096 2707 4147 281.
2745 4098 2822 4146 lir.
2870 4098 3063 4159 Pignera

1932 4166 2024 4214 dici
2062 4166 2199 4224 vulgo
2240 4165 2419 4213 liberos
2459 4174 2622 4213 notum
2662 4171 2750 4213 est.
2815 4164 2863 4211 V.
2903 4164 3061 4212 Burm.

1931 4233 1990 4282 ad
2029 4232 2280 4293 Antholog.
2319 4232 2420 4280 Lat.
2458 4231 2643 4295 Ep.‚11‚
2679 4230 2762 4281 26.
2825 4230 3060 4280 Drakenb.

1931 4300 1992 4352 ad
2029 4300 2124 4348 Liv.
2164 4299 2247 4358 nl,
2283 4297 2364 4348 38.
2423 4298 2636 4348 Hildebr.
2683 4300 2743 4347 ad
2791 4299 2928 4361 Apul.
2965 4297 3060 4347 ble-

1933 4376 2046 4416 tam.
2085 4366 2144 4426 ΙΙ,
2193 4366 2241 4414 5.
2278 4381 2325 4429 p.
2364 4361 2445 4415 84.
2495 4375 2543 4415 et
2586 4367 2645 4415 ad
2679 4366 2859 4415 Arnob.
2894 4365 2946 4424 V,
2985 4363 3061 4413 13.

1934 4433 2139 4484 Tertuil.
2184 4434 2252 4483 Ad
2299 4433 2425 4484 Nau.
2473 4433 2511 4492 1,
2566 4433 2645 4482 15.
2692 4434 2860 4498 „quod
2909 4440 3060 4481 vestra

1927 4503 2130 4566 piqnoro
2177 4501 2501 4561 extinguitis.“
2571 4500 2690 4550 lhid.
2742 4501 2800 4559 ΙΙ,
2848 4499 2896 4549 9.
2948 4497 3060 4562 ‚mni

1937 4582 2025 4631 pro
2074 4566 2227 4617 salute
2275 4567 2545 4630 principum
2595 4576 2644 4616 et
2687 4567 2861 4634 domus
2897 4580 3064 4615 eorum

1937 4635 2165 4685 adversus
2223 4633 2405 4685 liberos
2461 4643 2508 4684 ct
2554 4636 2782 4697 coniuges
2831 4641 2878 4684 et
2921 4646 3063 4684 omne
