3263 5311
1274 446 1615 491 sconrucr..
1922 448 1931 459 ·
2014 414 2019 427 ⁸
2497 436 2625 513 525
2694 514 2701 524 Δ

271 592 510 656 eicere:
551 593 869 665 Viden-inv,
911 595 1051 657 dum
1095 597 1194 658 hie
1236 598 1388 659 ordo
1430 607 1705 661 terrenae
1747 598 2233 680 interrogationis
2276 608 2341 662 et
2380 602 2623 664 confes-

269 694 468 756 sionis
507 694 639 757 “ex
681 695 924 757 materia
987 696 1309 759 decurrens
1365 698 1811 779 persecutionis·
1856 708 1917 761 et
1968 699 2301 763 discordiae
2352 701 2623 781 pubiicae

266 795 334 857 in
377 813 598 857 nomen
644 797 843 859 salvus
885 797 969 859 sit
1011 816 1156 860 suae
1199 799 1367 873 fidei,
1426 799 1564 861 “ita
1607 799 1967 862 credendum
2011 801 2120 875 sit,
2166 803 2320 863 sicut
2364 812 2425 863 et
2466 803 2621 865 seri-

263 895 459 971 unu,
503 895 586 957 ita
627 897 1088 977 intellegendum
1131 898 1296 973 nsit,
1355 884 1538 961 sicuti'
1573 900 1829 963 auditur.
1916 902 2027 963 Hie
2069 920 2309 963 onmem
2352 902 2621 964 ominem

265 996 630 1071 “anatinam
707 998 840 1078 ipso
883 999 1128 1060 domino
1184 1018 1308 1061 non
1362 1000 1534 1062 aliam
1587 1002 1892 1081 regionem
1947 1003 2154 1064 mundi
2206 1003 2616 1065 ”destinante

233 1094 250 1100 ”
269 1099 430 1172 Quid
473 1099 632 1161 euim
674 1106 820 1178 post
858 1100 1262 1163 eonfesaionis
1306 1109 1367 1161 et
1407 1102 1741 1181 negationis
1773 1103 2089 1172 terminum
2112 1102 2465 1182 subiungit?
2535 1103 2623 1166 Ne
2647 1085 2870 1196 χξίέῗξὰς,

266 1199 618 1279 putaveritis
660 1200 902 1285 venisse
943 1219 1073 1273 me,
1121 1201 1205 1261 uti
1250 1219 1454 1281 pacem
1497 1203 1728 1265 mittam
1758 1204 1819 1264 in
1848 1212 2067 1267 terram
2087 1253 2102 1279 ‚
2147 1203 2309 1267 ⁷⁰sed
2341 1202 2619 1265 machae-

267 1300 431 1374 ram,
477 1308 636 1362 certe
680 1301 744 1362 in
785 1309 1028 1363 terram.
1083 1302 1228 1363 Veni
1258 1303 1416 1363 enim
1446 1302 1713 1365 dividere
1738 1305 2041 1367 hominem
2070 1305 2358 1367 adversus
2389 1312 2619 1383 patrem

267 1418 446 1463 suum
493 1410 553 1462 et
594 1401 772 1463 filiam
801 1402 1086 1464 adversus
1116 1403 1158 1434 ⁷¹
1174 1410 1424 1464 matrem
1470 1422 1640 1466 suam
1684 1413 1745 1466 et
1787 1425 2027 1467 socrum
2073 1407 2354 1468 adversus
2398 1424 2615 1467 nurum

263 1520 490 1575 sunm,⁴
538 1510 598 1563 et
639 1502 860 1565 inimici
903 1502 1221 1564 ⁷²hominis
1280 1504 1592 1566 domestici
1648 1507 1764 1567 sui.
1873 1506 1976 1567 Sic
2015 1507 2173 1568 enim
2216 1507 2495 1579 efficitur,
2552 1516 2619 1568 ut
2644 1489 2830 1596 χῖίξῖᾞῐ,

263 1604 460 1665 tradat
501 1604 686 1664 irater
725 1604 962 1665 fratrem
1008 1604 1070 1663 in
1112 1613 1368 1666 mortem
1413 1613 1474 1666 et
1514 1613 1684 1685 pater
1724 1606 1942 1681 filium,
1990 1616 2050 1669 et
2087 1608 2394 1686 insurgant
2420 1607 2523 1668 filii
2552 1607 2613 1668 in
2652 1644 2665 1651 —

261 1712 575 1783 parentes,
637 1712 699 1766 et
740 1704 894 1765 mori
937 1723 1046 1765 eos
1091 1705 1324 1768 faciant.
1409 1706 1486 1766 Et
1527 1706 1627 1785 qui
1671 1708 2021 1771 sustinuerit
2060 1708 2123 1769 in
2166 1708 2375 1780 finem,
2438 1708 2615 1770 ³³iste

263 1804 346 1865 sit
390 1804 614 1865 salvus.
699 1803 861 1865 Adeo
906 1805 1124 1865 '‘totus
1167 1806 1321 1867 ⁷⁵hic
1364 1808 1513 1869 ordo
1557 1795 2330 1881 dominicae·⁷⁶machaerae
2384 1826 2507 1870 non
2550 1808 2611 1870 in

261 1906 494 1967 caelum
537 1906 792 1978 missae,
840 1906 948 1967 sed
991 1906 1106 1966 ⁷⁷in
1154 1915 1402 1979 ten-am,
1431 1907 1570 1977 ‘illic
1595 1909 1904 1970 constituit
1932 1909 2107 1970 etiam
2149 1909 2612 1985 consessionem,

263 2024 419 2085 quae
463 2005 525 2066 in
568 2007 747 2067 finem
792 2006 1141 2069 sustinendo
1186 2026 1436 2087 passura
1482 2017 1578 2069 est
1619 2020 1896 2071 mortem.

435 2106 658 2167 Eadem
702 2107 881 2186 igitur
920 2108 1110 2168 forma
1156 2116 1351 2169 cetera
1396 2127 1635 2188 quoque
1666 2110 1741 2170 ad
1770 2111 2031 2189 martyrii
2062 2108 2277 2173 §tatum
2307 2111 2611 2191 pertinere
2653 2135 2849 2193 capsi.

259 2206 660 2277 defendimus·
729 2208 844 2279 Qui
887 2208 1108 2288 pluris,
1158 2209 1407 2287 ¹inquit‚
1452 2210 1660 2270 fecerit
1703 2210 1876 2271 etiam
1920 2210 2176 2286 animam
2221 2230 2389 2273 suam
2430 2213 2908 2320 quamffl‘iih'fffi'aej

258 2327 394 2381 me,
440 2327 562 2369 non
607 2316 704 2370 est
745 2327 841 2369 me
886 2309 1132 2388 dignae,
1201 2309 1262 2369 id
1303 2317 1400 2370 est
1438 2310 1538 2388 qui
1583 2310 1857 2372 maluerit
1899 2312 2095 2373 vivere
2149 2312 2279 2374 'me
2343 2313 2615 2392 negando

259 2428 439 2489 quam
483 2410 636 2470 mori
695 2409 1064 2481 confitendo,
1130 2408 1257 2481 θοι,
1319 2409 1436 2481 Qui
1476 2409 1731 2471 animam
1779 2430 1945 2473 suam
2004 2412 2323 2488 invenerit,
2365 2414 2615 2494 ⁴perdet

259 2511 454 2583 iliam,
501 2510 602 2590 qui
644 2527 787 2570 vero
819 2509 1179 2587 ‘perdiderit
1222 2509 1587 2583 meiscausa,
1636 2511 1895 2574 inveniet
1921 2512 2098 2574 illam.
2132 2513 2421 2576 .·Proinde
2452 2516 2611 2577 enim

259 2611 522 2673 ‘invenit
565 2610 730 2672 'eam
775 2611 877 2690 qui
919 2618 1098 2690 negat
1135 2611 1282 2673 lucri
1343 2612 1610 2690 faciendo
1668 2613 1877 2687 vitam,
1942 2613 2086 2675 ‘sed
2145 2616 2353 2694 perdet
2394 2615 2454 2676 in
2500 2634 2607 2693 ge-

258 2714 517 2774 hennam
591 2712 691 2791 qui
751 2730 816 2772 se
881 2719 1050 2792 putat
1105 2712 1376 2790 negando
1433 2713 1578 2774 lucri
1635 2715 1827 2776 facere
1884 2734 2032 2777 eam.
2142 2715 2360 2776 Perdet
2414 2724 2609 2776 autem

261 2833 398 2875 eam
440 2813 514 2874 ad
555 2831 842 2892 praesens
899 2813 999 2892 qui
1043 2815 1359 2874 confessus
1404 2814 1723 2887 occiditur,
1784 2815 1930 2876 ⁹sed
1985 2825 2045 2877 et
2086 2815 2435 2876 inventurus
2479 2834 2610 2876 eam

262 2913 332 2973 in
374 2913 553 2973 vitam
596 2923 914 2976 aeternam.
986 2913 1108 2993 Ipsi
1153 2914 1407 2993 denique
1461 2914 1770 2998 praesides
1827 2933 1961 2976 cum
2019 2915 2383 2976 ¹⁰hortantur
2424 2933 2607 2994 nega-

261 3012 453 3086 tioni,
501 3013 679 3076 Serva
718 3015 971 3076 animam
1017 3012 1242 3076 tuam⁰!
1308 3014 1541 3087 dicunt,
1591 3015 1737 3087 ¹¹et‚
1783 3015 1915 3077 Noli
1961 3016 2214 3077 animam
2261 3025 2420 3078 tuam
2465 3034 2608 3095 per-

255 3200 346 3250 65.
383 3207 432 3249 et
481 3202 675 3250 materia
711 3202 763 3252 A.
879 3201 960 3251 66.
1011 3210 1062 3250 ut
1098 3202 1159 3251 ita
1211 3203 1254 3251 b.
1289 3201 1418 3250 Fulv.
1460 3202 1669 3252 Ursinus.
1791 3201 1873 3251 67.
1923 3201 1985 3251 sit
2032 3202 2100 3251 uti
2150 3202 2338 3252 auditur
2371 3205 2421 3252 A.
2527 3201 2611 3252 68.

253 3268 477 3317 sustineo
517 3267 624 3319 Cab.
695 3270 938 3319 sustinens
972 3269 1060 3319 AB.
1156 3268 1239 3317 69.
1277 3267 1594 3318 destinantem
1633 3270 1720 3319 AB.
1811 3269 1893 3318 70.
1929 3269 2017 3318 sed
2053 3269 2355 3319 machaeram
2389 3270 2442 3320 A.
2513 3284 2610 3319 uon

251 3337 395 3396 veni,
431 3334 516 3384 sed
557 3343 607 3386 ut
642 3336 945 3386 machaeram
981 3335 1168 3401 reliqui.
1273 3335 1353 3385 71.
1391 3345 1592 3385 matrem
1633 3345 1679 3385 et
1713 3350 1906 3385 socrum
1942 3338 1993 3386 A.
2097 3335 2179 3386 72.
2216 3337 2426 3386 hominis
2456 3334 2609 3403 ΑφΒ.

252 3403 442 3452 bomini
477 3404 665 3468 reliqui.
769 3403 850 3453 73.
887 3405 978 3454 iste
1013 3405 1075 3453 sit
1110 3404 1270 3453 salvus
1302 3401 1402 3465 Αβ.
1490 3402 1580 3453 iste
1630 3404 1791 3454 salvus
1827 3405 1918 3454 erit
1952 3401 2105 3469 (Αφ.)
2188 3405 2266 3454 hic
2313 3406 2471 3454 salvus
2520 3405 2612 3458 erit

250 3472 445 3534 reliqui.
550 3470 633 3521 74.
670 3478 800 3522 totus
835 3472 1092 3536 ABm9Cab.
1164 3479 1294 3520 tutus
1331 3472 1380 3519 B.
1414 3515 1436 3524 ,
1497 3471 1578 3521 75.
1617 3472 1696 3521 hic
1732 3488 1819 3521 om.
1844 3473 1906 3522 .A.
2013 3471 2094 3522 76.
2134 3473 2387 3522 macherae
2421 3474 2490 3533 A„
2539 3474 2614 3522 uti

251 3540 353 3587 iam
387 3554 543 3602 supra.
617 3539 853 3589 maceriae
889 3540 938 3588 B.
1045 3539 1129 3588 77.
1166 3539 1213 3588 in
1252 3546 1429 3588 terram
1465 3540 1547 3589 Ab.
1618 3539 1665 3588 in
1702 3547 1857 3589 terras
1891 3541 2077 3604 reliqui.
2430 3553 2437 3560 ·

396 3605 513 3670 Cap.
550 3606 626 3656 xl.
701 3606 746 3655 1.
784 3607 949 3670 inquid
985 3604 1081 3669 Αβ.
1171 3605 1218 3655 2.
1263 3620 1339 3655 me
1374 3621 1462 3656 om.
1479 3607 1530 3655 A.
1617 3605 1664 3656 3.
1704 3614 1751 3656 et
1786 3607 1866 3671 qui
1902 3612 1953 3657 A.
2025 3606 2104 3670 qui
2139 3608 2325 3671 reliqui.
2406 3606 2454 3656 4.
2495 3622 2608 3670 per-

250 3668 459 3736 ditAtp.
540 3673 589 3723 5.
625 3674 892 3737 perdiderit
925 3674 1019 3722 mei
1057 3688 1199 3723 causa
1236 3675 1316 3725 Ab.
1386 3673 1652 3737 perdiderit
1686 3673 1818 3723 iliam
1856 3675 1950 3724 mei
1988 3689 2129 3724 causa
2164 3676 2351 3739 reliqui.
2448 3672 2494 3722 6.
2533 3675 2608 3722 iu-

251 3741 385 3789 venit
418 3736 685 3802 (Amacab.
757 3741 962 3794 inveniet
997 3738 1151 3806 (Αφ.)
1254 3741 1301 3790 7.
1339 3755 1444 3790 eam
1483 3742 1562 3805 qui
1601 3750 1743 3804 negat
1778 3746 1829 3792 A.
1917 3755 2021 3789 eam
2060 3742 2140 3804 qui
2178 3741 2363 3802 negarit
2400 3742 2441 3790 b.
2526 3740 2610 3789 ille

252 3807 340 3871 qni
378 3808 564 3869 negarit
596 3810 781 3873 reliqui.
873 3807 919 3858 8.
957 3816 1011 3858 ut
1043 3808 1216 3873 perdet
1249 3809 1413 3859 Franc.
1449 3809 1626 3858 lunius.
1720 3808 1768 3857 9.
1808 3808 1893 3856 sed
1932 3816 1978 3856 et
2011 3809 2062 3857 A.
2133 3808 2218 3856 sed
2254 3808 2438 3870 reliqui.
2529 3806 2609 3856 10.

249 3874 514 3924 hortantur
545 3872 690 3941 Αφὸ.
767 3890 875 3925 cum
913 3883 1132 3925 ertantur
1164 3873 1261 3937 Αβ.
1331 3889 1444 3948 pum
1482 3875 1796 3924 cohortantur
1828 3875 2012 3938 reliqui.
2120 3874 2199 3923 11.
2236 3875 2278 3923 ei
2315 3874 2423 3922 Noli
2458 3872 2510 3922 B.

325 4056 368 4090 s.
407 4037 631 4108 viderint]
683 4037 913 4102 Viderint,
969 4044 1139 4107 inquit,
1174 4043 1264 4104 ini,
1302 4043 1381 4106 qui
1487 4041 1619 4091 liaris
1657 4048 1730 4090 est
1753 4041 2051 4091 Tertulliano
2085 4041 2191 4091 vide
2226 4055 2351 4105 quae
2386 4040 2609 4091 adnotata

250 4109 617 4161 contessionem
654 4111 702 4159 in
740 4110 928 4160 caelum
965 4112 1277 4168 transierunt,
1312 4110 1382 4160 vi·-
1484 4116 1599 4159 suut
1635 4109 1695 4158 ad
1732 4109 1799 4158 De
1836 4108 2026 4159 Corona
2070 4107 2276 4172 σεεμ-13.
2512 4113 2524 4125 ·

249 4176 434 4236 derint,
470 4192 531 4227 an
567 4192 672 4227 eam
701 4178 764 4227 ibi
787 4178 1082 4238 inveneriut;
1117 4176 1381 4227 dnmmodo
1554 4177 1765 4240 Cap.Xl.
1802 4191 1843 4225 a.
1883 4176 2028 4226 Serva
2049 4170 2462 4241 auimamtuam!]
2479 4176 2610 4226 Cou-

247 4243 400 4294 nobis
459 4245 538 4295 hic
595 4252 817 4295 terrenae
876 4246 1201 4294 confessionis
1260 4244 1381 4293 ordo
1485 4243 1672 4294 similes
1720 4244 1907 4295 Paterni
1953 4244 2266 4296 Proconsulis
2313 4244 2372 4293 ad
2410 4244 2610 4307 Cypria-

247 4310 418 4362 saivus
453 4313 517 4362 sit
549 4313 661 4363 ndei
697 4327 833 4374 suae,
870 4311 1133 4363 dummodo
1170 4312 1235 4361 ita
1274 4326 1382 4361 cre-
1487 4325 1600 4361 uum
1638 4326 1781 4362 voces
1816 4318 2076 4362 occurrunt
2110 4312 2158 4360 in
2196 4312 2395 4364 historia
2416 4312 2610 4375 passio-

246 4378 467 4430 dentium
503 4381 584 4440 sit,
621 4379 866 4444 quomodo
902 4380 1133 4430 scribitur
1167 4379 1227 4429 de
1252 4379 1381 4429 eain
1485 4378 1561 4428 nis
1596 4379 1849 4430 fortissimi
1885 4379 2124 4444 martyris,
2161 4393 2282 4442 quas
2318 4386 2365 4427 et
2387 4379 2611 4439 Augusti-

244 4448 410 4497 sacris
444 4449 719 4513 scripturis,
756 4447 1020 4498 dummodo
1048 4446 1218 4497 barum
1239 4447 1382 4497 verba
1484 4459 1577 4494 nus
1613 4448 1816 4508 exagitat
1850 4446 2007 4497 Serm.
2048 4445 2109 4494 de
2144 4446 2315 4501 eodem
2355 4445 2608 4508 Cypriane.

244 4517 318 4565 ita
355 4516 680 4579 intellegenda
733 4516 847 4576 sint,
894 4515 1139 4579 quomodo
1175 4515 1383 4565 audiun·
1482 4512 1698 4572 (Rigalt.)
1749 4514 1801 4562 V.
1838 4513 2056 4568 Desidet.
2091 4512 2286 4563 Heraid.
2321 4511 2380 4560 ad
2405 4510 2605 4575 Apolog.

245 4591 349 4645 tur,
399 4584 449 4634 id
487 4584 617 4648 quod
653 4595 944 4648 persuasum
980 4583 1232 4632 habemus.
1305 4581 1383 4631 De
1486 4595 1590 4644 cap.
1613 4579 1696 4629 27.
1732 4578 1916 4644 p.113.
2642 4595 2647 4600 ·

243 4652 502 4703 locutione
535 4653 754 4714 viderint,
793 4665 917 4716 quae
941 4647 1202 4701 adinodum
1237 4649 1382 4702 Iami-
