3263 5311
340 1008 448 1065 Gap.
459 1005 626 1065 xxxa.

635 431 761 494 236
1149 444 1350 494 onim-1
1396 441 1658 484 senriuu
1703 439 2033 483 nonanus
2079 438 2472 503 reni-unuani

634 615 747 679 pro
792 593 1031 675 regibus
1077 600 1137 655 et
1177 573 1292 673 pro
1332 589 1700 672 principibus
1731 598 1794 653 et
1819 588 2251 671 potestatibus,
2297 598 2364 651 ut
2392 588 2592 674 omnia
2621 589 2663 623 ¹⁰
2678 587 2994 669 tranquilla

637 699 763 761 sint
803 695 996 758 vobis,
1063 693 1211 755 Cum
1253 692 1414 755 enim
1457 692 1793 755 concutitur
1833 691 2180 774 imperinm,
2226 691 2540 754 concussis
2571 689 2745 753 etiam
2775 689 2992 752 ceteris

638 797 927 863 membris
973 795 1104 858 eius
1148 794 1351 876 utique
1395 800 1456 856 et
1496 813 1647 869 nos,
1712 793 1851 856 lieet
1904 792 2168 857 extranei
2223 810 2256 855 a
2290 791 2492 865 ‚uirbis
2537 792 2575 825 ¹¹
2588 791 2993 865 aestimemur,

642 901 706 963 in
749 900 944 980 aliquo
987 899 1122 959 loco
1166 914 1343 959 casus
1387 896 1745 959 invenimur.

725 1052 738 1064 .
807 1001 918 1063 Est
960 1007 1022 1061 et
1063 998 1172 1060 alia
1214 997 1408 1060 maior
1446 997 1777 1060 necessitas
1830 995 2009 1059 nobis
2077 995 2287 1057 orandi
2337 1012 2451 1074 pro
2507 993 2994 1074 imperatoribus,

638 1104 852 1167 ¹etiam
893 1120 1004 1181 pro
1051 1098 1213 1162 omni
1260 1106 1418 1160 statu
1460 1098 1693 1178 imperii
1737 1097 2037 1186 rebusque
2081 1095 2365 1158 Romanis
2381 1144 2397 1169 ,
2458 1096 2597 1176 'qui
2638 1096 2755 1158 vim
2798 1094 2996 1158 maxi-

642 1223 801 1268 mam
843 1202 1125 1264 universo
1172 1201 1302 1263 orbi
1332 1200 1776 1287 imminentem·
1809 1198 2118 1279 ipsamque
2143 1196 2503 1261 ³clausulam
2531 1194 2790 1263 saeculib
2819 1215 2994 1260 acer·

642 1306 859 1389 bitates
902 1303 1233 1366 horrendas
1279 1301 1735 1364 comminantem
1779 1300 2030 1362 Romani
2085 1300 2318 1380 imperii
2360 1308 2729 1362 eommeatw’
2769 1299 2997 1361 seimus

642 1407 996 1470 retardari&
1067 1404 1320 1485 ,⁴1taque
1361 1403 1645 1465 nolumus
1690 1401 1980 1483 experiri,
2035 1401 2133 1463 ‘et
2174 1402 2317 1464 dum
2357 1419 2670 1482 precamur
2710 1398 2997 1475 “differi-i,

644 1509 947 1571 Romanae
1002 1495 1369 1600 diuturnitati
1428 1507 1691 1566 favemus
1703 1516 1746 1566 ⁸.
1831 1503 1991 1567 ⁷Sed
2042 1510 2103 1564 et
2163 1502 2457 1576 iuramus,
2526 1502 2680 1564 sicut
2719 1519 2844 1563 non
2885 1519 3001 1582 per

649 1662 727 1713 10.
764 1660 1022 1725 tranquilla
1058 1660 1156 1709 sint
1190 1658 1340 1709 vobis.
1389 1658 1507 1709 Cum
1545 1662 1580 1721 r.
1611 1654 1849 1718 (Vindob.)
1883 1656 2073 1708 flavere.
2144 1656 2433 1721 tranquillae
2466 1656 2562 1706 sint
2596 1656 2748 1707 vobis.
2787 1656 2911 1706 Cum
2945 1650 2993 1703 λ.

644 1729 903 1844 tranquilla
941 1728 1053 1778 sint.
1108 1726 1363 1776 Vobiscum
1397 1726 1783 1776 ABDEFGubcde.
1825 1726 1974 1775 Oxou.
2008 1725 2183 1789 Erfurt.
2217 1725 2441 1789 Bonyers.
2566 1724 2644 1774 11.
2682 1725 3000 1775 aestimemur

647 1812 736 1849 om.
826 1832 839 1845 .
875 1797 1065 1846 Haverc.
1680 1802 1691 1819 “

786 1801 904 1926 (ξαρ.
940 1862 1117 1912 xxxtt.
1192 1861 1362 1927 Cupitis
1395 1862 1636 1925 inscriptio
1672 1863 1723 1910 in
1755 1860 1921 1911 ABDG.
1963 1861 2153 1911 Vindob.
2190 1867 2258 1910 est
2294 1858 2437 1909 nrt-:tt
2473 1858 2639 1917 (mm
2675 1875 2764 1910 om.
2793 1861 2842 1910 G.
2887 1859 2999 1910 Vin-

648 1930 775 1990 dob.)
809 1930 929 1980 PRO
965 1929 1212 1980 IMPERIO
1249 1928 1327 1977 ΕΤ
1365 1927 1716 1977 ΡΟΤΕ8ΤΑΤΕ
1755 1927 2154 1977 memnonis
2189 1926 2633 1985 (mel-:namma
2668 1928 2759 1977 BD.
2803 1927 2998 1978 vindob.

645 1996 1016 2050 Rouamonvu
1055 1996 1171 2056 G.).,
1218 1999 1269 2045 in
1301 1996 1356 2046 Ε.
1393 1997 1564 2059 ΕνῙιινι.
1606 1997 1756 2047 Oxou.
1804 1995 1881 2045 DE
1930 1995 2129 2045 EADEM
2178 1994 2301 2055 RE„
2361 1997 2414 2044 in
2446 1997 2522 2045 ab.
2570 1995 2764 2054 QVARE
2811 1993 2999 2047 amu

648 2065 766 2117 PRO
804 2064 1029 2115 turem!
1071 2063 1295 2114 nonam
1332 2064 1555 2113 SALVTE
1592 2062 1939 2113 cums‘rtam
1975 2061 2194 2113 OREN‘l'.
2254 2063 2497 2112 Vaticanus
2524 2078 2646 2112 unus
2680 2061 2998 2120 habetovon

650 2132 989 2185 CHRlS'l'lANl
1032 2131 1145 2181 PRO
1183 2131 1656 2181 lmrssnaromssvs
1692 2130 2040 2181 PRECANTVR
2075 2129 2193 2179 DVM
2232 2128 2432 2180 onam·
2467 2129 2711 2180 sanem
2750 2130 3000 2181 Cstsv-

647 2201 767 2251 Lau
806 2200 1155 2250 [isunnam.
1311 2200 1357 2249 1.
1396 2207 1443 2248 et
1476 2213 1566 2263 pro
1614 2199 1746 2247 omni
1799 2206 1924 2249 statu
1963 2199 2012 2247 F.
2103 2204 2152 2247 et
2183 2197 2248 2248 ita
2284 2198 2512 2248 universo
2548 2198 2667 2247 orbe
2702 2204 2750 2248 et
2782 2205 2912 2249 statu
2946 2193 2993 2247 λ.

649 2269 698 2319 2.
735 2269 817 2332 qui
853 2268 943 2317 vim
979 2261 1268 2332 ABDEFGM.
1303 2267 1525 2329 Bonyurs.
1568 2266 1759 2316 vindob.
1797 2267 1967 2330 Erfurt.
2051 2263 2178 2329 qnod
2224 2265 2315 2313 vim
2363 2266 2524 2316 obcde.
2644 2263 2693 2315 3.
2729 2264 3001 2316 clausulam

645 2331 980 2400 ABDEiabdes.
1021 2336 1168 2385 Oxou.
1204 2336 1376 2401 Erliert.
1413 2335 1652 2395 (Vindob.)
1685 2334 1883 2385 Pamelii·
1904 2335 2032 2383 libri.
2103 2333 2375 2383 clausuram
2413 2349 2455 2383 e.
2525 2332 2710 2383 cladem
2751 2334 2838 2383 FG.
2946 2333 2999 2383 4.

648 2405 815 2468 ltaque
852 2403 1061 2452 nolimus
1098 2403 1148 2451 B.
1230 2403 1396 2467 ltaque
1430 2402 1651 2451 volumus
1687 2401 1738 2452 F.
1823 2401 1892 2451 lta
1928 2415 2052 2464 quae
2101 2401 2328 2450 nolumus
2366 2402 2589 2451 Latinius.
2703 2400 2751 2449 5.
2790 2414 2846 2449 ea
2882 2400 2999 2451 dnm

647 2472 875 2533 Latinius,
911 2473 1044 2536 prob.
1081 2471 1155 2521 Fr.
1192 2471 1352 2520 Iunius
1388 2477 1430 2519 et
1464 2470 1817 2533 nuvercampus.
1922 2467 1970 2518 6.
2007 2468 2202 2519 differre
2237 2467 2289 2516 F.
2331 2468 2519 2520 Vindob.
2626 2467 2675 2517 7.
2710 2468 2809 2518 Sed
2845 2476 2894 2519 et
2928 2470 3001 2519 sic

649 2540 864 2589 iuramtis
902 2553 996 2587 non
1033 2533 1079 2585 λ.
1153 2538 1249 2589 Sed
1286 2545 1334 2588 et
1369 2538 1583 2587 iuramus
1619 2538 1745 2586 sicut
1780 2545 1880 2586 tum
1916 2536 1967 2587 F.

720 2640 836 2705 Cap.
876 2639 1052 2690 xxxu.
1123 2655 1166 2689 a.
1214 2639 1304 2689 vim
1359 2637 1611 2688 maximam
1663 2638 1770 2688 uni-
1876 2637 2007 2687 mino
2035 2632 2245 2688 selecti?
2278 2634 2428 2687 Absit.
2474 2632 2595 2686 Nam
2622 2644 2668 2687 et
2697 2636 2999 2689 verissimam

649 2724 788 2759 verso
838 2710 943 2758 orbi
1007 2701 1362 2773 imminentem]
1421 2706 1771 2768 conflagratio·
1875 2705 2116 2757 credimus
2142 2714 2188 2755 et
2206 2705 2299 2754 iam
2319 2704 2434 2753 olim
2463 2703 2646 2756 disiecti
2669 2705 3000 2756 Romanorum

648 2791 758 2827 nem
797 2776 1004 2826 obscure
1038 2776 1289 2837 significat.
1326 2773 1541 2835 (Rigalt.)
1875 2773 2065 2837 imperii
2112 2772 2287 2824 rudera
2336 2772 2593 2822 calcamus.
2665 2773 2787 2831 Quid
2838 2769 3000 2837 ergo?

716 2844 764 2892 b.
802 2842 1066 2892 clausulam
1115 2837 1318 2908 saeculi]
1380 2842 1454 2891 Cf.
1503 2841 1666 2891 adnot.
1713 2841 1774 2892 ad
1875 2842 1969 2891 iam
2023 2841 2207 2905 pridem
2258 2854 2450 2904 quoque
2497 2839 2744 2890 advenisse
2792 2840 3000 2891 dicimus

650 2912 720 2961 De
755 2911 877 2961 ldol.
915 2926 1018 2975 cap.
1038 2910 1088 2960 9.
1840 2960 1844 2964 ⁴
1877 2908 2118 2958 bominem
2146 2903 2373 2972 peccati?
2407 2907 2650 2957 bominem
2671 2904 3002 2972 perditionis}

719 2995 760 3028 c.
800 2974 1093 3043 commeatu]
1131 2979 1205 3028 Cf.
1242 2992 1365 3041 quae
1400 2975 1689 3027 adnotavere
1710 2976 1768 3026 ad

648 3047 719 3097 De
755 3047 882 3107 Fuge
919 3048 967 3096 in
1007 3048 1246 3096 persecut.
1285 3060 1390 3109 cap.
1415 3043 1464 3094 9.

719 3115 766 3165 d.
803 3113 983 3164 scimus
1019 3107 1275 3178 retardari]
1333 3112 1509 3162 Paulus
1556 3125 1663 3161 cum
1713 3111 1772 3161 ad

649 3183 917 3233 Ecclesiam
970 3180 1477 3230 Thessalonicensium
1538 3180 1775 3229 scriberet

651 3264 747 3299 non
783 3257 1032 3298 venturum
1081 3249 1208 3297 diem
1257 3247 1438 3297 domini
1490 3248 1773 3311 priusquam

650 3331 750 3433 3:1¹5
754 3330 915 3430 ⁹51¹,ssss
923 3313 1775 3444 ffizfftsstffssttssttss‘axxi5¹:251

652 3450 745 3499 mis
791 3449 1076 3498 obscuravit.
1161 3447 1342 3497 Eodem
1395 3448 1602 3499 consilio
1653 3449 1775 3498 Ter·

650 3515 885 3573 tullianus
921 3517 1014 3566 boc
1048 3515 1108 3565 ad
1137 3530 1366 3580 proceres
1386 3516 1628 3566 Romanos
1645 3517 1774 3580 Apo-

653 3584 858 3648 logetico
895 3598 996 3634 rem
1033 3583 1234 3633 eandem
1270 3584 1623 3646 significaturus
1676 3591 1774 3634 tam

651 3652 900 3715 ingeniose
937 3652 1128 3701 colores
1152 3650 1364 3710 obduxit,
1402 3659 1454 3701 ut
1487 3651 1628 3701 etiam
1665 3652 1773 3716 pla·

653 3735 764 3771 eere
780 3721 1007 3786 potuerit.
1062 3720 1120 3769 Et
1155 3719 1395 3770 consimili
1431 3719 1678 3769 schemate
1713 3719 1774 3769 ad

652 3788 909 3852 Scapulam
935 3785 1278 3852 proconsulem
1315 3786 1677 3851 ,‚Cbristianns,
1699 3788 1777 3837 in-

651 3856 771 3920 quit,
806 3855 987 3905 nullius
1022 3864 1096 3907 est
1129 3856 1302 3916 bostis,
1351 3856 1528 3906 nedum
1563 3855 1777 3920 impera-

651 3923 791 3981 toris,
845 3937 987 3987 quem
1035 3924 1196 3974 sciens
1231 3940 1258 3973 a
1293 3924 1384 3974 deo
1421 3937 1512 3973 sno
1548 3923 1775 3973 constitui

653 4003 854 4038 neeesse
900 3997 976 4038 est
1021 3998 1072 4040 ut
1118 3999 1165 4040 et
1212 3992 1372 4054 ipsum
1409 3991 1577 4052 diligat
1611 3998 1660 4039 et
1694 4004 1773 4039 re-

650 4063 873 4106 vereatur
906 4064 955 4105 et
987 4056 1193 4107 honoret
1229 4066 1276 4107 et
1309 4058 1491 4108 salvum
1525 4058 1639 4108 velit
1665 4070 1773 4107 cum

651 4130 756 4173 toto
789 4122 1006 4172 Romano
1042 4125 1265 4188 imperio,
1313 4140 1566 4190 quousque
1601 4138 1774 4174 saecu·

653 4190 752 4256 lum
780 4190 954 4239 stabit:
991 4191 1169 4241 tamdiu
1197 4192 1324 4241 enim
1349 4192 1547 4242 stabit.“
1592 4192 1659 4242 Ae
1677 4192 1774 4242 iam

647 4257 839 4322 pridem
867 4258 1079 4307 Romana
1101 4273 1180 4308 res
1196 4258 1314 4309 abiit
1331 4272 1530 4322 pessum
1559 4266 1608 4308 et
1636 4272 1772 4309 eom-

651 4325 823 4374 meavit
843 4323 1041 4374 Romani
1077 4325 1267 4389 imperii
1289 4340 1487 4392 pompa.
1532 4325 1668 4377 Venit
1686 4327 1773 4377 de-

649 4392 815 4452 fectio,
868 4400 916 4442 et
949 4391 1191 4443 sublatum
1241 4401 1315 4443 est
1348 4394 1410 4444 de
1444 4395 1603 4446 medio
1642 4395 1773 4460 quod

602 4515 608 4522 ,
651 4461 847 4510 obstare
866 4459 1128 4512 dicebatur.
1154 4461 1212 4511 Et
1230 4469 1388 4511 tamen
1411 4463 1613 4513 durasse
1629 4477 1771 4514 mun-

649 4527 766 4577 dum
804 4527 1010 4590 legimus
1029 4536 1077 4579 et
1094 4537 1226 4579 stare
1247 4530 1495 4581 saeculum
1518 4531 1772 4582 sentimus.

651 4594 775 4651 Quid
791 4592 821 4645 ⁴?
853 4609 1022 4646 vanam
1053 4612 1162 4648 esse
1186 4595 1391 4648 dicimus
1410 4598 1546 4650 Pauli
1572 4606 1769 4649 senten·

651 4660 763 4711 tiam
777 4658 807 4713 ‘t
841 4664 1058 4730 Apostoli
1092 4667 1209 4717 tanti
1231 4673 1424 4731 tamque
1444 4665 1616 4719 eximie
1635 4682 1661 4717 a
1680 4666 1773 4717 do·

1875 2976 2010 3027 cuius
2047 2976 2324 3039 mysterium
2361 2975 2501 3025 etiam
2535 2982 2654 3025 tunc
2688 2976 2837 3025 Paulo
2873 2978 3001 3027 scri·

1875 3046 2019 3094 bente
2064 3043 2347 3106 agitabatur.
2416 3043 2611 3094 Venisse
2660 3043 2853 3107 inquam
2900 3045 2997 3093 iam

1875 3111 2081 3176 pridem,
2138 3110 2224 3160 sed
2274 3117 2493 3160 nostrum
2541 3110 2660 3161 illud
2710 3109 2899 3174 pridem
2948 3111 2998 3162 in

1875 3194 2001 3243 quae
2034 3187 2254 3243 tempora
2300 3178 2578 3242 proferatur
2624 3179 2666 3228 si
2701 3179 2998 3242 quaerimus,

1877 3246 1995 3297 nibil
2032 3247 2234 3308 agimus.
2306 3245 2461 3295 Immo
2510 3245 2631 3295 satis
2662 3246 2811 3310 impie
2846 3260 2998 3310 qnae-

1876 3315 2044 3364 rimus.
2117 3314 2307 3363 Obiecit
2338 3313 2563 3363 dominns
2600 3313 2868 3364 curiositati
2906 3329 2998 3365 nu·

1876 3382 2004 3441 bem,
2041 3380 2333 3431 adorandam
2369 3380 2530 3441 nobis,
2574 3395 2670 3430 non
2705 3382 3001 3432 submoven-

1877 3449 2003 3499 dam.
2052 3449 2270 3499 Sufficiat
2292 3448 2465 3498 intueri
2487 3448 2616 3512 quod
2637 3450 2791 3512 aperit
2812 3450 2999 3511 Petrus,

1877 3530 2025 3566 unum
2064 3516 2191 3566 diem
2228 3516 2354 3580 apud
2391 3515 2638 3567 dominum
2662 3516 2863 3581 perinde
2888 3532 3000 3568 esse
3030 3577 3034 3581 Α

1878 3592 1931 3633 nt
1965 3598 2119 3634 annos
2157 3583 2306 3645 mille,
2343 3590 2391 3633 et
2426 3583 2558 3633 mille
2594 3597 2748 3634 annos
2786 3592 2837 3634 ut
2871 3585 3000 3636 diem

1877 3666 2041 3701 unum.
2113 3651 2302 3702 Venerit
2350 3649 2499 3700 bomo
2534 3650 3000 3716 ille-nequissimus,

1875 3720 1973 3769 sire
2010 3719 2256 3769 bominum
2294 3719 2699 3783 nequissimorum
2750 3734 3001 3781 numerus,

1876 3794 1925 3836 et
1958 3787 2053 3837 iam
2088 3786 2200 3835 euni
2250 3800 2403 3850 supra
2439 3786 2749 3837 millesimum
2784 3796 3002 3851 surgant,

1876 3854 1993 3919 quid
2027 3856 2140 3904 anni
2175 3853 2309 3904 mille
2344 3853 2540 3904 milibus
2565 3855 2748 3905 centies
2782 3856 3001 3907 centenis

1877 3923 1924 3971 in
1962 3922 2246 4023 immeus'am
2278 3922 2613 4000 ‘aeternitatem
2663 3923 3003 3974 continuandis

1877 3989 2573 4120 ffiffg’tttzss'essffisszt
2591 3998 3004 4123 mmm}

1875 4126 2107 4175 miserant
2140 4123 2232 4174 sibi
2268 4132 2469 4186 veteres,
2505 4124 2628 4175 bene
2663 4140 2721 4176 ac
2755 4128 3004 4190 sapienter

1875 4191 2055 4242 luerint
2105 4192 2313 4256 decepti.
2394 4192 2454 4243 Et
2499 4193 2625 4243 bene
2659 4192 2907 4258 fallimur,
2960 4195 3002 4245 si

1872 4259 2138 4310 seeundum
2196 4260 2311 4309 illos
2357 4271 2550 4325 quoque
2594 4260 2668 4310 sic
2713 4260 3002 4326 decipimur,

1874 4334 1926 4377 ut
1959 4329 2113 4378 simus
2164 4327 2226 4378 ad
2271 4326 2398 4377 diem
2448 4328 2585 4378 illum
2630 4327 2759 4379 velut
2804 4343 3003 4394 semper

1873 4395 2274 4446 instantissimum
2311 4395 2494 4458 vigiles,
2529 4409 2672 4459 quem
2693 4395 2832 4446 solus
2860 4397 3004 4447 Pater

1873 4463 2017 4524 novit,
2054 4470 2106 4514 ut
2136 4463 2349 4527 pendula
2368 4463 2696 4528 expectatione
2720 4464 3001 4516 sollicitudo

1873 4530 1985 4580 fldei
2020 4530 2273 4595 probetur.
2309 4530 2522 4595 (Rigalt.)

1940 4612 1984 4647 e.
2020 4605 2070 4647 et
2102 4605 2205 4648 tum
2242 4613 2500 4662 precamur
2516 4597 2716 4658 differri,
2752 4599 3001 4651 Romanae

1871 4659 2169 4720 diuturnitati
2207 4659 2463 4733 favemus]
2492 4665 2569 4718 ve
2602 4673 2819 4726 veterum
2856 4667 3001 4720 Chri·
