3263 5311
1263 422 1609 489 marano.
2541 396 2616 467 xxi

240 582 341 637 ant
383 571 767 635 emendando
810 590 969 653 qnae
1012 580 1184 635 erant
1226 582 1538 654 corrupta.
1586 572 1748 652 quod
1779 580 1937 635 tanta
1965 572 2164 637 iudicii
2194 572 2607 637 moderatione

246 684 423 755 atque
462 673 767 754 probitate
808 675 1089 754 perfecit,
1162 683 1228 736 ut
1285 675 1583 737 veriorem
1639 675 1987 754 plerumque
2029 675 2384 799 scripturam
2429 676 2610 738 modo

250 779 313 839 in
351 775 643 865 margine
666 774 995 838 adnotasse
1038 783 1356 838 contentus
1402 784 1583 838 esset.

418 877 592 938 Anno
651 876 831 939 mm„
890 875 1156 938 Basileae
1218 894 1371 939 nova
1428 895 1678 956 operum
1736 875 2084 939 Tertulliani
2145 886 2439 957 quotquot
2493 878 2609 940 iam

256 976 531 1039 extabant
570 976 759 1039 editio
804 977 1027 1056 prodiit
1066 996 1206 1040 cura
1250 977 1615 1057 Sigismundi
1660 976 1919 1049 Gelenii‚
1955 976 2088 1045 wiri
2131 978 2294 1039 hisce
2337 980 2399 1041 in
2441 979 2605 1042 litte-
2737 980 2754 995 “

254 1079 335 1140 ris
390 1079 665 1159 apprime
717 1078 877 1141 docti
932 1078 1125 1157 deque
1164 1078 1543 1147 ,Tertulliano
1610 1088 1674 1142 et
1735 1077 1866 1141 aliis
1923 1077 2320 1156 scriptoribus
2382 1082 2609 1159 optime
2726 1146 2734 1152 ,

250 1180 471 1241 meriti.
580 1179 882 1241 Gloriatur
936 1178 1215 1241 Gelenius
1280 1179 1344 1242 in
1406 1181 1605 1241 fronte
1656 1179 1886 1260 primae
1942 1179 2204 1259 pagellae
2261 1180 2607 1243 Tertulliani

257 1298 434 1360 opera
480 1279 867 1358 „diligentius
910 1297 1018 1359 per
1058 1280 1415 1342 industriam
1458 1280 1611 1343 bene
1656 1280 2025 1343 literatorum
2053 1279 2280 1360 aliquot
2318 1281 2389 1342 ad
2435 1301 2603 1343 com-

257 1381 450 1460 plures
503 1389 738 1442 veteres
796 1398 830 1441 e
886 1380 1198 1445 Gallicanis
1256 1381 1740 1461 Germanicisque
1803 1380 2179 1446 bibliothecis
2235 1382 2604 1460 conquisitos

260 1481 559 1559 recognita
601 1480 869 1554 codices,
926 1482 983 1542 in
1029 1482 1241 1560 quibus
1283 1483 1640 1562 praecipuus
1685 1483 1866 1545 fuerit
1905 1502 2060 1545 unus
2104 1481 2279 1562 longe
2321 1482 2600 1546 incorru-

254 1583 562 1663 pt'sssimus
594 1582 657 1643 in
700 1582 967 1645 ultimam
1008 1600 1197 1662 usque
1224 1582 1447 1663 petitus
1466 1582 1903 1657 Britanniam,“
1949 1582 2024 1645 ad
2054 1602 2203 1664 quae
2232 1583 2413 1647 verba
2443 1594 2602 1649 reete

251 1683 645 1762 intellegenda
702 1686 867 1757 (nam
920 1682 1159 1745 codices
1214 1702 1249 1745 e
1308 1683 1619 1746 Gallicanis
1680 1681 2161 1764 Germanicisque
2223 1684 2600 1751 bibliothecis
2730 1667 2742 1678 ’

253 1784 625 1863 conquisitos
668 1784 764 1845 vix
809 1783 962 1847 alios
1004 1784 1293 1864 intellegit
1336 1803 1509 1875 quam
1554 1780 1772 1864 quibus
1806 1784 2125 1848 Rhenanus
2169 1796 2231 1848 et
2259 1787 2598 1869 Gangneius

250 1894 387 1947 sunt
428 1885 555 1962 usi)
599 1883 738 1947 tacit
778 1884 1095 1965 praefatio,
1160 1885 1223 1946 in
1279 1904 1392 1965 qua
1450 1885 1619 1959 „Dici
1665 1886 1758 1947 vix
1803 1894 2034 1965 potest,
2092 1888 2312 1971 inquit,
2379 1898 2600 1970 quanto

251 1985 573 2064 proclivius
617 1985 817 2048 omnia
860 1985 1222 2065 degenerent
1274 1986 1337 2047 in
1379 1986 1646 2050 deterius
1688 2006 1864 2066 quam
1909 1989 1970 2052 in
2013 1989 2223 2052 melius
2266 1991 2598 2071 proficiant.

252 2087 347 2149 Vel
388 2088 621 2151 Plinius
665 2088 787 2149 iam
829 2086 955 2149 uim
997 2076 1185 2167 prima
1229 2086 1678 2167 chalcographia
1723 2096 1841 2150 tam
1884 2088 2106 2151 misere
2145 2090 2258 2152 fuit
2293 2099 2598 2167 tractatus,

249 2196 313 2251 ut
348 2189 412 2249 in
454 2188 794 2251 recinando
839 2187 1125 2271 plurimis.
1160 2188 1353 2250 doctis
1398 2188 1539 2267 viris
1584 2190 1918 2251 sudandum
1963 2190 2173 2265 merit,
2231 2191 2426 2255 donec
2465 2194 2597 2272 pri-

250 2289 459 2351 stinam
506 2290 807 2369 reciperet
846 2280 1075 2352 faciem.
1161 2289 1325 2351 ldem
1370 2297 1431 2351 et
1474 2290 1840 2353 Tertulliano
1883 2291 2024 2354 huic
2064 2292 2304 2367 accidit,
2370 2293 2432 2355 in
2476 2312 2594 2374 qno

248 2390 455 2453 iterum
502 2399 681 2470 atque
727 2390 941 2455 iterum
987 2389 1298 2453 sarciendo
1352 2399 1639 2471 quantum
1698 2409 1767 2453 se
1810 2394 2140 2455 exercuerit
2177 2393 2268 2455 vir
2310 2393 2595 2457 doctissi-

242 2510 373 2554 mns
416 2492 642 2557 Beatus
684 2491 1039 2566 Rhenanus,
1094 2499 1341 2572 apparet
1395 2510 1465 2553 ex
1521 2492 1813 2556 adiunctis
1857 2492 2048 2572 ipsius
2092 2494 2595 2558 adnotationibus.

241 2593 413 2674 Atqui
456 2594 651 2658 multo
698 2592 925 2655 facilius
971 2603 1101 2655 erat
1144 2600 1333 2655 totum
1378 2611 1529 2674 opus
1573 2593 1771 2657 denuo
1820 2595 2234 2661 transcribere.
2307 2596 2429 2660 Sed
2471 2585 2595 2661 non

244 2694 492 2757 dabatur
534 2695 713 2774 copia
755 2694 901 2758 satis
945 2695 1241 2772 emendati
1284 2695 1528 2758 codicis.
1618 2696 1881 2760 Tandem
1926 2717 2002 2760 ex
2047 2698 2248 2760 ultima
2290 2697 2594 2762 Britannia

239 2795 499 2857 loannes
557 2795 894 2869 Lelandus‚
960 2796 1051 2857 vir
1113 2795 1479 2876 antiquarius
1550 2805 1611 2857 et
1667 2797 1918 2860 feliciori
1973 2798 2186 2876 dignus
2242 2799 2594 2873 valetudine,

240 2896 702 2958 communicavit
745 2896 1047 2978 egemplar
1087 2896 1150 2960 in
1178 2896 1555 2959 Masburensi
1597 2896 1891 2958 coenobio
1923 2898 2116 2975 gentis
2147 2899 2275 2959 eius
2303 2898 2593 2960 vetustis-

241 2997 405 3057 simo
449 3005 787 3076 repertum,
852 2998 917 3058 in
971 3015 1091 3077 qno
1147 2997 1296 3059 nibil
1353 2994 1697 3058 desiderare
1749 3013 1967 3076 posses
2023 2996 2296 3076 amplius.
2407 2999 2593 3062 Tanta
2706 3058 2719 3074 ,

242 3105 373 3158 erat
424 3096 770 3177 integritas,
837 3097 955 3160 nisi
1010 3097 1171 3178 quod
1229 3096 1411 3176 aliqui
1454 3095 1588 3158 libri
1633 3097 1896 3160 dect-ant.
1998 3096 2351 3159 Continebat
2393 3107 2591 3161 autem

238 3207 297 3259 et
339 3199 549 3260 omnia
590 3199 689 3261 illa
731 3217 882 3277 quae
937 3205 1324 3261 accesserunt
1376 3197 1448 3262 ad
1505 3204 1867 3278 postremam
1924 3197 2247 3260 editionem
2290 3198 2592 3262 Lutetiae:

240 3318 387 3378 quae
432 3299 491 3362 si
536 3300 670 3380 quis
716 3319 849 3363 cum
894 3300 1006 3362 hac
1043 3298 1345 3380 praesenti
1388 3298 1738 3373 contulerit,
1783 3298 2002 3361 videbit
2044 3315 2165 3359 non
2209 3318 2422 3376 vanum
2451 3319 2593 3363 esse

241 3399 573 3464 Gelenium.
659 3399 894 3463 Utinam
936 3400 1243 3476 habuisset
1283 3400 1470 3462 codex
1527 3400 1580 3462 is
1641 3399 1815 3462 etiam
1859 3399 2120 3479 reliqua,·
2179 3401 2324 3462 nihil
2369 3401 2430 3462 in
2474 3402 2592 3464 hoc

240 3502 535 3583 scriptore
578 3501 984 3580 requireretur
1025 3502 1089 3563 in
1131 3506 1507 3582 posterum.“
1593 3501 1684 3563 Ex
1725 3501 1840 3562 hoc
1880 3501 2060 3580 igitur
2102 3502 2306 3564 codice
2345 3501 2587 3565 Masbu-

240 3604 399 3666 tensi
445 3602 734 3665 Gelenius
779 3603 1115 3666 emendavit
1154 3602 1399 3682 partim,
1466 3603 1683 3686 partim
1725 3602 2023 3682 supplevit
2070 3602 2219 3665 baec
2272 3603 2587 3683 opuscula:

244 3706 292 3766 1.
334 3702 426 3764 De
460 3701 927 3766 Resurrectione
955 3703 1183 3766 Carnis.
1252 3706 1318 3767 2.
1360 3703 1449 3765 De
1489 3702 2068 3783 Praescriptionibus
2110 3704 2394 3766 adversus
2424 3704 2584 3766 Hae·
2625 3715 2635 3724 ·

240 3805 479 3866 reticos.
586 3805 645 3868 3.
670 3825 681 3832 ·
704 3801 789 3867 De
841 3804 1232 3884 Monogamia.
1334 3808 1395 3867 4.
1454 3803 1539 3864 De
1593 3804 1964 3866 Testimonio
2020 3804 2283 3868 Animae.
2382 3809 2443 3869 5.
2497 3804 2587 3868 De

239 3905 465 3968 Anima.
557 3905 619 3968 6.
662 3903 750 3967 De
792 3905 1176 3986 Spectaculis.
1251 3908 1310 3968 7.
1354 3903 1442 3966 De
1482 3903 1810 3983 Baptismo.
1897 3907 1957 3971 8.
2000 3904 2222 3968 Contra
2266 3905 2585 3969 Gnosticos

243 4004 649 4086 Scorpiacum.
734 4008 799 4070 9.
842 4004 931 4076 De
971 4005 1331 4069 Idololatria.
1424 4009 1523 4071 10.
1568 4005 1656 4068 De
1697 4007 2005 4070 Pudicitia.
2097 4010 2196 4072 11.
2236 4007 2324 4069 De
2360 4007 2584 4069 Ieiunio

242 4105 524 4170 adversus
570 4106 917 4186 Psyebicos.
1010 4111 1109 4172 12.
1151 4108 1240 4169 De
1285 4106 1621 4177 Oratione..
1676 4116 1737 4170 et
1775 4117 2084 4187 praeterea
2124 4107 2342 4170 librum
2385 4108 2585 4169 Nova-

244 4204 384 4267 tiani
421 4206 509 4270 De
555 4208 853 4270 Trinitate
906 4216 968 4270 et
1019 4208 1289 4272 eiusdem
1344 4209 1432 4271 De
1488 4207 1648 4269 Cibis
1703 4207 1956 4270 Iudaicis
2025 4208 2369 4289 epistolam,
2433 4226 2584 4287 quae

242 4306 379 4369 item
420 4309 534 4372 snb
578 4310 831 4374 nomine
873 4308 1217 4373 Tertulliani
1260 4317 1401 4372 sunt
1443 4308 1660 4371 addita.
1732 4309 1978 4390 Reliqua
2008 4310 2353 4373 Tertulliani
2382 4327 2583 4391 opera,

244 4425 383 4487 quae
426 4411 610 4474 codex
640 4410 1056 4476 Masburensis
1098 4430 1224 4474 non
1265 4410 1797 4491 complectebatur,
1843 4410 2122 4474 Gelenius
2164 4411 2389 4492 passim
2432 4429 2582 4474 con·

244 4508 453 4574 iectura
496 4513 850 4596 temptavit,
901 4521 1135 4592 practer
1177 4511 1657 4598 Apologeticum,
1713 4513 1904 4591 quod,
1964 4512 2049 4575 uti
2092 4529 2274 4594 supra
2328 4513 2582 4574 demon-

246 4617 477 4678 stratum
540 4625 669 4692 est,
746 4632 860 4676 ex
885 4613 1295 4694 recognitione
1357 4613 1520 4676 dedit
1573 4613 1874 4677 Francisci
1931 4614 2181 4695 Zephyri
2232 4611 2582 4677 Florentini.
