<?xml version="1.0" encoding="UTF-8"?>
<!DOCTYPE html PUBLIC "-//W3C//DTD XHTML 1.0 Transitional//EN"
    "http://www.w3.org/TR/xhtml1/DTD/xhtml1-transitional.dtd">
<html xmlns="http://www.w3.org/1999/xhtml" xml:lang="en" lang="en">
 <head>
  <title>
</title>
<meta http-equiv="Content-Type" content="text/html;charset=utf-8" />
  <meta name='ocr-system' content='tesseract 3.04.00' />
  <meta name='ocr-capabilities' content='ocr_page ocr_carea ocr_par ocr_line ocrx_word'/>
</head>
<body>
  <div class='ocr_page' id='page_1' title='image "./quintiseptimiif04tertgoog_0975.png"; bbox 0 0 3263 5311; ppageno 0'>
   <div class='ocr_carea' id='block_1_1' title="bbox 1171 422 1519 465">
    <p class='ocr_par' dir='ltr' id='par_1_1' title="bbox 1171 422 1519 465">
     <span class='ocr_line' id='line_1_1' title="bbox 1171 422 1519 465; baseline 0 0"><span class='ocrx_word' id='word_1_1' title='bbox 1171 423 1247 465; x_wconf 70' lang='lat' dir='ltr'>DE</span> <span class='ocrx_word' id='word_1_2' title='bbox 1287 422 1519 465; x_wconf 60' lang='lat' dir='ltr'>muno.</span> 
     </span>
    </p>
   </div>
   <div class='ocr_carea' id='block_1_2' title="bbox 2386 411 2511 477">
    <p class='ocr_par' dir='ltr' id='par_1_2' title="bbox 2386 411 2511 477">
     <span class='ocr_line' id='line_1_2' title="bbox 2386 411 2511 477; baseline 0.016 -2"><span class='ocrx_word' id='word_1_3' title='bbox 2386 411 2511 477; x_wconf 79' lang='lat'>935</span> 
     </span>
    </p>
   </div>
   <div class='ocr_carea' id='block_1_3' title="bbox 183 569 2603 2276">
    <p class='ocr_par' dir='ltr' id='par_1_3' title="bbox 183 569 2603 2276">
     <span class='ocr_line' id='line_1_3' title="bbox 195 569 2512 656; baseline 0.004 -24"><span class='ocrx_word' id='word_1_4' title='bbox 195 577 320 632; x_wconf 84' lang='lat' dir='ltr'>ratu</span> <span class='ocrx_word' id='word_1_5' title='bbox 369 569 772 643; x_wconf 66' lang='lat' dir='ltr'>effeminatus,</span> <span class='ocrx_word' id='word_1_6' title='bbox 843 570 1004 649; x_wconf 85' lang='lat' dir='ltr'>quod</span> <span class='ocrx_word' id='word_1_7' title='bbox 1057 570 1148 633; x_wconf 86' lang='lat' dir='ltr'>illi</span> <span class='ocrx_word' id='word_1_8' title='bbox 1197 570 1412 652; x_wconf 68' lang='lat' dir='ltr'>⁸&#39;apud</span> <span class='ocrx_word' id='word_1_9' title='bbox 1471 573 1713 654; x_wconf 77' lang='lat' dir='ltr'>Sigeum</span> <span class='ocrx_word' id='word_1_10' title='bbox 1780 573 2178 656; x_wconf 70' lang='lat' dir='ltr'>“strongylax</span> <span class='ocrx_word' id='word_1_11' title='bbox 2240 576 2512 643; x_wconf 74' lang='lat' dir='ltr'>&#39;‘servat.</span> 
     </span>
     <span class='ocr_line' id='line_1_4' title="bbox 195 670 2603 760; baseline 0.002 -27"><span class='ocrx_word' id='word_1_12' title='bbox 195 670 364 733; x_wconf 85' lang='lat' dir='ltr'>Plane</span> <span class='ocrx_word' id='word_1_13' title='bbox 401 678 612 750; x_wconf 84' lang='lat' dir='ltr'>postea</span> <span class='ocrx_word' id='word_1_14' title='bbox 653 671 825 733; x_wconf 88' lang='lat' dir='ltr'>miles</span> <span class='ocrx_word' id='word_1_15' title='bbox 870 680 998 746; x_wconf 78' lang='lat' dir='ltr'>est3</span> <span class='ocrx_word' id='word_1_16' title='bbox 1040 673 1368 735; x_wconf 74' lang='lat' dir='ltr'><strong>necessitas</strong></span> <span class='ocrx_word' id='word_1_17' title='bbox 1414 674 1570 736; x_wconf 87' lang='lat' dir='ltr'>enim</span> <span class='ocrx_word' id='word_1_18' title='bbox 1599 675 1858 737; x_wconf 75' lang='lat' dir='ltr'>reddidit</span> <span class='ocrx_word' id='word_1_19' title='bbox 1884 695 2113 739; x_wconf 84' lang='lat' dir='ltr'>sexum.</span> <span class='ocrx_word' id='word_1_20' title='bbox 2176 678 2263 740; x_wconf 88' lang='lat' dir='ltr'>De</span> <span class='ocrx_word' id='word_1_21' title='bbox 2289 679 2514 760; x_wconf 90' lang='lat' dir='ltr'>praelio</span> <span class='ocrx_word' id='word_1_22' title='bbox 2585 723 2603 739; x_wconf 83' lang='grc'>.</span> 
     </span>
     <span class='ocr_line' id='line_1_5' title="bbox 195 773 2514 856; baseline 0.003 -21"><span class='ocrx_word' id='word_1_23' title='bbox 195 780 492 846; x_wconf 86' lang='lat' dir='ltr'>sonuerat,</span> <span class='ocrx_word' id='word_1_24' title='bbox 535 790 649 834; x_wconf 81' lang='lat' dir='ltr'>nec</span> <span class='ocrx_word' id='word_1_25' title='bbox 687 791 848 836; x_wconf 89' lang='lat' dir='ltr'>arma</span> <span class='ocrx_word' id='word_1_26' title='bbox 889 773 1084 853; x_wconf 82' lang='lat' dir='ltr'>longe.</span> <span class='ocrx_word' id='word_1_27' title='bbox 1169 775 1403 854; x_wconf 84' lang='lat' dir='ltr'>Ipsum,</span> <span class='ocrx_word' id='word_1_28' title='bbox 1447 776 1639 856; x_wconf 86' lang='lat' dir='ltr'>inquit</span> <span class='ocrx_word' id='word_1_29' title='bbox 1655 790 1701 851; x_wconf 72' lang='lat'>5,</span> <span class='ocrx_word' id='word_1_30' title='bbox 1757 778 1979 840; x_wconf 79' lang='lat' dir='ltr'>serrum</span> <span class='ocrx_word' id='word_1_31' title='bbox 2023 778 2213 841; x_wconf 82' lang='lat' dir='ltr'>virum</span> <span class='ocrx_word' id='word_1_32' title='bbox 2257 781 2514 843; x_wconf 85' lang='lat' dir='ltr'>attrahit.</span> 
     </span>
     <span class='ocr_line' id='line_1_6' title="bbox 197 870 2515 961; baseline 0.003 -26"><span class='ocrx_word' id='word_1_33' title='bbox 197 870 452 935; x_wconf 85' lang='lat' dir='ltr'>Ceterum</span> <span class='ocrx_word' id='word_1_34' title='bbox 497 871 551 933; x_wconf 83' lang='lat' dir='ltr'>si</span> <span class='ocrx_word' id='word_1_35' title='bbox 593 881 737 952; x_wconf 88' lang='lat' dir='ltr'>post</span> <span class='ocrx_word' id='word_1_36' title='bbox 775 873 1169 939; x_wconf 76' lang='lat' dir='ltr'>incentivum·</span> <span class='ocrx_word' id='word_1_37' title='bbox 1213 895 1448 957; x_wconf 89' lang='lat' dir='ltr'>quoque</span> <span class='ocrx_word' id='word_1_38' title='bbox 1480 876 1565 915; x_wconf 75' lang='lat'>³⁸¹³</span> <span class='ocrx_word' id='word_1_39' title='bbox 1577 876 1832 957; x_wconf 89' lang='lat' dir='ltr'>puellam</span> <span class='ocrx_word' id='word_1_40' title='bbox 1876 890 2354 959; x_wconf 84' lang='lat' dir='ltr'>perseverasset,</span> <span class='ocrx_word' id='word_1_41' title='bbox 2399 899 2515 961; x_wconf 86' lang='lat' dir='ltr'>po-</span> 
     </span>
     <span class='ocr_line' id='line_1_7' title="bbox 198 964 2515 1062; baseline 0.003 -25"><span class='ocrx_word' id='word_1_42' title='bbox 198 974 305 1037; x_wconf 87' lang='lat' dir='ltr'>tuit</span> <span class='ocrx_word' id='word_1_43' title='bbox 339 983 397 1036; x_wconf 87' lang='lat' dir='ltr'>et</span> <span class='ocrx_word' id='word_1_44' title='bbox 435 973 715 1036; x_wconf 85' lang='lat' dir='ltr'>nubere·.</span> <span class='ocrx_word' id='word_1_45' title='bbox 782 974 932 1037; x_wconf 85' lang='lat' dir='ltr'>Ecce</span> <span class='ocrx_word' id='word_1_46' title='bbox 961 976 1160 1056; x_wconf 87' lang='lat' dir='ltr'>itaque</span> <span class='ocrx_word' id='word_1_47' title='bbox 1191 979 1454 1041; x_wconf 89' lang='lat' dir='ltr'>mutatio.</span> <span class='ocrx_word' id='word_1_48' title='bbox 1518 978 1850 1043; x_wconf 79' lang='lat' dir='ltr'><strong>Monstrum</strong></span> <span class='ocrx_word' id='word_1_49' title='bbox 1895 964 2165 1062; x_wconf 86' lang='lat' dir='ltr'>equidem</span> <span class='ocrx_word' id='word_1_50' title='bbox 2197 981 2515 1062; x_wconf 86' lang='lat' dir='ltr'>geminum,</span> 
     </span>
     <span class='ocr_line' id='line_1_8' title="bbox 198 1074 2517 1163; baseline 0.003 -25"><span class='ocrx_word' id='word_1_51' title='bbox 198 1076 270 1138; x_wconf 82' lang='lat' dir='ltr'>de</span> <span class='ocrx_word' id='word_1_52' title='bbox 306 1074 427 1139; x_wconf 79' lang='lat' dir='ltr'>viro</span> <span class='ocrx_word' id='word_1_53' title='bbox 473 1075 720 1150; x_wconf 71' lang='lat' dir='ltr'>femina,</span> <span class='ocrx_word' id='word_1_54' title='bbox 765 1095 902 1137; x_wconf 85' lang='lat' dir='ltr'>mox</span> <span class='ocrx_word' id='word_1_55' title='bbox 947 1077 1023 1139; x_wconf 88' lang='lat' dir='ltr'>de</span> <span class='ocrx_word' id='word_1_56' title='bbox 1065 1078 1281 1141; x_wconf 80' lang='lat' dir='ltr'>semina</span> <span class='ocrx_word' id='word_1_57' title='bbox 1326 1080 1446 1152; x_wconf 86' lang='lat' dir='ltr'>vir,</span> <span class='ocrx_word' id='word_1_58' title='bbox 1503 1081 1739 1159; x_wconf 88' lang='lat' dir='ltr'>quando</span> <span class='ocrx_word' id='word_1_59' title='bbox 1795 1100 1988 1162; x_wconf 90' lang='lat' dir='ltr'>neque</span> <span class='ocrx_word' id='word_1_60' title='bbox 2041 1083 2260 1145; x_wconf 83' lang='lat' dir='ltr'>veritas</span> <span class='ocrx_word' id='word_1_61' title='bbox 2316 1083 2517 1163; x_wconf 85' lang='lat' dir='ltr'>negari</span> 
     </span>
     <span class='ocr_line' id='line_1_9' title="bbox 197 1175 2516 1262; baseline 0.004 -24"><span class='ocrx_word' id='word_1_62' title='bbox 197 1175 484 1240; x_wconf 75' lang='lat' dir='ltr'>debuisset</span> <span class='ocrx_word' id='word_1_63' title='bbox 524 1196 717 1257; x_wconf 87' lang='lat' dir='ltr'>neque</span> <span class='ocrx_word' id='word_1_64' title='bbox 759 1178 982 1239; x_wconf 79' lang='lat' dir='ltr'>fallacia</span> <span class='ocrx_word' id='word_1_65' title='bbox 1025 1180 1315 1242; x_wconf 81' lang='lat' dir='ltr'>confiteri.</span> <span class='ocrx_word' id='word_1_66' title='bbox 1419 1181 1679 1262; x_wconf 80' lang='lat' dir='ltr'>Uterque</span> <span class='ocrx_word' id='word_1_67' title='bbox 1723 1182 1957 1245; x_wconf 89' lang='lat' dir='ltr'>habitus</span> <span class='ocrx_word' id='word_1_68' title='bbox 2001 1185 2263 1246; x_wconf 89' lang='lat' dir='ltr'>mutandi</span> <span class='ocrx_word' id='word_1_69' title='bbox 2308 1185 2516 1257; x_wconf 78' lang='lat' dir='ltr'>malua,</span> 
     </span>
     <span class='ocr_line' id='line_1_10' title="bbox 194 1278 2516 1365; baseline 0.002 -24"><span class='ocrx_word' id='word_1_70' title='bbox 194 1278 331 1341; x_wconf 88' lang='lat' dir='ltr'>alter</span> <span class='ocrx_word' id='word_1_71' title='bbox 369 1279 651 1341; x_wconf 81' lang='lat' dir='ltr'>adversus</span> <span class='ocrx_word' id='word_1_72' title='bbox 696 1287 995 1355; x_wconf 85' lang='lat' dir='ltr'>naturam,</span> <span class='ocrx_word' id='word_1_73' title='bbox 1041 1280 1189 1342; x_wconf 89' lang='lat' dir='ltr'>alter</span> <span class='ocrx_word' id='word_1_74' title='bbox 1218 1291 1421 1344; x_wconf 90' lang='lat' dir='ltr'>contra</span> <span class='ocrx_word' id='word_1_75' title='bbox 1454 1282 1725 1347; x_wconf 88' lang='lat' dir='ltr'>salutem.</span> <span class='ocrx_word' id='word_1_76' title='bbox 1800 1283 2058 1365; x_wconf 82' lang='lat' dir='ltr'>Turpius</span> <span class='ocrx_word' id='word_1_77' title='bbox 2102 1286 2293 1348; x_wconf 89' lang='lat' dir='ltr'>adhuc</span> <span class='ocrx_word' id='word_1_78' title='bbox 2332 1285 2516 1347; x_wconf 88' lang='lat' dir='ltr'>libido</span> 
     </span>
     <span class='ocr_line' id='line_1_11' title="bbox 191 1380 2516 1463; baseline 0.003 -20"><span class='ocrx_word' id='word_1_79' title='bbox 191 1381 370 1443; x_wconf 79' lang='lat' dir='ltr'>virum</span> <span class='ocrx_word' id='word_1_80' title='bbox 412 1380 570 1442; x_wconf 89' lang='lat' dir='ltr'>cultu</span> <span class='ocrx_word' id='word_1_81' title='bbox 613 1381 1050 1460; x_wconf 79' lang='lat' dir='ltr'>transfiguravit</span> <span class='ocrx_word' id='word_1_82' title='bbox 1089 1402 1265 1462; x_wconf 86' lang='lat' dir='ltr'>quam</span> <span class='ocrx_word' id='word_1_83' title='bbox 1310 1383 1501 1463; x_wconf 85' lang='lat' dir='ltr'>aliqua</span> <span class='ocrx_word' id='word_1_84' title='bbox 1553 1393 1822 1447; x_wconf 87' lang='lat' dir='ltr'>materna</span> <span class='ocrx_word' id='word_1_85' title='bbox 1874 1386 2160 1458; x_wconf 78' lang='lat' dir='ltr'>formido,</span> <span class='ocrx_word' id='word_1_86' title='bbox 2225 1385 2268 1418; x_wconf 80' lang='lat'>³⁷</span> <span class='ocrx_word' id='word_1_87' title='bbox 2285 1387 2516 1449; x_wconf 88' lang='lat' dir='ltr'>tametsi</span> 
     </span>
     <span class='ocr_line' id='line_1_12' title="bbox 193 1481 2549 1569; baseline 0.003 -24"><span class='ocrx_word' id='word_1_88' title='bbox 193 1483 457 1545; x_wconf 84' lang='lat' dir='ltr'>adoratur</span> <span class='ocrx_word' id='word_1_89' title='bbox 499 1500 531 1544; x_wconf 91' lang='lat' dir='ltr'>a</span> <span class='ocrx_word' id='word_1_90' title='bbox 574 1481 745 1542; x_wconf 84' lang='lat' dir='ltr'>vobis</span> <span class='ocrx_word' id='word_1_91' title='bbox 787 1482 887 1560; x_wconf 90' lang='lat' dir='ltr'>qui</span> <span class='ocrx_word' id='word_1_92' title='bbox 939 1481 1438 1546; x_wconf 75' lang='lat' dir='ltr'>³¹³e1·ubescendus</span> <span class='ocrx_word' id='word_1_93' title='bbox 1484 1495 1604 1559; x_wconf 88' lang='lat' dir='ltr'>est,</span> <span class='ocrx_word' id='word_1_94' title='bbox 1651 1487 2313 1569; x_wconf 74' lang='lat' dir='ltr'>scytalosagittipelliger</span> <span class='ocrx_word' id='word_1_95' title='bbox 2359 1487 2549 1553; x_wconf 73' lang='lat' dir='ltr'>³⁹ille.</span> 
     </span>
     <span class='ocr_line' id='line_1_13' title="bbox 193 1579 2597 1670; baseline 0.002 -24"><span class='ocrx_word' id='word_1_96' title='bbox 193 1584 291 1665; x_wconf 90' lang='lat' dir='ltr'>qui</span> <span class='ocrx_word' id='word_1_97' title='bbox 346 1592 528 1647; x_wconf 86' lang='lat' dir='ltr'>totam</span> <span class='ocrx_word' id='word_1_98' title='bbox 569 1582 827 1663; x_wconf 60' lang='lat' dir='ltr'>{epitheti</span> <span class='ocrx_word' id='word_1_99' title='bbox 884 1584 978 1646; x_wconf 91' lang='lat' dir='ltr'>sui</span> <span class='ocrx_word' id='word_1_100' title='bbox 1035 1585 1301 1647; x_wconf 59' lang='lat' dir='ltr'>sortem*</span> <span class='ocrx_word' id='word_1_101' title='bbox 1356 1605 1489 1648; x_wconf 89' lang='lat' dir='ltr'>cum</span> <span class='ocrx_word' id='word_1_102' title='bbox 1551 1587 1825 1648; x_wconf 83' lang='lat' dir='ltr'>muliebri</span> <span class='ocrx_word' id='word_1_103' title='bbox 1884 1588 2042 1649; x_wconf 91' lang='lat' dir='ltr'>cultu</span> <span class='ocrx_word' id='word_1_104' title='bbox 2097 1590 2516 1670; x_wconf 82' lang='lat' dir='ltr'>compensavit.</span> <span class='ocrx_word' id='word_1_105' title='bbox 2578 1579 2597 1585; x_wconf 27' lang='lat' dir='ltr'><em>p</em></span> 
     </span>
     <span class='ocr_line' id='line_1_14' title="bbox 192 1684 2517 1772; baseline 0.003 -24"><span class='ocrx_word' id='word_1_106' title='bbox 192 1686 435 1748; x_wconf 87' lang='lat' dir='ltr'>Tantum</span> <span class='ocrx_word' id='word_1_107' title='bbox 492 1684 708 1765; x_wconf 77' lang='lat' dir='ltr'>Lydiae</span> <span class='ocrx_word' id='word_1_108' title='bbox 763 1684 1180 1748; x_wconf 80' lang='lat' dir='ltr'>clanculariae⁶</span> <span class='ocrx_word' id='word_1_109' title='bbox 1222 1686 1417 1761; x_wconf 88' lang='lat' dir='ltr'>licuit,</span> <span class='ocrx_word' id='word_1_110' title='bbox 1485 1696 1551 1751; x_wconf 91' lang='lat' dir='ltr'>ut</span> <span class='ocrx_word' id='word_1_111' title='bbox 1604 1688 1888 1751; x_wconf 85' lang='lat' dir='ltr'>Hercules</span> <span class='ocrx_word' id='word_1_112' title='bbox 1952 1689 2023 1750; x_wconf 83' lang='lat' dir='ltr'>in</span> <span class='ocrx_word' id='word_1_113' title='bbox 2072 1690 2387 1772; x_wconf 85' lang='lat' dir='ltr'>Omphale,</span> <span class='ocrx_word' id='word_1_114' title='bbox 2457 1700 2517 1753; x_wconf 92' lang='lat' dir='ltr'>et</span> 
     </span>
     <span class='ocr_line' id='line_1_15' title="bbox 198 1786 2513 1873; baseline 0.002 -23"><span class='ocrx_word' id='word_1_115' title='bbox 198 1787 467 1867; x_wconf 80' lang='lat' dir='ltr'>Omphale</span> <span class='ocrx_word' id='word_1_116' title='bbox 511 1786 574 1848; x_wconf 89' lang='lat' dir='ltr'>in</span> <span class='ocrx_word' id='word_1_117' title='bbox 603 1786 855 1848; x_wconf 85' lang='lat' dir='ltr'>Hercule</span> <span class='ocrx_word' id='word_1_118' title='bbox 897 1788 1377 1868; x_wconf 85' lang='lat' dir='ltr'>prostitueretur.</span> <span class='ocrx_word' id='word_1_119' title='bbox 1444 1789 1555 1850; x_wconf 87' lang='lat' dir='ltr'>Ubi</span> <span class='ocrx_word' id='word_1_120' title='bbox 1587 1789 1905 1852; x_wconf 90' lang='lat' dir='ltr'>Diomedes</span> <span class='ocrx_word' id='word_1_121' title='bbox 1951 1800 2010 1852; x_wconf 89' lang='lat' dir='ltr'>et</span> <span class='ocrx_word' id='word_1_122' title='bbox 2053 1802 2291 1854; x_wconf 87' lang='lat' dir='ltr'>cruenta</span> <span class='ocrx_word' id='word_1_123' title='bbox 2334 1812 2513 1873; x_wconf 91' lang='lat' dir='ltr'>prae-</span> 
     </span>
     <span class='ocr_line' id='line_1_16' title="bbox 195 1886 2515 1975; baseline 0.003 -25"><span class='ocrx_word' id='word_1_124' title='bbox 195 1887 394 1969; x_wconf 75' lang='lat' dir='ltr'>sepia?</span> <span class='ocrx_word' id='word_1_125' title='bbox 455 1886 557 1950; x_wconf 90' lang='lat' dir='ltr'>ubi</span> <span class='ocrx_word' id='word_1_126' title='bbox 599 1887 828 1950; x_wconf 85' lang='lat' dir='ltr'>Busiris</span> <span class='ocrx_word' id='word_1_127' title='bbox 885 1895 944 1949; x_wconf 89' lang='lat' dir='ltr'>et</span> <span class='ocrx_word' id='word_1_128' title='bbox 994 1888 1297 1951; x_wconf 88' lang='lat' dir='ltr'>bustuaria</span> <span class='ocrx_word' id='word_1_129' title='bbox 1335 1888 1604 1975; x_wconf 75' lang='lat' dir='ltr'>altaria?</span> <span class='ocrx_word' id='word_1_130' title='bbox 1678 1890 1778 1952; x_wconf 88' lang='lat' dir='ltr'>ubi</span> <span class='ocrx_word' id='word_1_131' title='bbox 1824 1891 2057 1972; x_wconf 83' lang='lat' dir='ltr'>Geryon</span> <span class='ocrx_word' id='word_1_132' title='bbox 2120 1893 2267 1955; x_wconf 65' lang='lat' dir='ltr'>⁴⁰ter</span> <span class='ocrx_word' id='word_1_133' title='bbox 2310 1892 2515 1957; x_wconf 75' lang='lat' dir='ltr'>unus?</span> 
     </span>
     <span class='ocr_line' id='line_1_17' title="bbox 190 1989 2514 2072; baseline 0.001 -19"><span class='ocrx_word' id='word_1_134' title='bbox 190 1989 451 2054; x_wconf 87' lang='lat' dir='ltr'>Cerebris</span> <span class='ocrx_word' id='word_1_135' title='bbox 475 1990 687 2051; x_wconf 81' lang='lat' dir='ltr'>‘adhuc</span> <span class='ocrx_word' id='word_1_136' title='bbox 729 2007 936 2051; x_wconf 87' lang='lat' dir='ltr'>eorum</span> <span class='ocrx_word' id='word_1_137' title='bbox 980 1990 1138 2051; x_wconf 83' lang='lat' dir='ltr'>clava</span> <span class='ocrx_word' id='word_1_138' title='bbox 1166 1992 1393 2055; x_wconf 80' lang='lat' dir='ltr'>foetere</span> <span class='ocrx_word' id='word_1_139' title='bbox 1424 1991 1707 2066; x_wconf 83' lang='lat' dir='ltr'>malebat,</span> <span class='ocrx_word' id='word_1_140' title='bbox 1752 2012 1885 2055; x_wconf 88' lang='lat' dir='ltr'>cum</span> <span class='ocrx_word' id='word_1_141' title='bbox 1916 1994 2231 2072; x_wconf 86' lang='lat' dir='ltr'>unguentis</span> <span class='ocrx_word' id='word_1_142' title='bbox 2260 1994 2303 2026; x_wconf 84' lang='lat'>⁴¹</span> <span class='ocrx_word' id='word_1_143' title='bbox 2322 1998 2514 2057; x_wconf 81' lang='lat' dir='ltr'>offen·</span> 
     </span>
     <span class='ocr_line' id='line_1_18' title="bbox 187 2090 2515 2183; baseline 0.002 -28"><span class='ocrx_word' id='word_1_144' title='bbox 187 2093 440 2155; x_wconf 78' lang='lat' dir='ltr'>det-etur.</span> <span class='ocrx_word' id='word_1_145' title='bbox 526 2091 707 2152; x_wconf 83' lang='lat' dir='ltr'>Vetus</span> <span class='ocrx_word' id='word_1_146' title='bbox 763 2090 878 2151; x_wconf 87' lang='lat' dir='ltr'>iam</span> <span class='ocrx_word' id='word_1_147' title='bbox 935 2090 1168 2171; x_wconf 77' lang='lat' dir='ltr'>Hydrae</span> <span class='ocrx_word' id='word_1_148' title='bbox 1208 2091 1814 2183; x_wconf 65' lang='lat' dir='ltr'>⁴’Centaurorumque</span> <span class='ocrx_word' id='word_1_149' title='bbox 1860 2095 2118 2174; x_wconf 80' lang='lat' dir='ltr'>’sanguis</span> <span class='ocrx_word' id='word_1_150' title='bbox 2172 2096 2235 2157; x_wconf 90' lang='lat' dir='ltr'>in</span> <span class='ocrx_word' id='word_1_151' title='bbox 2288 2096 2515 2176; x_wconf 81' lang='lat' dir='ltr'>sagittis</span> 
     </span>
     <span class='ocr_line' id='line_1_19' title="bbox 183 2187 2515 2276; baseline 0.001 -21"><span class='ocrx_word' id='word_1_152' title='bbox 183 2195 418 2276; x_wconf 80' lang='lat' dir='ltr'>pumice</span> <span class='ocrx_word' id='word_1_153' title='bbox 458 2190 719 2272; x_wconf 67' lang='lat' dir='ltr'>”spiculi</span> <span class='ocrx_word' id='word_1_154' title='bbox 764 2191 1238 2268; x_wconf 75' lang='lat' dir='ltr'>excludebatur¹‚</span> <span class='ocrx_word' id='word_1_155' title='bbox 1282 2194 1603 2255; x_wconf 91' lang='lat' dir='ltr'>insultante</span> <span class='ocrx_word' id='word_1_156' title='bbox 1631 2187 1892 2269; x_wconf 76' lang='lat' dir='ltr'>luxui-ia,</span> <span class='ocrx_word' id='word_1_157' title='bbox 1935 2204 2002 2257; x_wconf 88' lang='lat' dir='ltr'>ut</span> <span class='ocrx_word' id='word_1_158' title='bbox 2028 2206 2167 2275; x_wconf 90' lang='lat' dir='ltr'>post</span> <span class='ocrx_word' id='word_1_159' title='bbox 2194 2196 2515 2259; x_wconf 71' lang='lat' dir='ltr'>“monstra</span> 
     </span>
    </p>
   </div>
   <div class='ocr_carea' id='block_1_4' title="bbox 177 2344 2520 2753">
    <p class='ocr_par' dir='ltr' id='par_1_4' title="bbox 177 2344 2520 2753">
     <span class='ocr_line' id='line_1_20' title="bbox 187 2344 2515 2411; baseline 0.001 -15"><span class='ocrx_word' id='word_1_160' title='bbox 187 2346 267 2397; x_wconf 74' lang='lat'>34.</span> <span class='ocrx_word' id='word_1_161' title='bbox 303 2345 362 2396; x_wconf 88' lang='lat' dir='ltr'>ad</span> <span class='ocrx_word' id='word_1_162' title='bbox 395 2347 617 2411; x_wconf 76' lang='lat' dir='ltr'>praesiga</span> <span class='ocrx_word' id='word_1_163' title='bbox 653 2361 762 2396; x_wconf 88' lang='lat' dir='ltr'>cum</span> <span class='ocrx_word' id='word_1_164' title='bbox 797 2347 849 2396; x_wconf 82' lang='lat' dir='ltr'>B.</span> <span class='ocrx_word' id='word_1_165' title='bbox 919 2346 977 2396; x_wconf 79' lang='lat' dir='ltr'>ad</span> <span class='ocrx_word' id='word_1_166' title='bbox 1017 2346 1204 2409; x_wconf 70' lang='lat' dir='ltr'>presign</span> <span class='ocrx_word' id='word_1_167' title='bbox 1243 2361 1351 2398; x_wconf 87' lang='lat' dir='ltr'>eum</span> <span class='ocrx_word' id='word_1_168' title='bbox 1387 2349 1442 2397; x_wconf 73' lang='lat' dir='ltr'>A.</span> <span class='ocrx_word' id='word_1_169' title='bbox 1528 2344 1608 2396; x_wconf 84' lang='lat'>35.</span> <span class='ocrx_word' id='word_1_170' title='bbox 1646 2347 1855 2409; x_wconf 75' lang='lat' dir='ltr'>strogyla</span> <span class='ocrx_word' id='word_1_171' title='bbox 1890 2348 2007 2397; x_wconf 79' lang='lat' dir='ltr'>liber</span> <span class='ocrx_word' id='word_1_172' title='bbox 2041 2349 2276 2398; x_wconf 79' lang='lat' dir='ltr'>Salmasii.</span> <span class='ocrx_word' id='word_1_173' title='bbox 2345 2349 2515 2411; x_wconf 77' lang='lat' dir='ltr'>stagila</span> 
     </span>
     <span class='ocr_line' id='line_1_21' title="bbox 182 2413 2514 2481; baseline -0.001 -15"><span class='ocrx_word' id='word_1_174' title='bbox 182 2414 305 2466; x_wconf 68' lang='lat' dir='ltr'>ABG.</span> <span class='ocrx_word' id='word_1_175' title='bbox 373 2421 526 2464; x_wconf 87' lang='lat' dir='ltr'>statua</span> <span class='ocrx_word' id='word_1_176' title='bbox 562 2418 663 2467; x_wconf 74' lang='lat' dir='ltr'>abc.</span> <span class='ocrx_word' id='word_1_177' title='bbox 779 2413 859 2463; x_wconf 75' lang='lat'>36.</span> <span class='ocrx_word' id='word_1_178' title='bbox 896 2416 1070 2464; x_wconf 79' lang='lat' dir='ltr'>serviet</span> <span class='ocrx_word' id='word_1_179' title='bbox 1105 2415 1151 2463; x_wconf 86' lang='lat' dir='ltr'>B.</span> <span class='ocrx_word' id='word_1_180' title='bbox 1268 2413 1334 2465; x_wconf 79' lang='lat'>36</span> <span class='ocrx_word' id='word_1_181' title='bbox 1350 2415 1393 2465; x_wconf 90' lang='lat' dir='ltr'>h.</span> <span class='ocrx_word' id='word_1_182' title='bbox 1444 2415 1653 2477; x_wconf 82' lang='lat' dir='ltr'>puellam</span> <span class='ocrx_word' id='word_1_183' title='bbox 1702 2415 1848 2464; x_wconf 77' lang='lat' dir='ltr'>ABde.</span> <span class='ocrx_word' id='word_1_184' title='bbox 1885 2416 2001 2465; x_wconf 79' lang='lat' dir='ltr'>liber</span> <span class='ocrx_word' id='word_1_185' title='bbox 2036 2416 2269 2466; x_wconf 75' lang='lat' dir='ltr'>salmasii.</span> <span class='ocrx_word' id='word_1_186' title='bbox 2351 2415 2514 2481; x_wconf 87' lang='lat' dir='ltr'>puella</span> 
     </span>
     <span class='ocr_line' id='line_1_22' title="bbox 183 2480 2515 2561; baseline 0.001 -29"><span class='ocrx_word' id='word_1_187' title='bbox 183 2483 366 2561; x_wconf 67' lang='lat' dir='ltr'>reliqui.</span> <span class='ocrx_word' id='word_1_188' title='bbox 469 2480 549 2543; x_wconf 65' lang='lat'>37.</span> <span class='ocrx_word' id='word_1_189' title='bbox 586 2497 729 2546; x_wconf 88' lang='lat' dir='ltr'>quam</span> <span class='ocrx_word' id='word_1_190' title='bbox 767 2491 815 2532; x_wconf 92' lang='lat' dir='ltr'>et</span> <span class='ocrx_word' id='word_1_191' title='bbox 849 2482 890 2530; x_wconf 84' lang='lat' dir='ltr'>si</span> <span class='ocrx_word' id='word_1_192' title='bbox 926 2482 1047 2533; x_wconf 77' lang='lat' dir='ltr'>ABG.</span> <span class='ocrx_word' id='word_1_193' title='bbox 1171 2481 1250 2533; x_wconf 88' lang='grc'>38.</span> <span class='ocrx_word' id='word_1_194' title='bbox 1301 2485 1462 2546; x_wconf 77' lang='lat' dir='ltr'>potius</span> <span class='ocrx_word' id='word_1_195' title='bbox 1511 2483 1870 2532; x_wconf 83' lang='lat' dir='ltr'>erubescendus</span> <span class='ocrx_word' id='word_1_196' title='bbox 1907 2485 1978 2533; x_wconf 82' lang='lat' dir='ltr'>de.</span> <span class='ocrx_word' id='word_1_197' title='bbox 2099 2482 2182 2534; x_wconf 79' lang='lat'>39.</span> <span class='ocrx_word' id='word_1_198' title='bbox 2232 2483 2319 2533; x_wconf 86' lang='lat' dir='ltr'>levi</span> <span class='ocrx_word' id='word_1_199' title='bbox 2368 2492 2515 2534; x_wconf 89' lang='lat' dir='ltr'>totam</span> 
     </span>
     <span class='ocr_line' id='line_1_23' title="bbox 187 2549 2520 2615; baseline 0.001 -16"><span class='ocrx_word' id='word_1_200' title='bbox 187 2550 378 2615; x_wconf 79' lang='lat' dir='ltr'>ephtteti</span> <span class='ocrx_word' id='word_1_201' title='bbox 416 2550 488 2600; x_wconf 79' lang='grc'>0.·</span> <span class='ocrx_word' id='word_1_202' title='bbox 533 2550 772 2601; x_wconf 88' lang='lat' dir='ltr'>leniconta</span> <span class='ocrx_word' id='word_1_203' title='bbox 810 2550 1043 2613; x_wconf 80' lang='lat' dir='ltr'>ephitecis</span> <span class='ocrx_word' id='word_1_204' title='bbox 1078 2549 1127 2598; x_wconf 85' lang='lat' dir='ltr'>B.</span> <span class='ocrx_word' id='word_1_205' title='bbox 1202 2550 1406 2600; x_wconf 85' lang='lat' dir='ltr'>lenicota</span> <span class='ocrx_word' id='word_1_206' title='bbox 1444 2550 1688 2613; x_wconf 85' lang='lat' dir='ltr'>ephytecis</span> <span class='ocrx_word' id='word_1_207' title='bbox 1711 2552 1761 2600; x_wconf 76' lang='lat' dir='ltr'>A.</span> <span class='ocrx_word' id='word_1_208' title='bbox 1843 2550 1927 2601; x_wconf 78' lang='lat'>40.</span> <span class='ocrx_word' id='word_1_209' title='bbox 1969 2559 2041 2601; x_wconf 90' lang='lat' dir='ltr'>ter</span> <span class='ocrx_word' id='word_1_210' title='bbox 2076 2566 2200 2602; x_wconf 89' lang='lat' dir='ltr'>unus</span> <span class='ocrx_word' id='word_1_211' title='bbox 2235 2553 2367 2603; x_wconf 73' lang='lat' dir='ltr'>abed.</span> <span class='ocrx_word' id='word_1_212' title='bbox 2401 2553 2520 2603; x_wconf 74' lang='lat' dir='ltr'>liber</span> 
     </span>
     <span class='ocr_line' id='line_1_24' title="bbox 187 2617 2516 2671; baseline -0 -1"><span class='ocrx_word' id='word_1_213' title='bbox 187 2619 459 2670; x_wconf 75' lang='lat' dir='ltr'>Gorziemis.</span> <span class='ocrx_word' id='word_1_214' title='bbox 532 2626 631 2669; x_wconf 87' lang='lat' dir='ltr'>tum</span> <span class='ocrx_word' id='word_1_215' title='bbox 669 2632 794 2668; x_wconf 90' lang='lat' dir='ltr'>unus</span> <span class='ocrx_word' id='word_1_216' title='bbox 827 2618 915 2668; x_wconf 81' lang='lat' dir='ltr'>AB.</span> <span class='ocrx_word' id='word_1_217' title='bbox 985 2632 1110 2668; x_wconf 84' lang='lat' dir='ltr'>nnus</span> <span class='ocrx_word' id='word_1_218' title='bbox 1149 2619 1195 2669; x_wconf 87' lang='lat' dir='ltr'>C.</span> <span class='ocrx_word' id='word_1_219' title='bbox 1302 2619 1384 2669; x_wconf 78' lang='grc'>41.</span> <span class='ocrx_word' id='word_1_220' title='bbox 1432 2619 1759 2669; x_wconf 77' lang='lat' dir='ltr'>offenderetur</span> <span class='ocrx_word' id='word_1_221' title='bbox 1791 2617 1998 2670; x_wconf 68' lang='lat' dir='ltr'>aeonae.</span> <span class='ocrx_word' id='word_1_222' title='bbox 2080 2619 2409 2670; x_wconf 75' lang='lat' dir='ltr'>offunderetur</span> <span class='ocrx_word' id='word_1_223' title='bbox 2443 2622 2516 2671; x_wconf 84' lang='lat' dir='ltr'>de.</span> 
     </span>
     <span class='ocr_line' id='line_1_25' title="bbox 177 2685 2514 2753; baseline 0 -16"><span class='ocrx_word' id='word_1_224' title='bbox 177 2685 261 2737; x_wconf 79' lang='lat'>42.</span> <span class='ocrx_word' id='word_1_225' title='bbox 298 2696 637 2737; x_wconf 78' lang='lat' dir='ltr'>centaurorum</span> <span class='ocrx_word' id='word_1_226' title='bbox 675 2701 853 2750; x_wconf 82' lang='lat' dir='ltr'>quaeve</span> <span class='ocrx_word' id='word_1_227' title='bbox 888 2687 1085 2748; x_wconf 78' lang='lat' dir='ltr'>sanguis</span> <span class='ocrx_word' id='word_1_228' title='bbox 1120 2687 1172 2737; x_wconf 87' lang='lat' dir='ltr'>B.</span> <span class='ocrx_word' id='word_1_229' title='bbox 1253 2689 1601 2739; x_wconf 84' lang='lat' dir='ltr'>Centaurorum</span> <span class='ocrx_word' id='word_1_230' title='bbox 1653 2702 1803 2750; x_wconf 86' lang='lat' dir='ltr'>aeque</span> <span class='ocrx_word' id='word_1_231' title='bbox 1839 2688 2033 2749; x_wconf 78' lang='lat' dir='ltr'>sanguis</span> <span class='ocrx_word' id='word_1_232' title='bbox 2073 2688 2117 2737; x_wconf 82' lang='lat' dir='ltr'>C.</span> <span class='ocrx_word' id='word_1_233' title='bbox 2222 2687 2304 2738; x_wconf 84' lang='grc'>43.</span> <span class='ocrx_word' id='word_1_234' title='bbox 2342 2689 2514 2753; x_wconf 87' lang='lat' dir='ltr'>spiculi</span> 
     </span>
    </p>
   </div>
   <div class='ocr_carea' id='block_1_5' title="bbox 177 2754 2569 2885">
    <p class='ocr_par' dir='ltr' id='par_1_5' title="bbox 177 2754 2569 2885">
     <span class='ocr_line' id='line_1_26' title="bbox 178 2754 2569 2820; baseline -0.001 -14"><span class='ocrx_word' id='word_1_235' title='bbox 178 2756 450 2806; x_wconf 55' lang='lat' dir='ltr'>Samma</span> <span class='ocrx_word' id='word_1_236' title='bbox 521 2754 707 2819; x_wconf 83' lang='lat' dir='ltr'>speculi</span> <span class='ocrx_word' id='word_1_237' title='bbox 727 2754 966 2804; x_wconf 73' lang='lat' dir='ltr'>ABcabca.</span> <span class='ocrx_word' id='word_1_238' title='bbox 1037 2764 1085 2805; x_wconf 89' lang='lat' dir='ltr'>et</span> <span class='ocrx_word' id='word_1_239' title='bbox 1119 2756 1343 2820; x_wconf 90' lang='lat' dir='ltr'>peniculo</span> <span class='ocrx_word' id='word_1_240' title='bbox 1377 2756 1427 2806; x_wconf 77' lang='lat' dir='ltr'>A.</span> <span class='ocrx_word' id='word_1_241' title='bbox 1453 2771 1623 2805; x_wconf 56' lang='lat' dir='ltr'>macc.</span> <span class='ocrx_word' id='word_1_242' title='bbox 1707 2755 1787 2804; x_wconf 87' lang='grc'>44.</span> <span class='ocrx_word' id='word_1_243' title='bbox 1826 2763 2115 2805; x_wconf 83' lang='lat' dir='ltr'>monstratas</span> <span class='ocrx_word' id='word_1_244' title='bbox 2151 2756 2239 2805; x_wconf 84' lang='lat' dir='ltr'>flxa</span> <span class='ocrx_word' id='word_1_245' title='bbox 2276 2757 2512 2816; x_wconf 86' lang='lat' dir='ltr'>(monstra</span> <span class='ocrx_word' id='word_1_246' title='bbox 2552 2781 2569 2814; x_wconf 62' lang='grc' dir='ltr'>ι</span> 
     </span>
     <span class='ocr_line' id='line_1_27' title="bbox 177 2823 934 2885; baseline -0.001 -13"><span class='ocrx_word' id='word_1_247' title='bbox 177 2823 402 2873; x_wconf 79' lang='lat' dir='ltr'>transfixa</span> <span class='ocrx_word' id='word_1_248' title='bbox 437 2823 508 2885; x_wconf 76' lang='lat' dir='ltr'>A.)</span> <span class='ocrx_word' id='word_1_249' title='bbox 545 2831 779 2873; x_wconf 84' lang='lat' dir='ltr'>coronant</span> <span class='ocrx_word' id='word_1_250' title='bbox 811 2823 934 2874; x_wconf 77' lang='lat' dir='ltr'>ABG.</span> 
     </span>
    </p>
   </div>
   <div class='ocr_carea' id='block_1_6' title="bbox 177 2957 1295 3023">
    <p class='ocr_par' dir='ltr' id='par_1_6' title="bbox 177 2957 1295 3023">
     <span class='ocr_line' id='line_1_28' title="bbox 177 2957 1295 3023; baseline -0.002 -15"><span class='ocrx_word' id='word_1_251' title='bbox 177 2958 452 3019; x_wconf 69' lang='lat' dir='ltr'>demulcere,</span> <span class='ocrx_word' id='word_1_252' title='bbox 493 2958 624 3023; x_wconf 90' lang='lat' dir='ltr'>quod</span> <span class='ocrx_word' id='word_1_253' title='bbox 659 2973 756 3007; x_wconf 89' lang='lat' dir='ltr'>non</span> <span class='ocrx_word' id='word_1_254' title='bbox 794 2966 1070 3021; x_wconf 83' lang='lat' dir='ltr'>corruptum</span> <span class='ocrx_word' id='word_1_255' title='bbox 1098 2957 1295 3007; x_wconf 80' lang='lat' dir='ltr'>videtur.</span> 
     </span>
    </p>
   </div>
   <div class='ocr_carea' id='block_1_7' title="bbox 173 2955 2511 3088">
    <p class='ocr_par' dir='ltr' id='par_1_7' title="bbox 173 2955 2511 3088">
     <span class='ocr_line' id='line_1_29' title="bbox 1395 2955 2511 3023; baseline 0.004 -17"><span class='ocrx_word' id='word_1_256' title='bbox 1395 2955 1694 3015; x_wconf 77' lang='lat' dir='ltr'>N.xxxV‚3</span> <span class='ocrx_word' id='word_1_257' title='bbox 1731 2957 1928 3017; x_wconf 84' lang='lat' dir='ltr'>„Sentis</span> <span class='ocrx_word' id='word_1_258' title='bbox 1964 2956 2088 3006; x_wconf 90' lang='lat' dir='ltr'>enim</span> <span class='ocrx_word' id='word_1_259' title='bbox 2126 2957 2348 3023; x_wconf 82' lang='lat' dir='ltr'>qualibus</span> <span class='ocrx_word' id='word_1_260' title='bbox 2384 2959 2511 3023; x_wconf 84' lang='lat' dir='ltr'>apud</span> 
     </span>
     <span class='ocr_line' id='line_1_30' title="bbox 173 3025 1292 3088; baseline 0.001 -14"><span class='ocrx_word' id='word_1_261' title='bbox 173 3025 296 3075; x_wconf 82' lang='lat' dir='ltr'>Nam</span> <span class='ocrx_word' id='word_1_262' title='bbox 346 3025 594 3075; x_wconf 83' lang='lat' dir='ltr'>dicebatur</span> <span class='ocrx_word' id='word_1_263' title='bbox 640 3034 687 3074; x_wconf 89' lang='lat' dir='ltr'>et</span> <span class='ocrx_word' id='word_1_264' title='bbox 718 3026 922 3075; x_wconf 78' lang='lat' dir='ltr'>mulcere</span> <span class='ocrx_word' id='word_1_265' title='bbox 956 3040 1046 3088; x_wconf 89' lang='lat' dir='ltr'>pro</span> <span class='ocrx_word' id='word_1_266' title='bbox 1080 3026 1292 3087; x_wconf 79' lang='lat' dir='ltr'>mulcere,</span> 
     </span>
    </p>
   </div>
   <div class='ocr_carea' id='block_1_8' title="bbox 1396 3026 2514 3087">
    <p class='ocr_par' dir='ltr' id='par_1_8' title="bbox 1396 3026 2514 3087">
     <span class='ocr_line' id='line_1_31' title="bbox 1396 3026 2514 3087; baseline 0.003 -14"><span class='ocrx_word' id='word_1_267' title='bbox 1396 3026 1590 3074; x_wconf 80' lang='lat' dir='ltr'>Troiam</span> <span class='ocrx_word' id='word_1_268' title='bbox 1610 3033 1871 3087; x_wconf 74' lang='lat' dir='ltr'>pugnatum</span> <span class='ocrx_word' id='word_1_269' title='bbox 1891 3032 1981 3085; x_wconf 84' lang='lat' dir='ltr'>est,</span> <span class='ocrx_word' id='word_1_270' title='bbox 2008 3027 2374 3076; x_wconf 82' lang='lat' dir='ltr'>continebantur</span> <span class='ocrx_word' id='word_1_271' title='bbox 2391 3027 2514 3076; x_wconf 89' lang='lat' dir='ltr'>ima-</span> 
     </span>
    </p>
   </div>
   <div class='ocr_carea' id='block_1_9' title="bbox 148 3092 1299 4173">
    <p class='ocr_par' dir='ltr' id='par_1_9' title="bbox 167 3092 1297 3496">
     <span class='ocr_line' id='line_1_32' title="bbox 171 3092 1296 3144; baseline 0 -2"><span class='ocrx_word' id='word_1_272' title='bbox 171 3101 226 3142; x_wconf 76' lang='grc' dir='ltr'>ιιι</span> <span class='ocrx_word' id='word_1_273' title='bbox 262 3093 443 3143; x_wconf 87' lang='lat' dir='ltr'>diserte</span> <span class='ocrx_word' id='word_1_274' title='bbox 479 3100 681 3143; x_wconf 78' lang='lat' dir='ltr'>testatur</span> <span class='ocrx_word' id='word_1_275' title='bbox 727 3101 894 3143; x_wconf 83' lang='lat' dir='ltr'>auctor</span> <span class='ocrx_word' id='word_1_276' title='bbox 931 3093 1163 3144; x_wconf 83' lang='lat' dir='ltr'>Glossarii</span> <span class='ocrx_word' id='word_1_277' title='bbox 1199 3092 1296 3142; x_wconf 87' lang='lat' dir='ltr'>Vet.</span> 
     </span>
     <span class='ocr_line' id='line_1_33' title="bbox 174 3160 1294 3225; baseline -0.001 -14"><span class='ocrx_word' id='word_1_278' title='bbox 174 3160 308 3225; x_wconf 87' lang='lat' dir='ltr'>quod</span> <span class='ocrx_word' id='word_1_279' title='bbox 343 3161 494 3211; x_wconf 80' lang='lat' dir='ltr'>edidit</span> <span class='ocrx_word' id='word_1_280' title='bbox 525 3162 641 3222; x_wconf 68' lang='grc' dir='ltr'>Αιιι.</span> <span class='ocrx_word' id='word_1_281' title='bbox 679 3161 829 3211; x_wconf 65' lang='lat' dir='ltr'>Baius</span> <span class='ocrx_word' id='word_1_282' title='bbox 867 3160 914 3209; x_wconf 90' lang='lat' dir='ltr'>in</span> <span class='ocrx_word' id='word_1_283' title='bbox 950 3163 1101 3210; x_wconf 75' lang='lat' dir='ltr'>Auctt.</span> <span class='ocrx_word' id='word_1_284' title='bbox 1140 3160 1294 3210; x_wconf 86' lang='lat' dir='ltr'>class.</span> 
     </span>
     <span class='ocr_line' id='line_1_34' title="bbox 167 3227 1294 3293; baseline -0.002 -14"><span class='ocrx_word' id='word_1_285' title='bbox 167 3236 295 3279; x_wconf 85' lang='lat' dir='ltr'>tom.</span> <span class='ocrx_word' id='word_1_286' title='bbox 324 3227 444 3279; x_wconf 80' lang='lat' dir='ltr'>vm.</span> <span class='ocrx_word' id='word_1_287' title='bbox 479 3245 526 3293; x_wconf 88' lang='lat' dir='ltr'>p.</span> <span class='ocrx_word' id='word_1_288' title='bbox 553 3227 669 3279; x_wconf 79' lang='lat'>345.</span> <span class='ocrx_word' id='word_1_289' title='bbox 761 3228 818 3277; x_wconf 79' lang='lat' dir='ltr'>Et</span> <span class='ocrx_word' id='word_1_290' title='bbox 854 3235 1024 3277; x_wconf 88' lang='lat' dir='ltr'>testem</span> <span class='ocrx_word' id='word_1_291' title='bbox 1061 3229 1187 3277; x_wconf 88' lang='lat' dir='ltr'>sistit</span> <span class='ocrx_word' id='word_1_292' title='bbox 1221 3227 1294 3277; x_wconf 87' lang='lat' dir='ltr'>Du</span> 
     </span>
     <span class='ocr_line' id='line_1_35' title="bbox 171 3295 1297 3359; baseline -0.001 -13"><span class='ocrx_word' id='word_1_293' title='bbox 171 3295 387 3359; x_wconf 72' lang='lat' dir='ltr'>Caugins</span> <span class='ocrx_word' id='word_1_294' title='bbox 437 3311 492 3346; x_wconf 82' lang='lat' dir='ltr'>ex</span> <span class='ocrx_word' id='word_1_295' title='bbox 537 3296 761 3346; x_wconf 74' lang='lat' dir='ltr'>Althelmi</span> <span class='ocrx_word' id='word_1_296' title='bbox 810 3295 892 3347; x_wconf 88' lang='lat' dir='ltr'>lib.</span> <span class='ocrx_word' id='word_1_297' title='bbox 922 3296 1016 3345; x_wconf 88' lang='lat' dir='ltr'>Vll.</span> <span class='ocrx_word' id='word_1_298' title='bbox 1070 3295 1129 3344; x_wconf 89' lang='lat' dir='ltr'>de</span> <span class='ocrx_word' id='word_1_299' title='bbox 1167 3296 1297 3345; x_wconf 86' lang='lat' dir='ltr'>Vitiis</span> 
     </span>
     <span class='ocr_line' id='line_1_36' title="bbox 171 3363 1295 3428; baseline -0.006 -10"><span class='ocrx_word' id='word_1_300' title='bbox 171 3364 475 3428; x_wconf 78' lang='lat' dir='ltr'>Capitalihus</span> <span class='ocrx_word' id='word_1_301' title='bbox 524 3366 653 3415; x_wconf 83' lang='lat' dir='ltr'>bunc</span> <span class='ocrx_word' id='word_1_302' title='bbox 697 3376 918 3413; x_wconf 82' lang='lat' dir='ltr'>versum.</span> <span class='ocrx_word' id='word_1_303' title='bbox 967 3363 1220 3427; x_wconf 83' lang='lat' dir='ltr'>„Denique</span> <span class='ocrx_word' id='word_1_304' title='bbox 1254 3363 1295 3412; x_wconf 88' lang='lat' dir='ltr'>si</span> 
     </span>
     <span class='ocr_line' id='line_1_37' title="bbox 167 3433 1034 3496; baseline 0 -16"><span class='ocrx_word' id='word_1_305' title='bbox 167 3433 334 3496; x_wconf 87' lang='lat' dir='ltr'>potuit</span> <span class='ocrx_word' id='word_1_306' title='bbox 371 3433 491 3483; x_wconf 87' lang='lat' dir='ltr'>caeli</span> <span class='ocrx_word' id='word_1_307' title='bbox 525 3434 727 3483; x_wconf 74' lang='lat' dir='ltr'>mulcere</span> <span class='ocrx_word' id='word_1_308' title='bbox 767 3433 1034 3481; x_wconf 61' lang='lat' dir='ltr'>catervasf‘</span> 
     </span>
    </p>

    <p class='ocr_par' dir='ltr' id='par_1_10' title="bbox 148 3494 1299 4173">
     <span class='ocr_line' id='line_1_38' title="bbox 239 3494 1295 3579; baseline -0.002 -30"><span class='ocrx_word' id='word_1_309' title='bbox 239 3513 287 3550; x_wconf 78' lang='lat' dir='ltr'>x.</span> <span class='ocrx_word' id='word_1_310' title='bbox 325 3501 450 3563; x_wconf 85' lang='lat' dir='ltr'>apud</span> <span class='ocrx_word' id='word_1_311' title='bbox 487 3501 681 3579; x_wconf 76' lang='lat' dir='ltr'>Sigeum</span> <span class='ocrx_word' id='word_1_312' title='bbox 727 3494 995 3563; x_wconf 76' lang='lat' dir='ltr'>strongyla]</span> <span class='ocrx_word' id='word_1_313' title='bbox 1043 3497 1295 3561; x_wconf 73' lang='lat' dir='ltr'>Strongyle</span> 
     </span>
     <span class='ocr_line' id='line_1_39' title="bbox 166 3561 1298 3646; baseline -0.002 -29"><span class='ocrx_word' id='word_1_314' title='bbox 166 3574 252 3617; x_wconf 85' lang='lat' dir='ltr'>est</span> <span class='ocrx_word' id='word_1_315' title='bbox 300 3577 404 3646; x_wconf 73' lang='grc' dir='ltr'>στρ</span> <span class='ocrx_word' id='word_1_316' title='bbox 527 3561 625 3627; x_wconf 75' lang='grc' dir='ltr'>’λη.</span> <span class='ocrx_word' id='word_1_317' title='bbox 715 3567 783 3616; x_wconf 88' lang='lat' dir='ltr'>lta</span> <span class='ocrx_word' id='word_1_318' title='bbox 839 3569 1019 3616; x_wconf 78' lang='lat' dir='ltr'>vocavit</span> <span class='ocrx_word' id='word_1_319' title='bbox 1077 3567 1298 3616; x_wconf 83' lang='lat' dir='ltr'>absolute</span> 
     </span>
     <span class='ocr_line' id='line_1_40' title="bbox 162 3625 1296 3700; baseline 0 -17"><span class='ocrx_word' id='word_1_320' title='bbox 162 3629 280 3694; x_wconf 72' lang='grc' dir='ltr'>τὴν</span> <span class='ocrx_word' id='word_1_321' title='bbox 313 3625 430 3683; x_wconf 74' lang='grc' dir='ltr'>ἇσπ</span> <span class='ocrx_word' id='word_1_322' title='bbox 488 3638 655 3685; x_wconf 82' lang='lat' dir='ltr'>asive</span> <span class='ocrx_word' id='word_1_323' title='bbox 679 3627 966 3700; x_wconf 81' lang='grc' dir='ltr'>προτομὴν</span> <span class='ocrx_word' id='word_1_324' title='bbox 999 3635 1046 3683; x_wconf 92' lang='lat' dir='ltr'>in</span> <span class='ocrx_word' id='word_1_325' title='bbox 1117 3649 1174 3682; x_wconf 86' lang='lat' dir='ltr'>ua</span> <span class='ocrx_word' id='word_1_326' title='bbox 1213 3648 1296 3683; x_wconf 90' lang='lat' dir='ltr'>so-</span> 
     </span>
     <span class='ocr_line' id='line_1_41' title="bbox 161 3694 1299 3767; baseline -0.002 -15"><span class='ocrx_word' id='word_1_327' title='bbox 161 3703 252 3753; x_wconf 76' lang='lat' dir='ltr'>lus</span> <span class='ocrx_word' id='word_1_328' title='bbox 289 3703 449 3754; x_wconf 82' lang='lat' dir='ltr'>vultus</span> <span class='ocrx_word' id='word_1_329' title='bbox 485 3711 590 3755; x_wconf 87' lang='lat' dir='ltr'>erat</span> <span class='ocrx_word' id='word_1_330' title='bbox 622 3717 896 3767; x_wconf 79' lang='lat' dir='ltr'>expressus.</span> <span class='ocrx_word' id='word_1_331' title='bbox 977 3694 1060 3749; x_wconf 80' lang='grc' dir='ltr'>Κύ</span> <span class='ocrx_word' id='word_1_332' title='bbox 1125 3715 1217 3754; x_wconf 80' lang='grc' dir='ltr'>ους·</span> <span class='ocrx_word' id='word_1_333' title='bbox 1250 3709 1299 3751; x_wconf 89' lang='lat' dir='ltr'>et</span> 
     </span>
     <span class='ocr_line' id='line_1_42' title="bbox 156 3761 1298 3836; baseline -0.002 -18"><span class='ocrx_word' id='word_1_334' title='bbox 156 3765 396 3824; x_wconf 72' lang='grc' dir='ltr'>δίσκους</span> <span class='ocrx_word' id='word_1_335' title='bbox 431 3774 574 3826; x_wconf 80' lang='lat' dir='ltr'>etiam</span> <span class='ocrx_word' id='word_1_336' title='bbox 611 3771 882 3836; x_wconf 82' lang='lat' dir='ltr'>appellatos</span> <span class='ocrx_word' id='word_1_337' title='bbox 931 3784 1039 3820; x_wconf 85' lang='lat' dir='ltr'>esse</span> <span class='ocrx_word' id='word_1_338' title='bbox 1094 3778 1142 3819; x_wconf 89' lang='lat' dir='ltr'>et</span> <span class='ocrx_word' id='word_1_339' title='bbox 1183 3761 1298 3817; x_wconf 74' lang='grc' dir='ltr'>θώ·</span> 
     </span>
     <span class='ocr_line' id='line_1_43' title="bbox 159 3837 1295 3904; baseline -0.008 -10"><span class='ocrx_word' id='word_1_340' title='bbox 159 3852 347 3904; x_wconf 63' lang='lat' dir='ltr'>omma·</span> <span class='ocrx_word' id='word_1_341' title='bbox 383 3842 580 3894; x_wconf 84' lang='lat' dir='ltr'>Graecis</span> <span class='ocrx_word' id='word_1_342' title='bbox 616 3854 705 3889; x_wconf 87' lang='lat' dir='ltr'>nos</span> <span class='ocrx_word' id='word_1_343' title='bbox 743 3838 854 3888; x_wconf 86' lang='lat' dir='ltr'>alibi</span> <span class='ocrx_word' id='word_1_344' title='bbox 884 3837 1150 3887; x_wconf 85' lang='lat' dir='ltr'>docuimus.</span> <span class='ocrx_word' id='word_1_345' title='bbox 1202 3838 1295 3887; x_wconf 83' lang='lat' dir='ltr'>La·</span> 
     </span>
     <span class='ocr_line' id='line_1_44' title="bbox 155 3905 1295 3973; baseline -0.002 -17"><span class='ocrx_word' id='word_1_346' title='bbox 155 3907 270 3957; x_wconf 84' lang='lat' dir='ltr'>tini-</span> <span class='ocrx_word' id='word_1_347' title='bbox 295 3909 458 3973; x_wconf 71' lang='lat' dir='ltr'>clypea</span> <span class='ocrx_word' id='word_1_348' title='bbox 503 3907 573 3959; x_wconf 83' lang='lat' dir='ltr'>vel</span> <span class='ocrx_word' id='word_1_349' title='bbox 612 3909 795 3972; x_wconf 74' lang='lat' dir='ltr'>clypeos</span> <span class='ocrx_word' id='word_1_350' title='bbox 840 3905 1161 3969; x_wconf 84' lang='lat' dir='ltr'>appellarunt,</span> <span class='ocrx_word' id='word_1_351' title='bbox 1214 3906 1295 3969; x_wconf 90' lang='lat' dir='ltr'>qui</span> 
     </span>
     <span class='ocr_line' id='line_1_45' title="bbox 151 3972 1295 4037; baseline -0.004 -12"><span class='ocrx_word' id='word_1_352' title='bbox 151 3977 369 4025; x_wconf 82' lang='lat' dir='ltr'>rotundi</span> <span class='ocrx_word' id='word_1_353' title='bbox 406 3984 534 4026; x_wconf 83' lang='lat' dir='ltr'>sunt.</span> <span class='ocrx_word' id='word_1_354' title='bbox 612 3977 726 4026; x_wconf 86' lang='lat' dir='ltr'>lude</span> <span class='ocrx_word' id='word_1_355' title='bbox 761 3983 812 4025; x_wconf 89' lang='lat' dir='ltr'>et</span> <span class='ocrx_word' id='word_1_356' title='bbox 845 3973 1104 4037; x_wconf 71' lang='lat' dir='ltr'>strongyla.</span> <span class='ocrx_word' id='word_1_357' title='bbox 1170 3972 1295 4022; x_wconf 85' lang='lat' dir='ltr'>lma-</span> 
     </span>
     <span class='ocr_line' id='line_1_46' title="bbox 151 4043 1298 4107; baseline -0.003 -15"><span class='ocrx_word' id='word_1_358' title='bbox 151 4043 335 4107; x_wconf 75' lang='lat' dir='ltr'>ginem</span> <span class='ocrx_word' id='word_1_359' title='bbox 409 4058 524 4094; x_wconf 90' lang='lat' dir='ltr'>orro</span> <span class='ocrx_word' id='word_1_360' title='bbox 544 4044 740 4094; x_wconf 79' lang='lat' dir='ltr'>Achillis</span> <span class='ocrx_word' id='word_1_361' title='bbox 777 4057 862 4093; x_wconf 90' lang='lat' dir='ltr'>ore</span> <span class='ocrx_word' id='word_1_362' title='bbox 898 4049 1079 4091; x_wconf 87' lang='lat' dir='ltr'>tantum</span> <span class='ocrx_word' id='word_1_363' title='bbox 1102 4055 1298 4105; x_wconf 85' lang='lat' dir='ltr'>expres-</span> 
     </span>
     <span class='ocr_line' id='line_1_47' title="bbox 148 4109 1297 4173; baseline -0.004 -11"><span class='ocrx_word' id='word_1_364' title='bbox 148 4125 282 4162; x_wconf 79' lang='lat' dir='ltr'>sam·</span> <span class='ocrx_word' id='word_1_365' title='bbox 314 4112 366 4164; x_wconf 90' lang='lat' dir='ltr'>in</span> <span class='ocrx_word' id='word_1_366' title='bbox 442 4113 547 4173; x_wconf 79' lang='lat' dir='ltr'>igeo</span> <span class='ocrx_word' id='word_1_367' title='bbox 584 4112 751 4172; x_wconf 81' lang='lat' dir='ltr'>luisse,</span> <span class='ocrx_word' id='word_1_368' title='bbox 798 4126 894 4160; x_wconf 92' lang='lat' dir='ltr'>non</span> <span class='ocrx_word' id='word_1_369' title='bbox 931 4113 1134 4161; x_wconf 83' lang='lat' dir='ltr'>statuam</span> <span class='ocrx_word' id='word_1_370' title='bbox 1173 4109 1297 4158; x_wconf 91' lang='lat' dir='ltr'>inte-</span> 
     </span>
    </p>
   </div>
   <div class='ocr_carea' id='block_1_10' title="bbox 149 4178 1348 4244">
    <p class='ocr_par' dir='ltr' id='par_1_11' title="bbox 149 4178 1348 4244">
     <span class='ocr_line' id='line_1_48' title="bbox 149 4178 1348 4244; baseline -0.005 -15"><span class='ocrx_word' id='word_1_371' title='bbox 149 4193 328 4244; x_wconf 78' lang='lat' dir='ltr'>gram,</span> <span class='ocrx_word' id='word_1_372' title='bbox 390 4187 594 4230; x_wconf 89' lang='lat' dir='ltr'>testatur</span> <span class='ocrx_word' id='word_1_373' title='bbox 629 4179 801 4230; x_wconf 84' lang='lat' dir='ltr'>Lucius</span> <span class='ocrx_word' id='word_1_374' title='bbox 837 4178 1084 4243; x_wconf 74' lang='lat' dir='ltr'>Ampelius</span> <span class='ocrx_word' id='word_1_375' title='bbox 1131 4182 1299 4226; x_wconf 81' lang='lat' dir='ltr'>auctor</span> <span class='ocrx_word' id='word_1_376' title='bbox 1344 4211 1348 4222; x_wconf 38' lang='lat'><strong>⁴</strong></span> 
     </span>
    </p>
   </div>
   <div class='ocr_carea' id='block_1_11' title="bbox 149 4244 1300 4652">
    <p class='ocr_par' dir='ltr' id='par_1_12' title="bbox 149 4244 1300 4652">
     <span class='ocr_line' id='line_1_49' title="bbox 153 4244 1298 4313; baseline -0.004 -16"><span class='ocrx_word' id='word_1_377' title='bbox 153 4255 328 4306; x_wconf 74' lang='lat' dir='ltr'>vetus,</span> <span class='ocrx_word' id='word_1_378' title='bbox 369 4261 512 4312; x_wconf 87' lang='lat' dir='ltr'>quem</span> <span class='ocrx_word' id='word_1_379' title='bbox 551 4261 604 4296; x_wconf 86' lang='lat' dir='ltr'>ex</span> <span class='ocrx_word' id='word_1_380' title='bbox 642 4247 926 4300; x_wconf 83' lang='lat' dir='ltr'>bibliotheca</span> <span class='ocrx_word' id='word_1_381' title='bbox 957 4246 1124 4313; x_wconf 89' lang='lat' dir='ltr'>optimi</span> <span class='ocrx_word' id='word_1_382' title='bbox 1155 4244 1298 4294; x_wconf 85' lang='lat' dir='ltr'>lureti</span> 
     </span>
     <span class='ocr_line' id='line_1_50' title="bbox 149 4309 1296 4383; baseline -0.001 -22"><span class='ocrx_word' id='word_1_383' title='bbox 149 4313 269 4366; x_wconf 75' lang='grc' dir='ltr'>τοῦ</span> <span class='ocrx_word' id='word_1_384' title='bbox 305 4309 622 4383; x_wconf 77' lang='grc' dir='ltr'><strong><em>μακαρίτου</em></strong></span> <span class='ocrx_word' id='word_1_385' title='bbox 655 4315 908 4365; x_wconf 82' lang='lat' dir='ltr'>habuimus</span> <span class='ocrx_word' id='word_1_386' title='bbox 934 4318 1089 4381; x_wconf 80' lang='lat' dir='ltr'>capite</span> <span class='ocrx_word' id='word_1_387' title='bbox 1114 4315 1174 4364; x_wconf 86' lang='lat' dir='ltr'>de</span> <span class='ocrx_word' id='word_1_388' title='bbox 1193 4327 1296 4363; x_wconf 86' lang='lat' dir='ltr'>ma-</span> 
     </span>
     <span class='ocr_line' id='line_1_51' title="bbox 149 4375 1298 4445; baseline -0.005 -11"><span class='ocrx_word' id='word_1_389' title='bbox 149 4375 302 4434; x_wconf 76' lang='lat' dir='ltr'>ri’um</span> <span class='ocrx_word' id='word_1_390' title='bbox 345 4386 559 4434; x_wconf 87' lang='lat' dir='ltr'>ambitu:</span> <span class='ocrx_word' id='word_1_391' title='bbox 614 4382 785 4443; x_wconf 85' lang='lat' dir='ltr'>„luxta</span> <span class='ocrx_word' id='word_1_392' title='bbox 833 4390 988 4432; x_wconf 86' lang='lat' dir='ltr'>autem</span> <span class='ocrx_word' id='word_1_393' title='bbox 1037 4398 1168 4433; x_wconf 89' lang='lat' dir='ltr'>mare</span> <span class='ocrx_word' id='word_1_394' title='bbox 1218 4379 1298 4445; x_wconf 88' lang='lat' dir='ltr'>qui</span> 
     </span>
     <span class='ocr_line' id='line_1_52' title="bbox 149 4448 1300 4508; baseline -0.004 -6"><span class='ocrx_word' id='word_1_395' title='bbox 149 4451 315 4502; x_wconf 76' lang='lat' dir='ltr'>locus</span> <span class='ocrx_word' id='word_1_396' title='bbox 355 4452 633 4502; x_wconf 82' lang='lat' dir='ltr'>Rhoetaeon</span> <span class='ocrx_word' id='word_1_397' title='bbox 671 4449 874 4508; x_wconf 67' lang='lat' dir='ltr'>dicitur,</span> <span class='ocrx_word' id='word_1_398' title='bbox 898 4449 960 4497; x_wconf 88' lang='lat' dir='ltr'>ihi</span> <span class='ocrx_word' id='word_1_399' title='bbox 996 4461 1067 4500; x_wconf 79' lang='lat' dir='ltr'>eat</span> <span class='ocrx_word' id='word_1_400' title='bbox 1101 4448 1300 4501; x_wconf 79' lang='lat' dir='ltr'>Achillis</span> 
     </span>
     <span class='ocr_line' id='line_1_53' title="bbox 150 4515 1297 4579; baseline -0.003 -9"><span class='ocrx_word' id='word_1_401' title='bbox 150 4527 210 4570; x_wconf 88' lang='lat' dir='ltr'>et</span> <span class='ocrx_word' id='word_1_402' title='bbox 251 4518 472 4570; x_wconf 79' lang='lat' dir='ltr'>Patrocli</span> <span class='ocrx_word' id='word_1_403' title='bbox 520 4516 730 4566; x_wconf 55' lang='lat' dir='ltr'>vultusst‘</span> <span class='ocrx_word' id='word_1_404' title='bbox 812 4515 978 4564; x_wconf 82' lang='lat' dir='ltr'>Vultus</span> <span class='ocrx_word' id='word_1_405' title='bbox 1025 4525 1097 4565; x_wconf 86' lang='lat' dir='ltr'>est</span> <span class='ocrx_word' id='word_1_406' title='bbox 1141 4519 1297 4579; x_wconf 73' lang='lat' dir='ltr'>imago</span> 
     </span>
     <span class='ocr_line' id='line_1_54' title="bbox 151 4583 1299 4652; baseline -0.006 -13"><span class='ocrx_word' id='word_1_407' title='bbox 151 4593 256 4639; x_wconf 78' lang='lat' dir='ltr'>ore</span> <span class='ocrx_word' id='word_1_408' title='bbox 297 4586 377 4637; x_wconf 79' lang='lat' dir='ltr'>vel</span> <span class='ocrx_word' id='word_1_409' title='bbox 416 4595 613 4652; x_wconf 85' lang='lat' dir='ltr'>pectore</span> <span class='ocrx_word' id='word_1_410' title='bbox 631 4592 773 4634; x_wconf 90' lang='lat' dir='ltr'>tenus</span> <span class='ocrx_word' id='word_1_411' title='bbox 803 4597 1029 4645; x_wconf 81' lang='lat' dir='ltr'>expressa</span> <span class='ocrx_word' id='word_1_412' title='bbox 1049 4583 1093 4631; x_wconf 89' lang='lat' dir='ltr'>in</span> <span class='ocrx_word' id='word_1_413' title='bbox 1114 4584 1299 4648; x_wconf 85' lang='lat' dir='ltr'>clypeo.</span> 
     </span>
    </p>
   </div>
   <div class='ocr_carea' id='block_1_12' title="bbox 148 4649 1299 4733">
    <p class='ocr_par' dir='ltr' id='par_1_13' title="bbox 148 4649 1299 4733">
     <span class='ocr_line' id='line_1_55' title="bbox 148 4649 1299 4733; baseline -0.008 -24"><span class='ocrx_word' id='word_1_414' title='bbox 148 4654 415 4722; x_wconf 85' lang='lat' dir='ltr'>(Salmas.</span> <span class='ocrx_word' id='word_1_415' title='bbox 453 4655 503 4705; x_wconf 89' lang='lat' dir='ltr'>iu</span> <span class='ocrx_word' id='word_1_416' title='bbox 535 4651 690 4733; x_wconf 49' lang='lat' dir='ltr'>holin.</span> <span class='ocrx_word' id='word_1_417' title='bbox 727 4649 930 4716; x_wconf 76' lang='lat' dir='ltr'>p.610.)</span> <span class='ocrx_word' id='word_1_418' title='bbox 999 4650 1071 4700; x_wconf 81' lang='lat' dir='ltr'>Cr.</span> <span class='ocrx_word' id='word_1_419' title='bbox 1107 4651 1299 4701; x_wconf 58' lang='lat' dir='ltr'>mian.</span> 
     </span>
    </p>
   </div>
   <div class='ocr_carea' id='block_1_13' title="bbox 397 4895 428 4916">
    <p class='ocr_par' dir='ltr' id='par_1_14' title="bbox 397 4895 428 4916">
     <span class='ocr_line' id='line_1_56' title="bbox 397 4895 428 4916; baseline 0 0"><span class='ocrx_word' id='word_1_420' title='bbox 397 4895 428 4916; x_wconf 62' lang='lat' dir='ltr'>a?</span> 
     </span>
    </p>
   </div>
   <div class='ocr_carea' id='block_1_14' title="bbox 1395 3093 2514 4717">
    <p class='ocr_par' dir='ltr' id='par_1_15' title="bbox 1395 3093 2514 3629">
     <span class='ocr_line' id='line_1_57' title="bbox 1398 3093 2512 3158; baseline 0.002 -17"><span class='ocrx_word' id='word_1_421' title='bbox 1398 3093 1551 3155; x_wconf 72' lang='lat' dir='ltr'>gines,</span> <span class='ocrx_word' id='word_1_422' title='bbox 1601 3093 1728 3142; x_wconf 90' lang='lat' dir='ltr'>unde</span> <span class='ocrx_word' id='word_1_423' title='bbox 1765 3100 1811 3141; x_wconf 92' lang='lat' dir='ltr'>et</span> <span class='ocrx_word' id='word_1_424' title='bbox 1847 3106 2021 3141; x_wconf 86' lang='lat' dir='ltr'>nomen</span> <span class='ocrx_word' id='word_1_425' title='bbox 2070 3093 2278 3143; x_wconf 85' lang='lat' dir='ltr'>habuere</span> <span class='ocrx_word' id='word_1_426' title='bbox 2314 3094 2512 3158; x_wconf 84' lang='lat' dir='ltr'>clypeo-</span> 
     </span>
     <span class='ocr_line' id='line_1_58' title="bbox 1395 3163 2510 3223; baseline 0.003 -14"><span class='ocrx_word' id='word_1_427' title='bbox 1395 3175 1520 3218; x_wconf 78' lang='lat' dir='ltr'>rum,</span> <span class='ocrx_word' id='word_1_428' title='bbox 1569 3175 1683 3220; x_wconf 89' lang='lat' dir='ltr'>non,</span> <span class='ocrx_word' id='word_1_429' title='bbox 1738 3168 1789 3209; x_wconf 88' lang='lat' dir='ltr'>ut</span> <span class='ocrx_word' id='word_1_430' title='bbox 1834 3174 2057 3223; x_wconf 80' lang='lat' dir='ltr'>perversa</span> <span class='ocrx_word' id='word_1_431' title='bbox 2093 3163 2510 3222; x_wconf 79' lang='lat' dir='ltr'>grammaticorum</span> 
     </span>
     <span class='ocr_line' id='line_1_59' title="bbox 1396 3228 2511 3286; baseline 0.002 -9"><span class='ocrx_word' id='word_1_432' title='bbox 1396 3228 1637 3277; x_wconf 80' lang='lat' dir='ltr'>subtilitas</span> <span class='ocrx_word' id='word_1_433' title='bbox 1673 3228 1838 3286; x_wconf 80' lang='lat' dir='ltr'>voluit,</span> <span class='ocrx_word' id='word_1_434' title='bbox 1875 3243 1901 3275; x_wconf 89' lang='lat' dir='ltr'>a</span> <span class='ocrx_word' id='word_1_435' title='bbox 1939 3228 2198 3278; x_wconf 86' lang='lat' dir='ltr'>cluendo.“</span> <span class='ocrx_word' id='word_1_436' title='bbox 2254 3229 2325 3280; x_wconf 76' lang='lat' dir='ltr'>Cf.</span> <span class='ocrx_word' id='word_1_437' title='bbox 2362 3230 2511 3279; x_wconf 87' lang='lat' dir='ltr'>Salm.</span> 
     </span>
     <span class='ocr_line' id='line_1_60' title="bbox 1399 3295 2514 3359; baseline 0.003 -15"><span class='ocrx_word' id='word_1_438' title='bbox 1399 3296 1456 3345; x_wconf 83' lang='lat' dir='ltr'>ad</span> <span class='ocrx_word' id='word_1_439' title='bbox 1493 3295 1693 3345; x_wconf 83' lang='lat' dir='ltr'>Tertull.</span> <span class='ocrx_word' id='word_1_440' title='bbox 1732 3296 1798 3345; x_wconf 86' lang='lat' dir='ltr'>De</span> <span class='ocrx_word' id='word_1_441' title='bbox 1835 3295 1951 3345; x_wconf 87' lang='lat' dir='ltr'>Pall.</span> <span class='ocrx_word' id='word_1_442' title='bbox 1991 3296 2166 3359; x_wconf 82' lang='lat' dir='ltr'>p.290.</span> <span class='ocrx_word' id='word_1_443' title='bbox 2205 3297 2279 3346; x_wconf 91' lang='lat' dir='ltr'>ed.</span> <span class='ocrx_word' id='word_1_444' title='bbox 2310 3296 2417 3358; x_wconf 71' lang='lat' dir='ltr'>Lu„</span> <span class='ocrx_word' id='word_1_445' title='bbox 2444 3297 2514 3347; x_wconf 83' lang='lat' dir='ltr'>&#39;et</span> 
     </span>
     <span class='ocr_line' id='line_1_61' title="bbox 1397 3363 2510 3428; baseline 0.003 -16"><span class='ocrx_word' id='word_1_446' title='bbox 1397 3378 1519 3426; x_wconf 86' lang='lat' dir='ltr'>quae</span> <span class='ocrx_word' id='word_1_447' title='bbox 1569 3364 1784 3413; x_wconf 80' lang='lat' dir='ltr'>adnotavi</span> <span class='ocrx_word' id='word_1_448' title='bbox 1835 3364 1894 3412; x_wconf 87' lang='lat' dir='ltr'>ad</span> <span class='ocrx_word' id='word_1_449' title='bbox 1940 3363 2139 3428; x_wconf 75' lang='lat' dir='ltr'>Apolog.</span> <span class='ocrx_word' id='word_1_450' title='bbox 2180 3379 2284 3427; x_wconf 90' lang='lat' dir='ltr'>cap.</span> <span class='ocrx_word' id='word_1_451' title='bbox 2322 3364 2399 3414; x_wconf 84' lang='lat'>16.</span> <span class='ocrx_word' id='word_1_452' title='bbox 2452 3366 2510 3415; x_wconf 81' lang='lat' dir='ltr'>ad</span> 
     </span>
     <span class='ocr_line' id='line_1_62' title="bbox 1396 3430 2513 3498; baseline 0.002 -18"><span class='ocrx_word' id='word_1_453' title='bbox 1396 3430 1535 3480; x_wconf 76' lang='lat' dir='ltr'>verba</span> <span class='ocrx_word' id='word_1_454' title='bbox 1575 3430 1723 3490; x_wconf 87' lang='lat' dir='ltr'>„licet</span> <span class='ocrx_word' id='word_1_455' title='bbox 1759 3430 1912 3480; x_wconf 85' lang='lat' dir='ltr'>solem</span> <span class='ocrx_word' id='word_1_456' title='bbox 1963 3446 2057 3480; x_wconf 92' lang='lat' dir='ltr'>non</span> <span class='ocrx_word' id='word_1_457' title='bbox 2107 3433 2153 3481; x_wconf 88' lang='lat' dir='ltr'>in</span> <span class='ocrx_word' id='word_1_458' title='bbox 2192 3432 2336 3481; x_wconf 84' lang='lat' dir='ltr'>linteo</span> <span class='ocrx_word' id='word_1_459' title='bbox 2374 3433 2513 3498; x_wconf 89' lang='lat' dir='ltr'>depi-</span> 
     </span>
     <span class='ocr_line' id='line_1_63' title="bbox 1396 3498 2512 3564; baseline 0.002 -16"><span class='ocrx_word' id='word_1_460' title='bbox 1396 3505 1522 3548; x_wconf 90' lang='lat' dir='ltr'>ctum</span> <span class='ocrx_word' id='word_1_461' title='bbox 1561 3498 1836 3557; x_wconf 88' lang='lat' dir='ltr'>adoremus,</span> <span class='ocrx_word' id='word_1_462' title='bbox 1873 3498 2105 3548; x_wconf 86' lang='lat' dir='ltr'>hahentes</span> <span class='ocrx_word' id='word_1_463' title='bbox 2141 3499 2299 3563; x_wconf 84' lang='lat' dir='ltr'>ipsum</span> <span class='ocrx_word' id='word_1_464' title='bbox 2337 3500 2512 3564; x_wconf 88' lang='lat' dir='ltr'>ubique</span> 
     </span>
     <span class='ocr_line' id='line_1_64' title="bbox 1400 3566 1833 3629; baseline 0 -13"><span class='ocrx_word' id='word_1_465' title='bbox 1400 3566 1447 3616; x_wconf 89' lang='lat' dir='ltr'>iu</span> <span class='ocrx_word' id='word_1_466' title='bbox 1484 3581 1573 3616; x_wconf 88' lang='lat' dir='ltr'>suo</span> <span class='ocrx_word' id='word_1_467' title='bbox 1610 3566 1833 3629; x_wconf 88' lang='lat' dir='ltr'>clypeo.“</span> 
     </span>
    </p>

    <p class='ocr_par' dir='ltr' id='par_1_16' title="bbox 1465 3630 2511 3699">
     <span class='ocr_line' id='line_1_65' title="bbox 1465 3630 2511 3699; baseline 0 -14"><span class='ocrx_word' id='word_1_468' title='bbox 1465 3649 1509 3698; x_wconf 85' lang='lat' dir='ltr'>y.</span> <span class='ocrx_word' id='word_1_469' title='bbox 1545 3630 1722 3699; x_wconf 88' lang='lat' dir='ltr'>inquit]</span> <span class='ocrx_word' id='word_1_470' title='bbox 1778 3634 2016 3684; x_wconf 80' lang='lat' dir='ltr'>Homerus</span> <span class='ocrx_word' id='word_1_471' title='bbox 2053 3634 2224 3699; x_wconf 84' lang='lat' dir='ltr'>Odyss.</span> <span class='ocrx_word' id='word_1_472' title='bbox 2259 3634 2371 3692; x_wconf 78' lang='lat' dir='ltr'>XVl,</span> <span class='ocrx_word' id='word_1_473' title='bbox 2395 3634 2511 3685; x_wconf 79' lang='lat'>294.</span> 
     </span>
    </p>

    <p class='ocr_par' dir='ltr' id='par_1_17' title="bbox 1395 3697 2511 3969">
     <span class='ocr_line' id='line_1_66' title="bbox 1465 3697 2511 3767; baseline 0.001 -16"><span class='ocrx_word' id='word_1_474' title='bbox 1465 3717 1506 3751; x_wconf 88' lang='lat' dir='ltr'>z.</span> <span class='ocrx_word' id='word_1_475' title='bbox 1543 3697 1853 3767; x_wconf 79' lang='lat' dir='ltr'>incentivum]</span> <span class='ocrx_word' id='word_1_476' title='bbox 1915 3702 1985 3752; x_wconf 83' lang='lat' dir='ltr'>Ci.</span> <span class='ocrx_word' id='word_1_477' title='bbox 2035 3702 2093 3751; x_wconf 87' lang='lat' dir='ltr'>da</span> <span class='ocrx_word' id='word_1_478' title='bbox 2140 3703 2232 3752; x_wconf 83' lang='lat' dir='ltr'>boc</span> <span class='ocrx_word' id='word_1_479' title='bbox 2281 3702 2511 3752; x_wconf 77' lang='lat' dir='ltr'>vocabulo</span> 
     </span>
     <span class='ocr_line' id='line_1_67' title="bbox 1399 3768 2511 3834; baseline 0.002 -16"><span class='ocrx_word' id='word_1_480' title='bbox 1399 3771 1624 3834; x_wconf 88' lang='lat' dir='ltr'>interprr.</span> <span class='ocrx_word' id='word_1_481' title='bbox 1677 3770 1731 3818; x_wconf 88' lang='lat' dir='ltr'>ad</span> <span class='ocrx_word' id='word_1_482' title='bbox 1780 3771 1958 3820; x_wconf 77' lang='lat' dir='ltr'>Arnoh.</span> <span class='ocrx_word' id='word_1_483' title='bbox 1995 3769 2104 3818; x_wconf 76' lang='grc' dir='ltr'>Λᾶν.</span> <span class='ocrx_word' id='word_1_484' title='bbox 2141 3771 2264 3819; x_wconf 78' lang='lat' dir='ltr'>Natt.</span> <span class='ocrx_word' id='word_1_485' title='bbox 2319 3770 2391 3829; x_wconf 82' lang='lat' dir='ltr'>lv,</span> <span class='ocrx_word' id='word_1_486' title='bbox 2428 3768 2511 3820; x_wconf 86' lang='grc'>34.</span> 
     </span>
     <span class='ocr_line' id='line_1_68' title="bbox 1395 3837 2509 3893; baseline 0 -6"><span class='ocrx_word' id='word_1_487' title='bbox 1395 3838 1682 3887; x_wconf 83' lang='lat' dir='ltr'>Rittershus.</span> <span class='ocrx_word' id='word_1_488' title='bbox 1719 3837 1779 3886; x_wconf 91' lang='lat' dir='ltr'>ad</span> <span class='ocrx_word' id='word_1_489' title='bbox 1817 3837 2084 3886; x_wconf 73' lang='lat' dir='ltr'>Salvianum</span> <span class='ocrx_word' id='word_1_490' title='bbox 2114 3837 2179 3886; x_wconf 85' lang='lat' dir='ltr'>De</span> <span class='ocrx_word' id='word_1_491' title='bbox 2199 3837 2405 3890; x_wconf 84' lang='lat' dir='ltr'>Gubern.</span> <span class='ocrx_word' id='word_1_492' title='bbox 2424 3837 2509 3893; x_wconf 84' lang='lat' dir='ltr'>Dei</span> 
     </span>
     <span class='ocr_line' id='line_1_69' title="bbox 1399 3903 2327 3969; baseline 0.001 -16"><span class='ocrx_word' id='word_1_493' title='bbox 1399 3905 1435 3964; x_wconf 90' lang='lat' dir='ltr'>l,</span> <span class='ocrx_word' id='word_1_494' title='bbox 1474 3921 1521 3969; x_wconf 91' lang='lat' dir='ltr'>p.</span> <span class='ocrx_word' id='word_1_495' title='bbox 1549 3904 1597 3955; x_wconf 91' lang='grc'>8.</span> <span class='ocrx_word' id='word_1_496' title='bbox 1666 3903 1825 3953; x_wconf 90' lang='lat' dir='ltr'>Barth.</span> <span class='ocrx_word' id='word_1_497' title='bbox 1865 3905 2082 3954; x_wconf 73' lang='lat' dir='ltr'>Adversa.</span> <span class='ocrx_word' id='word_1_498' title='bbox 2118 3920 2165 3969; x_wconf 88' lang='lat' dir='ltr'>p.</span> <span class='ocrx_word' id='word_1_499' title='bbox 2185 3904 2327 3954; x_wconf 75' lang='lat'>1574.</span> 
     </span>
    </p>

    <p class='ocr_par' dir='ltr' id='par_1_18' title="bbox 1397 3968 2509 4091">
     <span class='ocr_line' id='line_1_70' title="bbox 1465 3968 2509 4036; baseline 0.003 -15"><span class='ocrx_word' id='word_1_500' title='bbox 1465 3987 1508 4021; x_wconf 90' lang='lat' dir='ltr'>a.</span> <span class='ocrx_word' id='word_1_501' title='bbox 1559 3968 1781 4036; x_wconf 76' lang='lat' dir='ltr'>nubere-J</span> <span class='ocrx_word' id='word_1_502' title='bbox 1842 3973 1913 4023; x_wconf 85' lang='lat' dir='ltr'>Cl.</span> <span class='ocrx_word' id='word_1_503' title='bbox 1974 3971 2155 4022; x_wconf 88' lang='lat' dir='ltr'>adnott.</span> <span class='ocrx_word' id='word_1_504' title='bbox 2214 3973 2273 4022; x_wconf 87' lang='lat' dir='ltr'>ad</span> <span class='ocrx_word' id='word_1_505' title='bbox 2323 3972 2407 4022; x_wconf 87' lang='lat' dir='ltr'>lib.</span> <span class='ocrx_word' id='word_1_506' title='bbox 2440 3973 2509 4024; x_wconf 76' lang='lat' dir='ltr'>Ad</span> 
     </span>
     <span class='ocr_line' id='line_1_71' title="bbox 1397 4040 1693 4099; baseline -0.011 -9"><span class='ocrx_word' id='word_1_507' title='bbox 1397 4041 1539 4091; x_wconf 85' lang='lat' dir='ltr'>Uxor.</span> <span class='ocrx_word' id='word_1_508' title='bbox 1578 4040 1613 4099; x_wconf 93' lang='lat' dir='ltr'>l,</span> <span class='ocrx_word' id='word_1_509' title='bbox 1646 4040 1693 4088; x_wconf 79' lang='lat'>7.</span> 
     </span>
    </p>

    <p class='ocr_par' dir='ltr' id='par_1_19' title="bbox 1397 4101 2513 4512">
     <span class='ocr_line' id='line_1_72' title="bbox 1465 4101 2510 4172; baseline 0.002 -16"><span class='ocrx_word' id='word_1_510' title='bbox 1465 4107 1512 4156; x_wconf 80' lang='lat' dir='ltr'>h.</span> <span class='ocrx_word' id='word_1_511' title='bbox 1560 4101 1765 4170; x_wconf 89' lang='lat' dir='ltr'>sortem]</span> <span class='ocrx_word' id='word_1_512' title='bbox 1838 4106 2076 4171; x_wconf 85' lang='lat' dir='ltr'>Quidquid</span> <span class='ocrx_word' id='word_1_513' title='bbox 2137 4106 2205 4156; x_wconf 93' lang='lat' dir='ltr'>illi</span> <span class='ocrx_word' id='word_1_514' title='bbox 2266 4107 2510 4172; x_wconf 83' lang='lat' dir='ltr'>epitheton</span> 
     </span>
     <span class='ocr_line' id='line_1_73' title="bbox 1399 4174 2513 4239; baseline 0 -13"><span class='ocrx_word' id='word_1_515' title='bbox 1399 4190 1538 4226; x_wconf 88' lang='lat' dir='ltr'>suum</span> <span class='ocrx_word' id='word_1_516' title='bbox 1571 4175 1802 4233; x_wconf 87' lang='lat' dir='ltr'>attribuit,</span> <span class='ocrx_word' id='word_1_517' title='bbox 1838 4174 2063 4239; x_wconf 84' lang='lat' dir='ltr'>scytalam</span> <span class='ocrx_word' id='word_1_518' title='bbox 2090 4189 2279 4239; x_wconf 83' lang='lat' dir='ltr'>nempe,</span> <span class='ocrx_word' id='word_1_519' title='bbox 2316 4176 2513 4238; x_wconf 78' lang='lat' dir='ltr'>sagittas</span> 
     </span>
     <span class='ocr_line' id='line_1_74' title="bbox 1400 4242 2512 4308; baseline -0.002 -14"><span class='ocrx_word' id='word_1_520' title='bbox 1400 4253 1447 4294; x_wconf 92' lang='lat' dir='ltr'>et</span> <span class='ocrx_word' id='word_1_521' title='bbox 1479 4244 1657 4308; x_wconf 86' lang='lat' dir='ltr'>pellem</span> <span class='ocrx_word' id='word_1_522' title='bbox 1696 4242 1867 4302; x_wconf 85' lang='lat' dir='ltr'>leonis,</span> <span class='ocrx_word' id='word_1_523' title='bbox 1921 4242 2047 4292; x_wconf 88' lang='lat' dir='ltr'>unde</span> <span class='ocrx_word' id='word_1_524' title='bbox 2096 4243 2248 4292; x_wconf 87' lang='lat' dir='ltr'>dictus</span> <span class='ocrx_word' id='word_1_525' title='bbox 2298 4251 2371 4294; x_wconf 92' lang='lat' dir='ltr'>est</span> <span class='ocrx_word' id='word_1_526' title='bbox 2403 4259 2512 4307; x_wconf 85' lang='lat' dir='ltr'>scy-</span> 
     </span>
     <span class='ocr_line' id='line_1_75' title="bbox 1397 4309 2510 4375; baseline -0.003 -13"><span class='ocrx_word' id='word_1_527' title='bbox 1397 4309 1877 4375; x_wconf 77' lang='lat' dir='ltr'>talosagittipelliger.</span> <span class='ocrx_word' id='word_1_528' title='bbox 1950 4310 2186 4375; x_wconf 89' lang='lat' dir='ltr'>Quidquid</span> <span class='ocrx_word' id='word_1_529' title='bbox 2225 4312 2327 4375; x_wconf 89' lang='lat' dir='ltr'>ipse</span> <span class='ocrx_word' id='word_1_530' title='bbox 2362 4310 2510 4360; x_wconf 87' lang='lat' dir='ltr'>sorti-</span> 
     </span>
     <span class='ocr_line' id='line_1_76' title="bbox 1399 4378 2509 4443; baseline -0.004 -13"><span class='ocrx_word' id='word_1_531' title='bbox 1399 4388 1477 4430; x_wconf 87' lang='lat' dir='ltr'>tus</span> <span class='ocrx_word' id='word_1_532' title='bbox 1512 4387 1630 4440; x_wconf 83' lang='lat' dir='ltr'>erat,</span> <span class='ocrx_word' id='word_1_533' title='bbox 1669 4393 1773 4428; x_wconf 88' lang='lat' dir='ltr'>cum</span> <span class='ocrx_word' id='word_1_534' title='bbox 1813 4378 2075 4443; x_wconf 80' lang='lat' dir='ltr'>Omphales</span> <span class='ocrx_word' id='word_1_535' title='bbox 2122 4378 2342 4429; x_wconf 88' lang='lat' dir='ltr'>muliebri</span> <span class='ocrx_word' id='word_1_536' title='bbox 2378 4378 2509 4428; x_wconf 89' lang='lat' dir='ltr'>cultu</span> 
     </span>
     <span class='ocr_line' id='line_1_77' title="bbox 1402 4446 1963 4512; baseline -0.002 -15"><span class='ocrx_word' id='word_1_537' title='bbox 1402 4448 1742 4512; x_wconf 83' lang='lat' dir='ltr'>compensavit.</span> <span class='ocrx_word' id='word_1_538' title='bbox 1773 4446 1963 4506; x_wconf 89' lang='lat' dir='ltr'>(Salm.)</span> 
     </span>
    </p>

    <p class='ocr_par' dir='ltr' id='par_1_20' title="bbox 1404 4511 2511 4643">
     <span class='ocr_line' id='line_1_78' title="bbox 1470 4511 2511 4578; baseline -0.001 -14"><span class='ocrx_word' id='word_1_539' title='bbox 1470 4530 1512 4565; x_wconf 93' lang='lat' dir='ltr'>c.</span> <span class='ocrx_word' id='word_1_540' title='bbox 1548 4515 1722 4578; x_wconf 79' lang='lat' dir='ltr'>Lydiae</span> <span class='ocrx_word' id='word_1_541' title='bbox 1746 4511 2087 4576; x_wconf 84' lang='lat' dir='ltr'>clanculariae]</span> <span class='ocrx_word' id='word_1_542' title='bbox 2125 4514 2240 4563; x_wconf 88' lang='lat' dir='ltr'>Cum</span> <span class='ocrx_word' id='word_1_543' title='bbox 2271 4527 2362 4577; x_wconf 83' lang='lat' dir='ltr'>qua</span> <span class='ocrx_word' id='word_1_544' title='bbox 2388 4511 2511 4563; x_wconf 83' lang='lat' dir='ltr'>clam</span> 
     </span>
     <span class='ocr_line' id='line_1_79' title="bbox 1404 4581 2212 4643; baseline -0.009 -7"><span class='ocrx_word' id='word_1_545' title='bbox 1404 4582 1768 4636; x_wconf 84' lang='lat' dir='ltr'>consuescebat.</span> <span class='ocrx_word' id='word_1_546' title='bbox 1799 4583 1921 4643; x_wconf 87' lang='lat' dir='ltr'>(lob.</span> <span class='ocrx_word' id='word_1_547' title='bbox 1934 4581 2212 4639; x_wconf 77' lang='lat' dir='ltr'>Mercerus.)</span> 
     </span>
    </p>

    <p class='ocr_par' dir='ltr' id='par_1_21' title="bbox 1473 4641 2512 4717">
     <span class='ocr_line' id='line_1_80' title="bbox 1473 4641 2512 4717; baseline -0.005 -14"><span class='ocrx_word' id='word_1_548' title='bbox 1473 4651 1520 4703; x_wconf 85' lang='lat' dir='ltr'>d.</span> <span class='ocrx_word' id='word_1_549' title='bbox 1556 4652 1748 4717; x_wconf 87' lang='lat' dir='ltr'>pumice</span> <span class='ocrx_word' id='word_1_550' title='bbox 1782 4651 1956 4716; x_wconf 85' lang='lat' dir='ltr'>spiculi</span> <span class='ocrx_word' id='word_1_551' title='bbox 1995 4641 2354 4713; x_wconf 83' lang='lat' dir='ltr'>excludebatur]</span> <span class='ocrx_word' id='word_1_552' title='bbox 2404 4646 2512 4698; x_wconf 84' lang='lat' dir='ltr'>Nou</span> 
     </span>
    </p>
   </div>
  </div>
 </body>
</html>
