3263 5311
743 429 868 494 684
1250 443 1450 496 ΟΠΙΝΊΊ
1494 442 1754 487 sarnam
1798 440 2124 486 nonanus
2167 441 2559 485 valtramum

741 616 877 660 esse
919 595 1077 676 quod
1120 594 1200 656 sit
1238 593 1460 658 utilius.
1536 593 1575 625 ¹⁴
1588 592 1765 668 Quod
1805 611 1947 655 vero
1995 591 2284 654 ¹³diffioile
2325 600 2466 664 osv,
2514 601 2575 653 et
2613 608 2736 654 non
2780 590 2911 652 sine
2951 608 3054 652 ne-

737 697 1145 768 cessitatibus,
1194 695 1310 756 ¹⁰et
1348 695 1467 755 hoe
1506 693 1822 757 maximum
1863 694 2238 775 propositum
2280 693 2461 767 vitae,
2510 692 2907 767 ¹⁷subresedi3
2955 711 3060 754 nee

739 799 882 861 mibi
927 798 1000 860 de
1042 797 1161 858 isto
1205 814 1440 877 quoque
1482 795 1781 857 referendi
1821 795 1894 856 ad
1937 804 1996 856 te
2039 813 2251 857 causae
2284 794 2622 866 ¹⁸fuissent,
2666 794 2784 855 nisi
2827 793 3056 873 gravio-

739 919 866 963 rem
911 899 1081 960 ¹⁹iam
1125 897 1579 960 sollicitudinem
1635 895 2241 977 comprehendissem.
2319 881 2494 958 'Nam
2549 909 2788 976 quanto„
2823 896 3057 975 grandis

741 1001 874 1064 est‘¹
917 999 1277 1062 continentia
1319 1000 1547 1072 earniS,
1611 1016 1766 1078 quae
1813 996 2133 1059 ”viduitati
2187 996 2513 1071 ministrat,
2581 1005 2778 1070 tauto,
2845 997 2895 1058 si
2940 1015 3060 1059 non

740 1101 1128 1174 sustineatur,
1172 1100 1212 1132 ²¹
1229 1099 1576 1180 ignoscibile
1617 1099 1801 1162 videri
1843 1106 2065 1179 potest.
2136 1098 2469 1162 Difficilium
2511 1098 2669 1160 enim
2699 1099 2887 1162 facilis
2914 1099 3064 1162 ”est

738 1212 880 1266 tunc
917 1203 1105 1264 venia.
1214 1201 1447 1274 Quanto
1504 1199 1755 1263 ²''autem
1810 1201 2036 1263 nubere
2088 1201 2150 1262 in
2207 1200 2447 1262 domino
2501 1200 2896 1282 perpetmbile
2951 1211 3062 1275 est,

738 1305 824 1367 uti
879 1313 1117 1366 nostrae
1174 1303 1521 1384 potestatis,
1587 1310 1749 1364 tanto
1802 1301 2152 1383 culpabilius
2208 1305 2302 1365 est
2356 1320 2476 1363 non
2535 1301 2853 1365 observare
2908 1303 3066 1383 quod

735 1407 955 1487 possis.
1025 1405 1111 1468 Eo
1155 1403 1438 1466 ²¹accedit
1477 1404 1635 1483 quod
1679 1404 1986 1484 apostolus
2030 1403 2104 1465 de
2146 1403 2337 1465 viduis
2368 1404 2602 1483 quidem
2634 1403 3063 1485 οι”ιιιιιιιριὶε,

437 1526 560 1570 icor.
577 1525 660 1577 in,
672 1524 713 1567 7.
733 1518 798 1571 ut
841 1507 918 1572 ita
959 1514 1376 1588 permaneant,
1422 1506 1662 1586 suadet,
1720 1524 1854 1567 oum
1897 1505 2066 1579 dicit,
2124 1504 2307 1585 Cupio
2367 1513 2563 1567 autem
2606 1524 2816 1568 omnes
2871 1504 3062 1568 ²⁵³meo

516 2325 622 2381 Cap.
652 2323 704 2368 ll.

632 3822 637 3826 -
739 3792 876 3844 bentii
909 3788 979 3840 ab?
1002 3791 1249 3843 autoribus
1273 3793 1459 3855 [aciem.
1505 3790 1586 3841 Sic
1612 3792 1848 3843 editiones

737 1609 1003 1689 exemplo
1048 1626 1460 1689 perseverare:
1526 1607 1600 1670 de
1655 1606 1931 1669 nubendo
1988 1626 2127 1669 vero
2190 1608 2252 1668 in
2293 1606 2566 1679 domino,
2629 1626 2762 1670 cnm
2805 1607 3057 1680 vadium,

738 1711 991 1774 Tantum
1034 1709 1095 1770 in
1137 1708 1411 1782 domino,
1473 1708 1586 1770 iam
1631 1726 1754 1769 non
1798 1708 2035 1783 suadet,
2104 1708 2211 1770 sed
2255 1716 2452 1771 exerte
2494 1708 2677 1771 iubet.
2773 1710 2964 1789 Igitur
3001 1711 3063 1772 in

735 1813 850 1874 ista
892 1810 1143 1872 maxime
1186 1808 1417 1889 specie,
1460 1809 1635 1871 ”nisi
1668 1809 2079 1889 obsequimur,
2125 1809 2553 1891 periclitamur3
2597 1811 2734 1890 quia
2761 1811 3062 1874 ”suasum

736 1913 1032 1993 ³⁰impune
1076 1911 1207 1990 quis
1252 1911 1520 1991 neglegat
1560 1928 1734 1991 quam
1779 1911 2044 1984 iussum,
2084 1911 2248 1991 quod
2288 1911 2430 1976 illud
2473 1912 2548 1973 de
2591 1911 2842 1975 oonsilio
2873 1913 3064 1976 veniat

737 2023 799 2076 et
851 2012 1133 2074 voluntati
1186 2020 1586 2092 proponatur,
1658 2011 1775 2075 hoe
1843 2020 2038 2090 autem
2102 2013 2177 2075 de
2225 2022 2520 2093 potestate
2576 2014 2903 2076 descendat
2949 2012 3067 2076 ”et

735 2113 1131 2178 ”necessitati
1196 2113 1518 2193 obligetur,
1585 2113 1703 2176 illio
1757 2113 2028 2187 libertaS,
2093 2114 2193 2176 hic
2244 2115 2609 2178 coutumacia
2660 2114 3065 2196 ”delinquere

739 2215 1025 2292 videatur.
2210 2250 2219 2266 ·

906 2315 1088 2396 Igitur
1130 2334 1263 2378 cum
1306 2315 1588 2395 quaedam
1635 2314 1767 2379 istis
1811 2315 2021 2378 diebus
2062 2316 2297 2395 nuptias
2343 2299 2482 2382 sutis
2528 2319 2600 2379 de
2644 2317 2896 2381 ecelesia
2948 2318 3064 2380 tol-

738 2416 947 2480 leret¹
962 2436 1032 2482 ao
1072 2416 1277 2496 gentili
1317 2418 1804 2496 conjungeretur,
1861 2415 2071 2497 'idque
2125 2417 2198 2478 ab
2254 2416 2384 2480 aliis
2428 2418 2622 2480 ³retro
2667 2419 2956 2482 tacuim‘
2965 2438 3066 2481 re·

742 2571 820 2621 14.
858 2571 1092 2630 Quoniam
1129 2585 1238 2618 vero
1278 2571 1502 2621 Latinius.
1609 2570 1688 2619 15.
1732 2571 1890 2622 differt
1925 2579 1970 2620 et
2007 2582 2100 2620 nou
2138 2568 2250 2637 Δφ.
2353 2571 2428 2621 16.
2481 2579 2527 2621 et
2559 2587 2648 2622 om.
2674 2573 2721 2622 d.
2828 2571 2912 2621 Π.
2951 2573 3068 2622 snb·

736 2639 896 2691 medi
931 2641 1016 2692 Ad.
1098 2638 1311 2703 supremi
1364 2639 1590 2704 praesidii
1643 2640 1826 2706 reliqui.
1934 2638 2009 2689 18.
2048 2638 2220 2690 fuisset
2254 2642 2343 2691 los.
2374 2641 2594 2704 Scotiyer.
2716 2639 2795 2691 19.
2832 2643 2933 2691 iam
2971 2658 3070 2706 eya.

738 2710 785 2758 in
824 2723 877 2757 ea
913 2710 997 2760 Ad.
1068 2721 1221 2757 meam
1256 2708 1442 2773 reliqui.
1526 2708 1575 2757 lu
1611 2707 1870 2758 B.'m.sec.
1908 2714 2031 2757 extat
2067 2707 2157 2757 uisi
2193 2709 2381 2770 gravior
2416 2723 2492 2758 me
2526 2708 2800 2759 sollicitudo
2837 2724 3073 2774 eompre-

739 2776 933 2825 heudiss
940 2782 999 2825 et.
1105 2773 1185 2824 20.
1221 2775 1429 2824 viduitati
1462 2776 1548 2825 Ad.
1620 2774 1893 2825 viduitatem
1929 2776 2114 2839 reliqui.
2213 2775 2294 2826 21.
2332 2775 2612 2853 ignoscibile
2646 2776 2729 2826 Ad.
2803 2777 3072 2856 ignoso'bi-

739 2844 807 2901 lis„
833 2846 1018 2908 reliqui.
1122 2841 1203 2891 22.
1240 2850 1314 2892 est
1346 2851 1462 2893 tune
1496 2843 1626 2893 venia
1661 2844 1713 2893 A.
1782 2852 1856 2893 est
1889 2844 2022 2893 venia
2056 2846 2241 2909 reliqui.
2342 2843 2424 2894 23.
2462 2845 2588 2893 euim
2626 2844 2711 2894 BC.
2815 2844 2906 2895 24.
2944 2849 3072 2897 aeci·

739 2911 808 2961 dit
841 2913 890 2961 A.
923 2861 1078 2975 qu25:
1093 2912 1277 2974 innupti
1311 2912 1358 2961 A.
1432 2910 1685 2977 nuptiisG.
1756 2912 1916 2976 nuptis
1937 2910 2062 2972 mm
2074 2913 2299 2978 p.r)Dab.
2379 2911 2461 2962 26.
2498 2914 2545 2962 in
2574 2925 2681 2961 meo
2706 2912 3073 2965 studeam-ess.

740 2992 794 3028 ex
831 2994 886 3028 eo
922 2979 1047 3029 BCD.
1154 2976 1233 3027 27.
1272 2979 1415 3028 adicit
1448 2980 1496 3029 A.
1554 2979 1683 3028 dicit
1714 2980 1899 3045 reliqui.
1992 2978 2073 3030 28.
2110 2981 2202 3029 nisi
2238 2980 2564 3045 obsequimur,
2600 2979 2941 3042 periclitamur
2974 2998 3070 3046 epo.

739 3047 831 3096 nisi
868 3047 1170 3111 obsequium,
1219 3047 1515 3110 periclitatur
1547 3049 1599 3097 A.
1681 3048 1774 3097 hoc
1817 3047 2082 3111 sequimur,
2134 3048 2459 3112 periclitamur
2503 3047 2717 3099 BGDnbe.
2837 3047 2930 3099 29.
2975 3059 3068 3099 ta-

739 3129 933 3165 suasum
971 3115 1097 3164 fulv.
1120 3114 1327 3164 Ursinus.
1442 3114 1525 3164 30.
1563 3116 1756 3177 impune
1791 3116 2006 3178 (impone
2038 3113 2110 3171 A.)
2157 3116 2266 3180 quis
2299 3116 2520 3178 neglegat
2551 3117 2634 3166 Ad.
2719 3116 2925 3179 impune
2961 3117 3066 3182 quid

737 3184 951 3246 (quidem
988 3183 1058 3239 Β.)
1093 3183 1305 3243 negligas
1341 3182 1550 3234 BCDnbc.
1656 3182 1738 3232 31.
1775 3191 1828 3232 ut
1861 3183 1944 3233 BC.
2047 3182 2129 3234 32.
2180 3185 2450 3234 necessitati
2495 3185 2580 3234 Ad.
2667 3186 2966 3235 necessitate
2993 3200 3061 3234 n-

736 3252 871 3314 iiqui.
975 3250 1056 3303 83.
1093 3249 1425 3315 derelinquere
1458 3252 1510 3302 A.
1739 3261 1748 3266 ·

875 3320 989 3380 Cap.
1028 3317 1088 3366 ll.
1162 3318 1202 3367 l.
1241 3334 1298 3368 ac
1329 3320 1413 3369 Ad.
1485 3318 1529 3367 id
1566 3326 1641 3368 est
1674 3318 1858 3383 reliqui.
1963 3318 2009 3368 2.
2049 3326 2194 3383 utque
2228 3319 2315 3369 BC.
2419 3318 2466 3368 3.
2503 3326 2642 3382 petro
2676 3320 2727 3368 A.
2816 3321 2866 3370 4.
2908 3333 3058 3371 reeor-

740 3387 875 3435 daret
910 3386 995 3435 BC.
1067 3385 1349 3435 recordarer
1384 3402 1472 3436 om.
1497 3388 1547 3436 A.
2693 3413 2712 3437 ι

741 3520 901 3584 ltaque
938 3520 1051 3568 mihi
1089 3520 1318 3569 contusus
1343 3520 1643 3581 estauimus,
1681 3521 1849 3584 inquit,
1949 3519 2126 3570 duntur
2161 3534 2324 3581 ausae,
2361 3519 2534 3585 quibus
2569 3522 2902 3585 apprehensis
2921 3522 3069 3574 enveri

740 3603 799 3638 ne
835 3588 916 3653 qui
952 3595 999 3636 te
1035 3601 1189 3653 nuper
1224 3587 1283 3636 ad
1319 3587 1578 3636 univiratus
1621 3596 1670 3638 et
1697 3588 1847 3639 vidui·
1949 3589 2239 3653 potuisset.“

738 3655 853 3705 tatia
885 3656 1285 3718 perseverantiam
1322 3655 1540 3704 hortatus
1558 3669 1684 3715 sum,
1721 3670 1851 3707 nune

738 3723 982 3773 mentione
1027 3722 1296 3786 nuptiarum
1342 3724 1615 3787 proclivium
1656 3726 1742 3775 tibi
1776 3725 1849 3774 lu-
2017 3704 2058 3739 ⁰
2095 3690 2233 3748 Q⁰⁰d
2269 3705 2378 3739 ”³¹⁰
2415 3690 2611 3739 ‘'imm'‘
2647 3685 2746 3770 esf]
2799 3694 2926 3752 0⁰¹⁸
2967 3707 3073 3742 'm

1950 3757 2150 3807 arduum
2188 3773 2245 3807 ae
2277 3757 2473 3808 difficile
2520 3759 2612 3807 hoc
2663 3760 2787 3809 vitae
2837 3764 3072 3826 proposi-

1948 3834 2046 3875 tnm
2086 3824 2292 3889 [seilicet
2309 3825 2488 3890 nuptiis
2509 3824 2780 3889 abstinere]
2814 3841 2933 3878 esse
2955 3831 3075 3887 scio,

1949 3893 2255 3943 subi-esidere
2291 3909 2348 3943 ae
2380 3894 2646 3943 subsistere
2673 3895 2858 3958 placuit
2883 3906 2937 3946 et
2955 3911 3076 3962 paa-

1947 3975 2050 4010 sam
2086 3961 2295 4025 aliquam
2331 3960 2571 4011 scribendi
2608 3964 2788 4020 faeere,
2840 3964 2966 4014 dum
3004 3978 3081 4029 ιη

1947 4028 2008 4080 ad
2043 4029 2343 4093 subsequens
2396 4030 2523 4080 istud
2572 4030 2832 4080 consilium
2873 4034 3079 4095 colligo.

1946 4096 2112 4175 Neque
2148 4097 2207 4147 de
2243 4097 2335 4147 isto
2371 4097 2564 4162 quidem
2602 4098 2660 4147 ad
2698 4106 2745 4148 te
2770 4100 3080 4157 retulissent,

1947 4165 2040 4214 nisi
2086 4165 2414 4215 difficultatem
2452 4166 2774 4229 comperirem
2833 4170 3078 4218 maiorem

1948 4246 2001 4281 ea
2040 4247 2181 4297 quam
2217 4235 2495 4306 superiore
2516 4248 2743 4285 sermone
2793 4250 3077 4302 prospexe-

1950 4314 2069 4351 ram.
2105 4300 2317 4363 (Rigalt.)

739 3859 950 3910 Rhenani
988 3867 1037 3909 et
1070 3858 1283 3908 Pamelii.
1342 3860 1427 3908 'At
1462 3858 1586 3910 liber
1608 3860 1847 3922 agobardi

740 3927 1297 3981 extremam,elausulam
1346 3926 1541 3977 exhibet
1585 3928 1741 3978 verbis
1787 3929 1848 3978 ad

739 3994 1017 4045 Tertulliani
1053 4009 1248 4047 sensum
1298 3995 1595 4059 aptioribus:
1649 4011 1708 4046 ne
1735 4012 1849 4060 pro·

738 4064 921 4113 clivium
968 4065 1055 4114 tibi
1098 4064 1290 4115 cavendi
1337 4064 1614 4114 ubiationem
1658 4066 1843 4129 sociant,

739 4130 835 4179 hoc
867 4138 942 4180 est
974 4145 1034 4180 ne
1070 4130 1246 4181 ablatio
1283 4131 1576 4182 cavendiait
1610 4130 1695 4182 tibi
1721 4132 1848 4181 velut

741 4197 1034 4261 proclivium.
1103 4198 1294 4258 Vereor,
1349 4198 1517 4262 inquit,
1570 4214 1630 4249 ne
1667 4199 1847 4251 mentio

739 4268 827 4317 ista
875 4264 1191 4315 secundarum
1240 4266 1513 4330 nuptiarum
1561 4267 1623 4317 sit
1670 4266 1846 4316 ablatio

739 4332 1091 4396 prohibitionis,
1142 4341 1285 4397 atque
1336 4334 1446 4384 inde
1498 4334 1558 4386 ad
1609 4335 1848 4386 secundae

738 4400 930 4465 nuptias
964 4401 1054 4449 iter
1088 4400 1133 4451 in
1165 4400 1378 4464 proelivi.
1433 4402 1712 4454 Proclivium
1736 4403 1850 4453 dicit
2012 4401 2059 4452 d.
2095 4401 2213 4452 Nam
2242 4410 2427 4482 ‚quanto
2463 4403 2661 4465 grandia
2679 4400 2781 4471 est]
2817 4405 2891 4456 De
2912 4405 3074 4469 euipd

738 4467 929 4518 labendi
964 4468 1251 4532 periculum,
1286 4469 1416 4533 quod
1438 4484 1555 4520 sane
1575 4472 1847 4535 promptius
1947 4471 2254 4535 comparativi
2304 4471 2394 4521 bae
2440 4471 2487 4521 in
2533 4472 2822 4524 Tertulliani
2857 4473 3076 4536 seriptis

738 4544 813 4587 est
836 4539 883 4586 in
903 4536 1118 4601 proclivi
1162 4537 1376 4588 Proelire
1411 4547 1567 4588 autem
1604 4554 1692 4589 seu
1728 4554 1845 4603 pro·
1948 4538 2258 4593 usitatissima
2294 4554 2335 4589 ι.
2368 4536 2531 4590 adnot.
2559 4540 2618 4589 ad
2641 4539 3072 4593 &resumant-

737 4604 925 4656 elivium
980 4605 1084 4655 fleri
1129 4603 1314 4656 videtur
1359 4606 1598 4657 ablatione
1634 4607 1846 4666 carendi,
1946 4619 2054 4655 mae
2089 4621 2194 4670 cap.
2212 4606 2262 4656 2.
2331 4608 2415 4658 Sie
2459 4607 2604 4671 paulo
2639 4616 2785 4671 post:
2833 4611 3070 4669 „Quanta

738 4664 926 4736 quoties
979 4674 1261 4725 auferuntur
1307 4674 1472 4729 obices
1523 4682 1605 4725 aut
1656 4675 1844 4755 praeci-
1945 4681 2102 4726 antem
2138 4676 2498 4742 perpetrabile“
2533 4682 2643 4726 cett.
2694 4686 2746 4728 et
2789 4674 2884 4728 sub
2921 4679 3070 4729 flua-
