3263 5311
1102 432 1175 475 Α»
1218 376 1455 476 taxent!
1510 410 1624 468 ¹⁴8·
1660 429 1697 472 t.
2453 418 2582 486 679

257 584 379 647 lece
422 601 535 647 sno
577 582 911 657 insinuant,
956 581 1231 662 adempto
1275 580 1437 644 omni
1483 586 1759 645 contactu
1801 599 1990 663 usque
2019 582 2090 646 ad
2123 584 2390 650 osculum
2415 586 2574 650 mio-

258 704 412 760 mm,
458 693 520 746 et
560 692 755 748 tamen
797 686 1045 750 durante
1086 702 1203 747 usu
1242 691 1633 765 perseverant
1673 683 1735 745 in
1779 684 1876 746 tali
1919 684 2217 752 viduitatis
2248 686 2575 766 disciplina,

259 805 398 868 quae
438 786 677 867 pietatis
720 787 894 850 etiam
923 786 1217 848 ²‘sanetae
1261 784 1469 850 solatia
1512 784 1791 848 excludit.
1856 784 2068 849 ”Haec
2096 786 2364 852 diabolus
2394 788 2575 853 ”suis

204 958 213 966 ,
255 886 575 969 praecepit,
620 896 683 950 et
721 887 976 952 auditur.
1062 886 1408 950 ³¹Provocat
1462 886 1744 950 nimirum
1799 886 1894 948 dei
1949 903 2162 952 servos
2215 889 2575 952 continentia

254 1007 531 1062 anmi,
590 989 765 1069 peni
818 987 947 1050 ”ex
990 1006 1209 1068 aeque.
1318 988 1642 1052 Continent
1689 987 1868 1052 etiam
1919 987 2251 1067 gebennae‘
2314 989 2574 1054 ”sacer-

258 1091 441 1153 dotes.
528 1089 677 1152 Nam
718 1089 941 1152 invenit
981 1089 1279 1169 quomodo
1325 1089 1600 1154 homines
1647 1087 1822 1152 etiam
1864 1089 1982 1152 ”in
2019 1090 2198 1154 bonis
2239 1090 2576 1180 ³‘’sectatio--

256 1190 465 1254 nibus²
506 1190 872 1271 ”pen-deret,
916 1198 979 1252 et
1018 1191 1161 1252 nibil
1206 1190 1363 1270 apud
1391 1209 1526 1254 eum
1557 1191 1740 1252 refert
1769 1190 1916 1253 alios
1944 1191 2204 1265 luxuria,
2249 1192 2398 1256 alios
2428 1212 2575 1257 oon-

258 1293 491 1357 tinentia
533 1292 576 1324 ³⁷
586 1292 879 1356 occidere.

410 1393 600 1456 Nobis
653 1392 1013 1458 continentia
1067 1394 1137 1454 ad
1194 1392 1683 1456 'insumentum
1748 1395 2114 1456 aeternitatis
2174 1395 2576 1462 demonstrata
2613 1404 2826 1462 Cer-Vn·

254 1507 414 1559 esta
456 1495 708 1558 domino'
743 1494 981 1569 salutis,
1048 1494 1119 1556 ad
1177 1494 1578 1556 testimonium
1637 1494 1806 1568 fidei,
1874 1495 1947 1556 ad
2000 1498 2574 1562 commendationem

252 1598 439 1662 carnis
482 1597 657 1659 istius
686 1595 1081 1660 'exhibendae
1116 1604 1547 1674 superventuro
1596 1595 1940 1659 indumento
1983 1598 2571 1678 incorruptibilitatis,

250 1700 327 1761 ad
365 1697 770 1761 sustinendam
815 1697 1139 1759 novissime
1180 1697 1539 1759 voluntatem
1584 1697 1699 1758 dei.
1775 1697 1967 1777 Super
2008 1698 2156 1761 haec
2197 1700 2356 1762 euim
2396 1719 2572 1764 reco-

249 1801 430 1881 gites,
473 1816 724 1872 moneo,
789 1797 1120 1860 'neminem
1180 1816 1299 1859 non
1356 1817 1429 1860 ex
1470 1797 1560 1860 dei
1609 1799 1907 1862 voluntate
1950 1800 2025 1861 de
2068 1801 2302 1862 saeculo
2347 1802 2573 1878 *educi,

247 1903 334 1963 'si
376 1920 451 1962 ne
492 1900 699 1962 folium
742 1899 979 1979 quidem
1022 1917 1093 1961 ex
1136 1899 1348 1964 arbore
1393 1900 1522 1962 sine
1553 1899 1646 1961 dei
1678 1899 1976 1964 voluntate
2004 1900 2347 1964 “delabitun
2411 1904 2573 1966 Idem

248 2003 348 2084 qui
387 2021 500 2065 nos
545 2002 765 2064 mundo
810 2001 1017 2073 insert,
1063 2000 1219 2066 idem
1263 2010 1321 2061 et
1347 2000 1590 2062 7educat
1618 2019 1865 2064 necesse
1893 2009 2008 2063 est.
2083 2002 2268 2081 Igitur
2297 2004 2572 2068 defuncto

243 2124 352 2187 per
393 2104 485 2167 dei
530 2103 891 2186 voluntatem
934 2101 1061 2162 viro
1107 2101 1283 2164 etiam
1322 2101 1765 2163 matrimonium
1824 2102 1916 2163 dei
1961 2103 2257 2166 voluntate
2304 2105 2577 2186 defungi-

246 2218 359 2271 tur.
446 2205 601 2278 Quid
644 2213 708 2265 tu
750 2211 1051 2266 restaures
1108 2203 1201 2264 cui
1254 2202 1433 2264 finem
1488 2203 1633 2264 deus
1697 2202 1946 2281 posuit?
2035 2204 2188 2277 Quid
2243 2206 2573 2271 libertatem

241 2308 528 2370 'oblatam
574 2303 679 2368 tibi
723 2306 929 2367 iterata
972 2303 1325 2365 matrimonii
1391 2304 1678 2365 servitute
1730 2304 2039 2366 ⁹fastidis?
2127 2304 2434 2386 Obligatus
2479 2327 2565 2383 es,
2595 2290 2838 2398 {ssgfs‘JQ

243 2410 512 2490 ¹⁰inquit,
556 2405 965 2478 matrimonio,
1012 2406 1142 2467 ”ne
1186 2404 1514 2484 quaesieris
1561 2404 2007 2486 ''solutionemz
2054 2407 2284 2469 solutus
2332 2429 2395 2471 es
2439 2429 2569 2471 ma-

244 2510 554 2582 trimonio,
621 2527 697 2570 ne
754 2506 1080 2589 quaesieris
1151 2506 1586 2586 obligationem.
1692 2506 1838 2567 Nam
1902 2508 2015 2570 etsi
2079 2525 2198 2569 non
2265 2510 2569 2591 delinquas

248 2610 675 2683 ”renubendm
721 2609 915 2673 carnis
959 2616 1153 2673 tamen
1196 2626 1534 2689 pressuram
1579 2606 1863 2688 subsequi
1906 2608 2066 2672 dicit.
2146 2609 2344 2684 Quare
2385 2613 2570 2675 sacul-

237 2724 418 2778 tatem
448 2713 876 2786 continentiae,
921 2718 1203 2792 quantum
1230 2728 1584 2791 possumus,
1634 2710 2025 2791 ¹⁴diligainuS‚
2062 2712 2286 2791 ¹⁶qnam
2315 2713 2572 2793 primum

239 2814 640 2888 ¹⁶obvenerit,
696 2813 1063 2884 inhibemus,
1129 2820 1198 2874 ut
1237 2813 1395 2891 quod
1440 2812 1503 2874 in
1544 2812 1920 2887 matrimonio
1965 2832 2086 2873 non
2132 2812 2448 2887 valuimus,
2507 2814 2570 2876 in

239 2968 329 3020 28.
362 2975 523 3018 sancta
557 2968 642 3018 Bc.
665 2969 869 3018 Vaticani
891 2977 999 3017 tres.
1047 2966 1484 3015 habundantius.
1533 2961 1651 3014 .29.
1687 2971 1733 3013 et
1767 2965 1886 3015 baec
1904 2964 1986 3014 BC.
2069 2965 2150 3015 36.
2186 2967 2290 3015 suis
2323 2968 2571 3032 praecepit

235 3036 492 3101 (praecipit
524 3037 591 3095 d.)
625 3038 711 3086 Aa.
780 3035 1014 3099 praecipit
1045 3034 1229 3097 reliqui.
1333 3031 1414 3081 31.
1452 3040 1713 3095 provocant
1744 3038 1794 3082 Α.
1885 3031 1967 3081 32.
2004 3046 2061 3082 ex
2096 3048 2265 3098 aequo.
2312 3035 2570 3087 Continent

234 3105 383 3155 etiam
417 3105 500 3154 Ad.
569 3117 624 3154 ex
661 3117 785 3167 equo
821 3101 1162 3152 continentiam
1193 3100 1279 3149 BC.
1350 3114 1403 3148 ex
1440 3110 1553 3149 aevo
1590 3100 1929 3150 continentiam
1967 3102 2021 3150 Β.
2091 3115 2147 3150 ex
2182 3115 2355 3166 aequo.
2390 3116 2420 3150 o
2447 3118 2567 3153 con-

235 3171 485 3224 tinentiam
519 3172 703 3235 reliqui.
773 3184 827 3220 ex
863 3184 1017 3233 aequo
1053 3168 1293 3219 contineat
1326 3167 1420 3216 iam
1457 3168 1533 3218 Pr.
1556 3168 1732 3217 Iunia.
1819 3167 1902 3217 33.
1937 3168 2216 3219 sacerdotes
2248 3169 2333 3219 Aa.
2401 3184 2565 3221 sacer-

231 3242 401 3292 dotem
435 3241 619 3303 reh'qru‘.
712 3237 794 3289 34.
832 3239 878 3287 in
916 3236 1056 3287 bonis
1090 3237 1179 3286 ΑΒ.
1250 3236 1391 3285 bonis
1426 3235 1478 3284 D.
1553 3235 1668 3285 boui
1704 3237 1801 3286 abc.
1874 3236 1920 3285 in
1957 3236 2165 3285 bominis
2199 3236 2284 3287 BG.
2323 3288 2334 3295 ᾗ
2373 3236 2454 3286 35.
2491 3240 2566 3288 at-

232 3307 579 3359 testationibus
613 3306 1195 3367 Doeu.flerata.;niqress.
1222 3318 1269 3367 p.
1286 3301 1401 3352 261.
1491 3302 1573 3352 36.
1612 3302 1841 3366 proderet
1873 3304 1960 3354 BC.
2063 3303 2146 3354 37.
2183 3303 2437 3354 hoccidere
2471 3305 2567 3369 Ass.

373 3375 490 3438 Cap.
525 3373 620 3423 vn.
696 3374 741 3423 t.
777 3374 1145 3423 instrumentum
1179 3372 1280 3431 Aa„
1309 3371 1437 3420 Fule.
1462 3370 1671 3421 Ursam.
1740 3379 2057 3422 strumentum
2091 3373 2276 3437 reliqui.
2381 3371 2427 3422 2.
2464 3375 2565 3424 exi-

226 3442 490 3494 bendaeA.
570 3440 619 3491 3.
655 3442 895 3491 neminem
932 3455 1028 3490 non
1047 3440 1129 3490 Aa.
1200 3439 1438 3489 neminem
1476 3439 1565 3488 nisi
1602 3440 1703 3489 abe.
1757 3440 1996 3489 neminem
2022 3440 2147 3490 BCD.
2216 3440 2265 3490 4.
2302 3441 2439 3492 educi
2457 3444 2563 3504 Aa„

227 3510 591 3562 Fulmllninus.
659 3509 767 3559 daci
802 3510 989 3573 reliqui.
1091 3507 1139 3555 5.
1175 3507 1261 3555 sed
1299 3521 1388 3555 nee
1420 3505 1509 3556 ΒΟ.
1596 3506 1646 3556 6.
1683 3506 1922 3557 dilabitur.
1977 3507 2108 3558 Idem
2144 3509 2357 3559 Bcoato.
2427 3509 2564 3560 dela-

220 3579 377 3630 bitur.
428 3577 558 3627 Adeo
592 3578 722 3628 fule.
738 3577 947 3627 Ursinus.
1052 3574 1098 3624 7.
1136 3574 1302 3624 educet
1341 3573 1658 3633 B(m.tee.)C.
1746 3574 1795 3625 8.
1831 3575 2037 3625 oblatam
2073 3577 2160 3626 Ad.
2228 3576 2451 3628 collatam
2487 3594 2565 3628 re-

225 3647 366 3711 liqui.
471 3645 518 3695 9.
558 3644 716 3695 fetidis
751 3643 848 3706 Αβ.
958 3643 1031 3693 10.
1072 3642 1236 3705 inquid
1269 3638 1365 3703 Αβ.
1474 3641 1556 3691 11.
1591 3657 1653 3692 ne
1688 3643 1954 3707 quaesieris
2000 3644 2320 3707 solutionem;
2373 3644 2564 3695 solutus

224 3729 283 3765 ea
325 3713 630 3763 matrimonio
666 3729 754 3763 eat.
778 3713 904 3763 BGD.
1012 3710 1087 3760 12.
1125 3709 1445 3759 solutionem:
1490 3710 1683 3759 solutus
1715 3712 1800 3761 Aa.
1858 3711 2260 3761 absolutionem:
2310 3712 2566 3765 absolutus

222 3785 334 3834 aba.
411 3779 487 3830 13.
522 3780 803 3830 renubendo
836 3780 1047 3831 wabcd.
1114 3776 1400 3826 denubendo
1435 3777 1522 3827 Bc.
1592 3779 1751 3827 denuo
1788 3778 2010 3828 nubendo
2048 3779 2097 3828 Β.
2125 3795 2185 3829 m.
2207 3795 2297 3829 sec.
2373 3779 2448 3828 14.
2485 3779 2562 3828 di-

219 3850 439 3912 ligamus
473 3849 575 3907 Ad„
617 3849 839 3898 Latinius.
910 3861 1006 3897 non
1043 3840 1341 3906 diligamus?
1375 3845 1559 3908 reliqui.
1671 3844 1747 3895 15.
1783 3859 1928 3908 quum
1968 3847 2190 3896 Latinius.
2299 3845 2376 3897 16.
2414 3846 2559 3895 obve-

218 3918 362 3968 nerit
392 3932 478 3967 mn.
516 3916 603 3965 BC.

295 4053 331 4101 i.
366 4045 639 4116 gehennae]
676 4051 776 4101 Hoc
810 4059 885 4100 est
916 4050 1095 4115 templa
1122 4051 1343 4109 Satanae,
1443 4062 1538 4097 non
1576 4061 1701 4110 opus
1748 4054 1867 4104 erat,
1915 4054 1966 4096 ut
2000 4046 2161 4096 Desid.
2199 4046 2436 4096 Heraldus
2474 4045 2559 4096 Di-

210 4121 297 4171 vel
341 4118 634 4191 idololatria.
1444 4129 1597 4178 gress.
1620 4114 1662 4177 1,
1681 4113 1762 4164 33.
1798 4129 1844 4178 p.
1864 4112 1977 4165 261.
2016 4113 2064 4164 in
2102 4114 2258 4164 verbis
2277 4112 2557 4165 Tertulliani

294 4188 346 4238 k.
384 4189 431 4237 iu
450 4188 593 4236 bonis
609 4181 978 4252 sectationibus]
1016 4186 1117 4234 Hoc
1136 4192 1211 4234 est
1229 4185 1359 4233 dum..
1444 4183 1774 4247 reponendum
1797 4183 2023 4233 suaderet
2041 4185 2151 4232 boni
2172 4183 2560 4248 affectationibus.

208 4257 356 4306 bona
382 4263 644 4313 sectantur,
679 4253 793 4303 dnm
811 4255 936 4303 bona
962 4254 1197 4303 affectant.
1252 4251 1344 4301 Vo-
1445 4251 1871 4302 Commendaverat
1917 4249 2239 4301 Tertullianus
2299 4250 2562 4300 univiratus

208 4322 408 4375 cabulo
465 4325 713 4373 sectatione
772 4321 919 4371 utitur
968 4320 1110 4371 etiam
1164 4320 1342 4369 Arnob.
1446 4319 1822 4382 virginitatisque
1858 4318 2160 4382 disciplinam
2180 4332 2323 4383 qnam
2349 4319 2559 4380 velgen-

206 4391 343 4441 adv.
380 4390 506 4440 Natt.
542 4390 594 4449 V,
613 4388 680 4439 32
733 4389 865 4449 „Sed
902 4403 1055 4447 erras,
1090 4388 1261 4452 inquit,
1297 4397 1346 4436 et
1445 4387 1601 4437 tilium
1631 4387 1910 4437 sacerdotes
1935 4394 2192 4437 sectentur.
2243 4387 2560 4449 Quamquam,

206 4458 430 4519 laberis,
465 4458 679 4521 satisque
713 4464 760 4506 te
796 4470 906 4506 esse
940 4456 1230 4518 imperitum,
1269 4456 1346 4504 in·
1446 4454 1593 4511 addit,
1647 4468 1808 4505 earnm
1847 4456 2134 4504 continentia
2181 4461 2257 4503 est
2303 4453 2362 4502 ad
2408 4454 2558 4501 litetur

204 4528 427 4577 doctum
464 4534 512 4575 et
544 4525 775 4575 rusticum
811 4524 916 4588 ipsa
943 4537 1101 4573 rerum
1130 4524 1176 4571 in
1197 4530 1347 4573 secta-
1444 4521 1746 4571 Christianae
1781 4521 1997 4573 affectata
2024 4537 2050 4572 a
2072 4520 2285 4581 diabolo,
2322 4533 2416 4583 quo
2443 4533 2559 4568 suos

201 4597 353 4649 tione
387 4594 769 4652 demonstras.“,
804 4592 884 4642 ubi
920 4594 1109 4641 sectatio
1144 4599 1220 4640 est
1238 4605 1344 4640 mo-
1447 4589 1688 4653 perderet.

202 4661 315 4713 dus
372 4661 591 4713 sectandi
650 4658 1106 4725 interpretandique.
1188 4659 1347 4716 Quare
