3263 5311
966 397 1042 441 ns
1086 394 1271 440 cumo
1316 374 1666 440 ruffinum
1706 395 1820 438 ιιιι.
1849 395 1891 437 ι.
2507 383 2619 452 705

248 547 549 614 indicandi
588 545 1016 630 dignationem*
1058 545 1368 626 pollicetur
1379 539 1433 604 ¹¹.
1495 537 1626 606 Nisi
1670 563 1812 624 ergo
1854 544 1954 607 hic
1993 544 2110 612 iam
2150 542 2603 626 praeiudicare-

246 653 443 714 rimus
485 668 586 713 res
632 668 837 724 eorum
880 647 1352 730 praedamnando
1396 664 1544 726 quas
1588 646 1652 708 in
1693 645 1812 709 illis
1856 646 2185 710 damnaturi
2229 666 2472 727 sumus,
2517 650 2599 714 illi

246 752 453 834 potius
495 769 612 813 nos
654 749 998 813 iudicabunt
1038 757 1213 829 atque
1257 747 1638 814 damnabunt.

425 852 564 915 Scio
609 851 959 931 scripturam
1001 851 1237 926 Enoch,
1282 869 1430 931 quae
1471 849 1634 912 hunc
1674 848 1942 912 ordinem
1981 849 2202 929 angelis
2231 850 2425 926 dedit,
2468 869 2592 912 non
2627 860 2833 919 cmm.

244 954 440 1035 recipi
483 973 517 1015 a
556 952 946 1034 quibusdam,
1018 953 1156 1032 quia
1208 971 1321 1021 nec
1375 951 1437 1013 in
1494 951 1814 1016 armarium
1865 950 2196 1013 Iudaicum·
2247 951 2594 1016 admittitur.

252 1055 519 1136 Opinor‚
584 1072 709 1116 non
750 1061 1106 1134 putaverunt
1158 1053 1314 1116 illam
1371 1061 1507 1115 ante
1559 1052 1972 1134 cataclysmum
2017 1054 2236 1116 editam
2276 1059 2419 1133 post
2457 1071 2596 1116 eum

250 1177 457 1220 casum
503 1156 674 1219 orbis
709 1156 973 1218 omnium
1017 1174 1217 1218 rerum
1247 1154 1597 1218 abolitorem
1631 1154 1851 1218 salvam
1879 1173 2015 1218 esse
2043 1154 2327 1235 potu'mse.
2386 1154 2450 1216 Si
2479 1154 2596 1217 ista

244 1259 403 1332 ratio
449 1266 570 1332 est,
627 1255 1018 1319 recordentur
1059 1266 1450 1337 pronepotem
1494 1256 1689 1337 ipsius
1731 1255 1940 1318 Enoch
1981 1254 2167 1318 fnisse
2209 1254 2595 1336 superstitem

248 1359 586 1438 cataclysmi
629 1358 790 1432 Noe,
856 1358 957 1438 qui
1013 1360 1216 1438 utique
1259 1358 1588 1420 domestico
1630 1357 1877 1422 nomine
1921 1365 1984 1420 et
2020 1356 2412 1422 haereditaria
2468 1364 2591 1419 tra-

246 1461 477 1524 ditione
520 1460 786 1522 audierat
829 1469 889 1521 et
930 1460 1278 1522 meminerat
1320 1459 1393 1522 de
1434 1459 1638 1539 proavi
1697 1459 1791 1521 sui
1844 1477 2031 1538 penes
2085 1458 2262 1522 deum
2307 1458 2491 1537 gratia
2533 1466 2595 1520 et

248 1563 331 1624 de
372 1561 648 1624 omnibus
690 1561 1044 1642 praedicatis
1086 1561 1249 1634 eius,
1317 1580 1448 1623 cum
1488 1560 1698 1622 Enoch
1751 1560 1872 1622 filio
1931 1579 2042 1626 suo
2085 1558 2403 1622 Matusalae
2445 1557 2592 1620 nihil

246 1663 409 1727 aliud
452 1663 846 1737 mandaverit,
891 1682 1064 1742 quam
1111 1664 1211 1724 ¹ut
1256 1663 1543 1724 notitiam¹
1566 1662 1812 1724 'eorum
1853 1659 2117 1741 posteris
2147 1661 2275 1726 suis
2311 1659 2588 1722 traderet.

243 1766 438 1846 Igitur
479 1765 612 1828 sine
654 1763 837 1830 dubio.
878 1764 1075 1844 potuit
1112 1764 1242 1826 Noe
1297 1764 1360 1826 in
1411 1762 1868 1844 praedicationis
1924 1761 2288 1841 delegatione
2346 1779 2589 1826 succes-

244 1866 440 1940 sisse,
482 1866 578 1928 vel
618 1866 752 1946 quia
797 1873 856 1927 et
898 1866 1040 1928 alias
1085 1884 1209 1927 non
1254 1865 1531 1928 tacuisset
1585 1872 1706 1926 tam
1750 1864 1823 1928 de
1869 1863 1965 1927 dei
2008 1862 2442 1926 conservatoris
2497 1861 2592 1924 sui

246 1968 645 2048 dispositione
688 1986 861 2047 quam
903 1968 978 2030 de
1043 1967 1175 2048 ipsa
1228 1967 1439 2030 domus
1493 1986 1637 2030 suae
1691 1966 1896 2046 gloria.
2001 1965 2132 2027 Hoc
2186 1965 2238 2026 si
2295 1982 2416 2026 non
2470 1970 2590 2025 tam

251 2069 525 2149 expedite
565 2068 813 2131 haberet
825 2071 871 2143 ¹³,
916 2068 1059 2131 illud
1089 2087 1325 2149 quoque
1351 2067 1782 2130 ³assertionem
1827 2067 2156 2146 scripturae
2201 2066 2357 2128 illius
2388 2073 2589 2130 tuere-

245 2180 372 2234 tur.
437 2170 728 2232 ⁴Pr0inde
770 2171 966 2250 potuit
1009 2170 1426 2232 abolefactam‘
1464 2189 1595 2232 eam
1624 2168 1900 2232 violentia
1927 2167 2260 2248 cataclysmi
2281 2167 2352 2228 in
2380 2166 2593 2246 spiritu

242 2290 464 2335 rursus
508 2273 869 2347 reformare,
924 2271 1421 2351 quemadmodum
1477 2278 1537 2333 et
1577 2270 2002 2349 Hierosolymis
2042 2269 2359 2350 Babylonia
2397 2286 2590 2348 expu-

247 2372 530 2454 gnatione
573 2373 781 2435 deletis
828 2392 1004 2435 omne
1035 2375 1498 2435 instrumentum
1526 2371 1794 2434 Iudaicae
1821 2370 2184 2432 litteraturae
2210 2389 2321 2451 per
2341 2369 2592 2432 Esdram

246 2482 489 2537 constat
540 2482 952 2537 restauratum.
1051 2474 1168 2536 Sed
1226 2492 1359 2536 cnm
1401 2473 1606 2536 Enoch
1673 2472 1880 2535 eadem
1938 2472 2231 2554 scriptura
2285 2471 2462 2534 etiam
2517 2470 2592 2532 de

390 2627 506 2692 Cap.
544 2615 660 2678 llt.'
725 2627 769 2677 1.
819 2635 867 2678 et
898 2627 984 2679 BC.
1637 2625 1685 2678 3.
1731 2629 2001 2678 assertione
2047 2627 2175 2678 BGD.
2286 2625 2336 2676 4.
2384 2623 2590 2676 Proinde

243 2696 463 2748 Bcoabc.
535 2697 735 2760 perinde
772 2699 819 2747 d.

1090 2627 1139 2678 2.
1190 2642 1354 2679 earnm
1389 2628 1518 2680 BGD.

322 2798 357 2848 i.
402 2793 751 2863 dignationem]
801 2798 931 2848 Haec
978 2813 1070 2847 vox
1118 2798 1369 2849 familiaris

248 2866 396 2915 etiam
434 2866 669 2929 Cypriane
719 2866 867 2929 Epist.
900 2865 958 2915 16
1015 2867 1243 2927 „Divinae
1295 2868 1369 2916 di·

251 2936 486 2998 quatientis
511 2935 866 2992 hortame,nta‚“
902 2943 950 2982 et
965 2933 1111 2998 Epist.
1130 2935 1193 2984 25
1210 2935 1369 2993 „Lae-

251 3002 545 3064 tatnsquod
582 3017 664 3050 vos
701 3002 1005 3051 consessione
1047 3002 1123 3051 sui
1160 3003 1369 3051 nominis

246 3070 491 3133 paraverit
524 3084 581 3118 ac
601 3084 829 3120 coronam
849 3071 1029 3119 domini
1054 3071 1204 3119 nostri
1226 3084 1368 3133 prae-

250 3138 395 3199 cipua
432 3137 694 3199 diymtio.“
730 3138 813 3196 (La
831 3138 1018 3198 Cerda.)
1072 3138 1271 3187 Tertull.
1302 3137 1369 3185 De

250 3205 446 3255 Corona
483 3220 586 3268 cap.
620 3204 702 3254 ult.
741 3220 918 3268 „quem
956 3213 1002 3254 et
1036 3206 1194 3254 bonus
1230 3205 1371 3254 miles

246 3272 476 3335 eligendo
516 3274 561 3320 in
613 3273 807 3322 caelesti
856 3273 1156 3322 ordinatione
1205 3276 1370 3336 diana-

248 3341 683 3457 tioneaproi'ecitf‘
767 3341 833 3388 ld.
884 3340 949 3389 De
988 3341 1126 3391 Cultu
1163 3341 1295 3391 Fem.
1333 3341 1370 3400 i,

248 3422 344 3472 αἱ)

326 3476 369 3524 k.
407 3475 606 3524 eundem
646 3474 881 3524 iudicandi
918 3474 1241 3551 dignationem
1250 3474 1370 3553 ’pol-

246 3612 406 3662 virilia
444 3619 682 3671 censetur,
720 3626 746 3659 a
782 3611 956 3675 quihus
986 3611 1139 3659 arceri
1168 3611 1372 3660 feminas

246 3679 454 3746 placuit.
522 3679 657 3743 Apud
707 3678 850 3728 deum
898 3693 1028 3737 vero,
1079 3692 1185 3727 cum
1240 3677 1370 3726 nulla

246 3749 355 3798 sint
402 3748 679 3796 hominihus
728 3747 821 3795 iam
876 3747 1163 3796 caelestibus
1212 3738 1369 3796 officia

248 3829 478 3873 sexuum,
541 3815 782 3864 communi
836 3823 1113 3865 sanctorum
1172 3813 1371 3876 gloriae,

146 3896 157 3905 ’
244 3885 355 3935 sive
391 3882 634 3946 quondam
670 3884 787 3941 viro,
823 3883 921 3931 sive
956 3882 1198 3946 quondam
1230 3882 1392 3931 i'emi·⁴

246 3966 365 4011 nae,
404 3966 492 4013 pro
529 3950 794 3999 sanctitatis
829 3966 885 4000 ac
904 3950 1210 4000 beatitudinis
1232 3963 1373 4013 prae-

246 4019 467 4080 rogativa
535 4019 803 4068 communis
867 4018 1103 4068 iudicandi
1164 4017 1376 4080 dignatio

248 4086 553 4139 conceditur.
588 4085 802 4147 (Rigalt.)

329 4155 448 4218 Cap.
482 4153 595 4202 nt·
636 4168 680 4202 a.
717 4153 973 4203 armarium
1010 4148 1280 4218 Iudaicum]
1323 4152 1377 4202 ln

248 4240 317 4274 eo
354 4222 540 4273 scilicet
576 4236 761 4272 conone
795 4223 1142 4286 scripturarum
1166 4222 1246 4285 qui
1268 4235 1374 4271 ser-

245 4291 456 4343 vabatur
493 4291 539 4339 in
576 4290 758 4353 templo
796 4289 1000 4339 Hebraei
1048 4290 1215 4352 populi
1261 4304 1377 4338 sue-

250 4359 531 4411 cedentinm
586 4357 830 4420 diligentia
892 4358 1212 4407 sacerdotnm.
1298 4356 1382 4406 Sic

252 4430 603 4490 interpretatur
615 4425 905 4488 Augustinus
918 4426 975 4474 de
992 4425 1085 4475 Civ.
1104 4425 1186 4474 Dei
1200 4423 1374 4484 xm&

246 4496 399 4546 ldem
444 4494 526 4543 lib.
565 4494 663 4544 ΧΙΙ.
694 4510 736 4543 c.
771 4493 1028 4552 Faustum,
1086 4492 1166 4542 ubi
1203 4493 1261 4542 de
1296 4492 1378 4543 lu·

252 4565 495 4613 daeorum
544 4570 711 4624 gente:
764 4561 925 4622 „Quid
962 4569 1035 4609 est
1070 4559 1199 4609 aliud
1235 4560 1378 4609 hodie

252 4646 381 4696 gens
418 4631 541 4694 ipsa,
580 4629 669 4679 nisi
707 4630 939 4693 quaedam
975 4627 1222 4678 scriniaria
1238 4628 1378 4678 Chri·

335 4718 654 4763 Taurunum
681 4728 782 4761 orr.
810 4726 1095 4762 tmolum-sa.
1165 4714 1291 4757 Tom.
1308 4713 1345 4757 1.

1470 2797 1757 2858 stimet-um,
1793 2797 2015 2849 baiulans
2038 2797 2214 2858 Legem
2236 2803 2284 2844 et
2306 2794 2589 2858 Prophetas,

1471 2867 1531 2916 ad
1565 2866 1892 2915 testimoninm
1930 2864 2218 2917 adsertionis
2244 2862 2502 2921 Ecclesiae,
2540 2868 2591 2927 nt

1471 2948 1561 2984 nos
1599 2934 1896 2982 honoremus
1949 2946 2036 2995 per
2070 2940 2423 2981 sacramentum
2461 2929 2587 2993 quod

1471 3003 1658 3051 nuntiat
1693 3000 1774 3050 ille
1807 3015 1897 3064 per
1933 2995 2217 3049 litteram?“
2267 2999 2324 3047 Et
2347 2998 2394 3046 in
2411 2997 2588 3046 Psaim.

1470 3068 1594 3119 Lvl:
1644 3066 1906 3127 „Codicem
1967 3074 2129 3130 portat
2176 3065 2399 3123 Iudaeus,
2463 3065 2589 3113 unde
2635 3098 2640 3103 -

1472 3135 1639 3186 credat
1673 3136 1989 3185 Christianus.
2051 3134 2252 3183 Librarii
2289 3133 2442 3183 nostri
2478 3132 2588 3181 sacti

1469 3212 1599 3263 sunt,
1656 3203 1898 3267 quomodo
1934 3202 2094 3253 solent
2128 3202 2251 3252 servi
2285 3208 2399 3266 post
2433 3199 2590 3249 domi-

1472 3288 1562 3322 nos
1599 3273 1790 3321 codices
1827 3272 1970 3329 serre,
2009 3278 2060 3320 ut
2094 3270 2163 3319 illi
2200 3267 2436 3333 portando
2470 3268 2590 3316 deti-

1472 3341 1614 3397 ciant,
1678 3339 1747 3388 illi
1799 3338 2001 3401 legendo
2047 3337 2355 3403 proficiant.“
2438 3335 2496 3384 Et
2541 3335 2589 3384 in

1474 3405 1651 3457 Psalm.
1699 3406 1869 3456 Lvtn:
1925 3442 1958 3467 ‚,
1975 3406 2071 3471 ipsi
2136 3406 2315 3455 hahent
2380 3403 2590 3464 codices,

1472 3476 1599 3526 unde
1637 3475 1951 3538 prophetatus
1988 3484 2061 3524 est
2079 3473 2300 3524 Christus
2332 3480 2382 3522 et
2408 3486 2498 3521 nos
2515 3479 2590 3521 te-

1473 3558 1646 3593 nemus
1685 3543 1943 3593 Christum.
1948 3542 1981 3566 “
2030 3542 2170 3601 Quod
2206 3544 2269 3592 ait
2303 3540 2590 3601 Augustinus

1472 3612 1533 3661 de
1568 3610 1720 3661 servis
1755 3610 1836 3675 qui
1871 3618 1982 3675 post
2028 3611 2252 3659 dominos
2287 3609 2479 3659 codices
2513 3608 2588 3656 fe-

1470 3687 1601 3739 runt,
1655 3678 1751 3728 hoc
1784 3678 1845 3727 de
1878 3679 2028 3728 servis
2065 3678 2298 3740 capsariis
2347 3676 2589 3739 accipien-

1475 3748 1589 3797 dum
1625 3754 1716 3804 est,
1752 3734 1957 3810 tinorum
1992 3747 2047 3795 fit
2082 3747 2259 3794 mentio
2296 3745 2399 3806 lege
2419 3743 2502 3791 lll.
2529 3742 2591 3792 de

1471 3814 1680 3864 Manum.
1695 3812 1856 3863 vinda
1893 3813 1978 3873 „Si
2017 3812 2359 3871 collactaneus,
2394 3810 2436 3859 si
2467 3809 2589 3858 edu·

1475 3889 1611 3932 cator
1655 3904 1724 3915 —
1769 3904 1838 3917 —
1889 3881 1961 3930 vel
2015 3882 2255 3944 capsarius
2303 3878 2384 3942 qui
2428 3883 2588 3940 portet

1474 3946 1665 3999 libros“
1717 3956 1828 3998 cett.
1908 3947 2143 3997 luvenalis
2191 3942 2312 4010 [Sat.
2349 3939 2587 4008 x,11·1]:

1478 4019 1666 4079 Q„uem
1703 4015 1920 4080 sequitur
1946 4023 2106 4065 custos
2138 4022 2363 4092 augustae
2393 4011 2587 4062 vernula
2683 4006 2692 4021 “

1479 4102 1566 4149 cap
1568 4086 1688 4134 sae?
1694 4083 1937 4145 6(ΙὶίςιιΙι.)
1991 4083 2058 4131 De
2065 4083 2313 4147 capsariis
2336 4097 2378 4131 v.
2396 4080 2587 4143 Pignor.

1477 4154 1546 4204 De
1536 4102 1785 4215 pServisp.
1799 4150 1916 4202 238.
1949 4151 2130 4201 Becker
2167 4147 2588 4213 Gallusl,p.115.

1479 4221 1621 4338 ahl}
1630 4220 1812 4339 Ηιίιιιὸῗίο
1844 4301 1940 4337 non
1985 4294 2083 4336 tam
2119 4285 2335 4349 expedite
2368 4277 2587 4344 haberet]

1476 4356 1527 4406 Si
1563 4356 1666 4406 Noe
1702 4371 1927 4406 censeres
1973 4369 2070 4405 non
2117 4360 2214 4404 tam
2250 4351 2467 4416 expedite
2499 4351 2588 4399 ha·

1460 4425 1643 4474 luxisse
1677 4424 1725 4473 in
1759 4421 2129 4488 praedicationis
2157 4421 2457 4484 delegatione
2476 4431 2588 4466 suc-

1478 4491 1970 4623 nectergbolehmm]
2002 4557 2203 4622 Apolog.
2220 4569 2324 4619 cap.
2338 4552 2453 4612 35,
2457 4551 2589 4612 ‚civi-

1478 4634 1644 4677 tatem
1663 4626 1890 4676 tabernae
1923 4626 2087 4676 habitu
2124 4618 2466 4686 aboksoceress‘

2214 4707 2281 4757 45
