3263 5311
2435 426 2564 494 367

213 590 555 655 Ῥιιιιιιιοῑ.
618 590 669 653 Δ
710 591 917 671 regina
958 589 1158 654 niinns
1201 589 1413 674 pudiea
1439 590 1910 670 ”desideratum
1956 592 2062 656 sod
2101 593 2234 674 quia
2277 612 2400 657 uon
2445 594 2564 657 ob-

213 693 601 773 sequebatur,
666 711 700 753 e
756 691 1057 754 contrat-io
1122 691 1196 754 ab
1248 692 1456 755 eadem
1517 693 1748 755 delatus
1803 691 1897 753 ”a
1938 711 2080 773 rege
2133 699 2200 757 in
2257 714 2563 760 carcerem

212 795 399 856 datur.
488 793 618 855 Illic
669 793 901 856 somnia
956 792 1311 873 quibusdam
1363 812 1488 858 nou
1542 811 1855 874 perperam
1883 793 2388 875 ·”interpretatue
2439 796 2558 860 vim

212 895 458 976 spiritus
500 894 597 956 sui
639 895 923 957 ostendit.
990 893 1221 957 Interea
1261 913 1367 956 rex
1411 913 1652 975 quoque
1680 894 1999 956 ”somniat
2039 895 2325 958 terribilia
2367 916 2556 977 quae·-

211 997 361 1060 dam.
453 995 545 1058 Illi
584 995 943 1058 ³¹detractus
983 995 1147 1075 quod
1188 1005 1544 1057 convocatus
1607 1004 1736 1058 erat
1774 995 2014 1058 ”valuit
2056 1015 2358 1076 exponere
2396 996 2560 1060 ⁸''lo-

208 1099 390 1179 seph,
436 1095 837 1177 experimenta
878 1096 954 1159 de
994 1096 1259 1160 earcere¹
1303 1096 1570 1170 edocuit,
1637 1096 1938 1159 somnium
1981 1097 2106 1176 regi
2148 1098 2366 1178 aperit:
2420 1097 2558 1160 illos

209 1199 393 1261 boves
438 1206 671 1279 septem
714 1197 1154 1278 opimissimos,
1198 1197 1623 1271 ”diffluentem
1677 1198 1928 1260 totidem
1976 1217 2266 1261 annorum
2311 1198 2558 1262 uberta-

212 1310 327 1364 tem
371 1299 738 1379 significare,
779 1299 1151 1378 posteriores
1195 1317 1381 1379 aeque
1425 1306 1656 1379 septem
1682 1297 2032 1360 ”enectos-⁸
2068 1300 2558 1380 subsequentium
2637 1339 2638 1344 κ

210 1411 442 1484 septem
485 1419 777 1462 annorum
821 1401 1083 1481 inopiam
1123 1399 1484 1481 praedicare.
1557 1397 1842 1461 ”Suadet
1878 1399 2072 1479 itaque
2116 1401 2192 1462 de
2216 1401 2556 1464 reconden-

209 1503 297 1565 dis
342 1501 661 1583 praesidiis
715 1502 777 1562 in
832 1502 1086 1565 futuram
1141 1503 1356 1564 famem
1414 1499 1489 1562 de
1544 1500 1717 1580 copia
1779 1501 2002 1580 priore.
2110 1501 2371 1570 Credidit
2419 1521 2554 1564 rex:

209 1604 398 1665 exitus
462 1621 664 1666 rerum
719 1610 778 1665 et
831 1603 1183 1682 prudentem
1239 1611 1299 1663 et
1354 1610 1625 1664 sanctum
1692 1620 1932 1682 semper
1984 1602 2028 1636 ⁸⁷
2042 1611 2104 1664 et
2155 1603 2558 1668 necessarium

208 1704 501 1785 probavit.
589 1703 790 1783 ltaque
841 1702 1126 1765 ”Pharao
1186 1701 1495 1764 universae
1535 1703 1800 1783 Aegypto
1856 1711 1916 1764 et
1967 1703 2451 1766 frumentandae·
2498 1712 2558 1766 et

211 1805 421 1870 exinde
486 1805 781 1867 curandae
846 1823 981 1867 eum
1044 1804 1343 1884 praefecit.
1452 1803 1625 1866 Hunc
1665 1803 2064 1884 ”Serapidem
2121 1822 2195 1866 ex
2249 1815 2555 1884 suggestu,

210 1926 321 1987 qno
367 1913 549 1986 caput
591 1906 719 1967 eius
776 1913 1106 1980 ornatum0,
1164 1914 1553 1979 vocaverunt3
1625 1906 1794 1967 cuius
1852 1913 2171 1985 suggestus
2227 1904 2556 1967 ⁴⁰modialis

210 2008 392 2088 figura
434 2007 478 2040 ⁴¹
493 2006 972 2068 frumentationis
1015 2006 1144 2068 eius
1188 2005 1535 2068 memoriam
1563 2005 1609 2038 ⁴¹
1623 2005 1933 2086 obsignat,
1977 2014 2039 2068 et
2078 2023 2280 2068 curam
2322 2006 2558 2085 frugum

210 2127 389 2190 super
433 2116 613 2188 caput
654 2108 781 2170 eius
824 2107 1055 2169 suisset
1098 2107 1246 2188 ipsis
1292 2107 1506 2186 spicis,
1560 2106 1776 2185 quibus
1821 2124 1930 2186 per
1971 2106 2254 2169 ambitum
2298 2113 2557 2181 notatur,

210 2217 470 2290 apparet.
558 2209 883 2289 Propterea
927 2216 989 2271 et
1027 2226 1261 2282 canem,
1314 2207 1546 2287 ⁴3quem
1589 2209 1754 2288 apud
1794 2208 2021 2270 inferos
2066 2207 2380 2288 deputant,
2442 2209 2556 2270 sub

211 2325 293 2377 26.
327 2329 463 2379 farao
497 2329 581 2379 Δα.
686 2327 769 2378 27.
805 2327 1135 2387 desideratus.
1171 2326 1258 2378 sed
1294 2328 1405 2392 quia
1436 2329 1517 2392 by.
1611 2327 1779 2377 deside
1795 2365 1901 2377 ........
1916 2327 2026 2392 quia
2062 2323 2178 2392 Αφ.
2220 2334 2262 2377 el
2296 2324 2395 2389 Δβ.
2471 2328 2557 2378 Vo-

215 2397 363 2445 culam
411 2397 518 2459 qnia
568 2396 705 2446 etiam
755 2397 1061 2459 Gothosredus
1108 2364 1406 2459 deprehendit
1452 2411 1535 2459 per
1581 2411 1717 2446 curas
1754 2396 1994 2445 secundas.
2079 2395 2301 2445 deside..
2355 2408 2474 2446 ..ma
2511 2411 2554 2445 e.

133 2515 141 2522 ,
215 2461 295 2512 28.
331 2478 357 2512 a
394 2477 506 2525 rege
543 2463 590 2512 iu
628 2477 872 2513 carcerem
906 2464 1048 2513 datur
1080 2460 1263 2528 Αφὸγ.
1336 2478 1361 2511 a
1399 2477 1511 2525 rege
1527 2500 1635 2512 ........
1655 2460 1979 2525 ἀειιιιμβηι.
2070 2460 2150 2514 29.
2187 2463 2559 2527 interpr-aetolos

211 2527 326 2596 Ap.
359 2546 449 2596 pro
481 2546 624 2581 more.
728 2529 811 2581 30.
846 2531 1059 2580 somniat
1094 2546 1201 2593 eqo
1263 2531 1451 2580 somnia
1487 2533 1599 2582 Aah.
1706 2529 1788 2580 31.
1825 2531 2068 2580 detractus
2103 2531 2235 2594 quod
2271 2538 2559 2581 convocatus

212 2605 311 2648 erat
345 2613 447 2662 eqo.
518 2596 744 2648 detractis
785 2613 907 2663 quos
955 2606 1296 2648 convocaverat
1326 2599 1439 2649 Aah.
1544 2598 1627 2648 32.
1665 2598 1808 2647 valuit
1839 2599 1923 2648 Aa.
1993 2598 2140 2647 voluit
2175 2600 2257 2662 by.
2363 2598 2560 2649 33.10·

209 2667 354 2729 seph,
395 2667 723 2731 experimenta
760 2682 859 2731 eye.
951 2666 1085 2716 losef
1116 2666 1310 2731 (loseph
1348 2668 1413 2726 b.)
1449 2668 1780 2732 expedimenta
1814 2668 1926 2716 Aah.
2031 2664 2110 2715 34.
2150 2666 2424 2717 diffluentes
2459 2682 2557 2729 eqo.

211 2734 476 2783 defluentes
509 2735 621 2784 Aah.
726 2733 810 2784 35.
847 2742 1042 2784 enectos
1078 2750 1176 2797 eqo.
1247 2734 1437 2797 ineptos
1470 2736 1581 2785 Aah.
1705 2733 1784 2784 36.
1823 2733 2003 2783 Suadet
2037 2735 2195 2797 itaque
2232 2751 2330 2798 eqo.
2401 2734 2557 2796 Saepe

209 2801 366 2865 itaque
401 2802 484 2852 Ao.
577 2816 724 2866 saepe
759 2802 918 2865 itaque
955 2805 997 2853 b.
1104 2801 1185 2851 3¹1.
1222 2810 1269 2851 et
1305 2818 1392 2853 om.
1431 2805 1472 2853 b.
1581 2800 1663 2851 38.
1699 2803 1831 2850 farao
1866 2802 1947 2850 Aa.
2053 2799 2134 2850 39.
2171 2801 2438 2865 Serapitem
2476 2804 2556 2851 Aa.

211 2868 296 2917 40.
331 2868 529 2917 modiali
567 2868 886 2933 Gothosr'edus.
1001 2868 1082 2918 41.
1124 2870 1509 2919 frumentationis
1556 2871 1660 2919 eius
1713 2869 1995 2918 memoriam
2031 2882 2084 2931 y.
2172 2868 2558 2917 frumentationis

216 2937 501 2984 memoriam
537 2934 729 3000 (Αβμῠ.
810 2937 1249 2988 frumentationis..
1253 2938 1563 2989 ‚memoriam
1600 2934 1713 3001 Αφ.
1818 2934 1902 2986 42.
1939 2934 2189 2996 obsignat,
2226 2943 2275 2985 et
2310 2949 2472 2985 curam
2511 2937 2556 2985 b.
2593 2962 2607 2969 ·

216 3002 540 3061 Gotkofredua.
605 3004 913 3066 obsignatum
946 3006 1027 3055 Aa.
1133 3002 1215 3054 43.
1254 3019 1396 3068 quem
1433 3005 1561 3068 apud
1597 3004 1781 3053 inferos
1817 3005 1897 3067 by.
1981 3015 2179 3067 quem..
2182 3002 2394 3053 ‚inferos
2427 3000 2557 3065 Δβα.

215 3083 349 3134 que..
353 3069 562 3119 inferos
594 3068 704 3137 Αφ.
778 3086 919 3136 quem
957 3072 1017 3123 ad
1051 3072 1236 3121 inferos
1270 3073 1628 3122 Hildebrandus.

276 3172 322 3223 k.
336 3170 577 3221 serviebat
592 3173 639 3222 in
661 3173 841 3223 familia
857 3172 1334 3238 regisAegyptioi-um
1435 3174 1586 3237 cap.5
1622 3174 1670 3221 in
1709 3172 1910 3222 historia
1945 3170 2108 3220 Abelis
2145 3178 2193 3220 et
2216 3170 2352 3221 Caini
2387 3185 2416 3219 a
2453 3170 2558 3220 vul·-

206 3234 424 3305 Pbarao]
485 3239 680 3290 Interim
719 3243 886 3291 mitari
922 3242 1001 3291 bic
1033 3241 1164 3291 subit
1198 3255 1334 3291 sum·
1432 3251 1540 3304 gata
1578 3240 1828 3290 exorbitat.

1053 441 1131 486 aa
1168 439 1462 501 uniones
1506 442 1623 485 me.
1655 439 1721 484 ιι.

205 3321 333 3357 mam
380 3308 435 3357 in
489 3308 579 3356 bac
613 3308 674 3358 de
708 3308 919 3371 losepbo
967 3309 1166 3359 historia
1204 3309 1333 3358 refe-

200 3376 353 3426 renda
389 3376 682 3425 Tertulliani
729 3375 1117 3438 incogitantiam,
1165 3377 1336 3426 toties-

198 3458 290 3506 qne
328 3457 453 3493 enm
491 3443 541 3492 in
573 3457 743 3493 sacrae
773 3438 1049 3506 scripturae
1073 3452 1121 3492 et
1139 3443 1335 3507 losepbi
1369 3460 1384 3474 ·

196 3512 536 3561 narrationem
572 3512 857 3575 impingere.
891 3511 1018 3561 Eece
1035 3511 1243 3575 primum
1271 3511 1337 3561 ait

198 3576 475 3642 losephutn
498 3591 523 3627 a
546 3579 776 3629 fratribus
793 3578 1033 3629 venditum
1052 3579 1260 3629 servisse
1287 3579 1335 3628 in

192 3646 374 3697 familia
426 3647 570 3707 regis
603 3646 942 3711 Aegyptiorum
979 3646 1182 3703 Pharao.
1222 3659 1332 3695 cum

188 3720 347 3764 tamen
405 3715 472 3763 in
522 3714 795 3778 Potipbaria
855 3714 1037 3764 familia
1095 3714 1333 3763 servierit·

185 3780 415 3833 Secundo
471 3780 539 3830 ait
570 3798 598 3831 a
636 3783 800 3844 regina
835 3783 994 3831 miuus
1034 3781 1209 3846 pudica
1245 3781 1332 3830 de-

185 3850 475 3901 sideratum
519 3863 609 3898 seu
660 3850 1004 3913 compellatum
1051 3850 1113 3899 de
1161 3857 1334 3912 stupro

190 3918 467 3982 losepbum
506 3931 537 3965 a
574 3930 687 3978 rege
735 3918 783 3966 in
840 3929 1085 3967 carcerem
1138 3917 1331 3966 datum.

190 3987 321 4050 etqui
375 3983 712 4047 compellatus
759 3984 819 4033 ab
870 3998 1018 4033 uxore
1065 3984 1331 4048 Potipbari.

189 4054 356 4105 Tertio
383 4055 457 4102 ait
485 4051 751 4115 losephum
777 4051 1108 4129 expedimenta
1135 4052 1196 4102 de
1224 4065 1335 4101 car-

190 4134 305 4170 cere
339 4120 619 4175 docuisse.
664 4120 793 4183 atqui
829 4134 857 4168 e
892 4133 1090 4169 carcere
1124 4120 1333 4168 arcessi·

186 4196 287 4238 tum
326 4196 381 4238 et
416 4187 657 4237 eductum
694 4201 832 4236 saera
868 4198 1061 4250 quoque
1094 4186 1337 4264 scriptura

176 4260 522 4306 contestatur.
597 4254 778 4312 Quarto
832 4255 898 4303 ait
941 4254 1239 4303 Pharaonem
1289 4254 1337 4303 ei

185 4324 339 4374 filiam
395 4334 553 4373 suam
601 4321 650 4370 in
709 4321 1066 4372 matrimonium
1121 4322 1336 4382 dedisse,

187 4406 299 4442 cam
338 4401 523 4441 tamen
567 4387 717 4439 filiam
748 4389 1027 4451 Potipberai
1064 4390 1107 4438 ei
1144 4389 1193 4437 iu
1230 4402 1335 4438 ma·

183 4461 484 4510 trimonium
525 4456 730 4511 dederii.
765 4457 1029 4517 (Gothofr.)
1073 4455 1219 4505 Pares
1255 4470 1338 4505 er-

182 4540 327 4579 rore·
366 4525 632 4578 commisit
663 4526 901 4577 Arnobius
938 4525 986 4573 in
1023 4523 1168 4573 rebus
1193 4522 1336 4574 Chri-

180 4597 244 4647 sti
280 4604 334 4647 et
374 4591 647 4644 mia-acutia
678 4594 783 4642 eius
813 4591 1113 4642 enarrandis.
1148 4591 1205 4640 Et
1230 4592 1339 4655 ipae

183 4660 539 4714 Tertullianus
576 4660 777 4727 passim.
826 4661 911 4711 Sic
945 4660 1087 4709 etiam
1106 4658 1339 4711 Advdud.

1504 3310 1538 3358 l.
1575 3308 1900 3371 experimenta
1920 3307 1980 3356 de
2003 3302 2222 3372 carcere]
2246 3307 2290 3356 b
2306 3320 2350 3356 e.
2364 3306 2559 3355 somnia

1436 3379 1485 3427 in
1522 3389 1716 3427 carcere
1752 3390 1778 3423 a
1817 3389 1872 3424 se
1909 3374 2114 3424 feliciter
2148 3375 2399 3438 explicata.

1504 3459 1569 3494 ιιι.
1606 3437 1827 3507 enectos]
1865 3442 1932 3493 lta
1968 3442 2319 3493 emendandum
2342 3449 2443 3492 erat
2468 3455 2558 3504 pro

1433 3516 1615 3577 ineptos
1650 3511 1778 3574 quod
1816 3511 1942 3560 liber
1975 3510 2192 3574 praebet.
2248 3511 2320 3561 Cf.
2357 3508 2558 3572 Apolog.

1435 3595 1541 3643 cap.
1559 3579 1673 3636 14,
1677 3592 1805 3639 ,cum
1840 3585 1996 3629 enecta
2032 3587 2078 3627 et
2113 3578 2332 3629 tabidosa
2368 3585 2417 3628 et
2449 3590 2560 3628 sca-

1432 3648 1573 3698 biosa
1608 3661 1829 3711 quaeque
1867 3646 2137 3696 mactatisf‘
2269 3663 2285 3669 ⁹

1502 3730 1550 3764 n.
1587 3722 1639 3763 et
1672 3707 2061 3777 frumentandae]
2132 3713 2178 3761 b.
2216 3727 2259 3761 e.
2306 3712 2559 3762 frumentis

1433 3790 1534 3833 tota
1568 3785 1777 3844 Aegypto
1815 3779 2116 3841 colligendis.

1504 3864 1550 3898 o.
1588 3863 1645 3897 ex
1680 3855 1927 3909 suggestu,
1965 3862 2062 3911 quo
2092 3861 2144 3895 cc
2150 3852 2237 3909 put
2271 3845 2377 3893 eina
2413 3857 2560 3892 orna-

1435 3914 1561 3979 tum]
1630 3914 1890 3965 Cumulum
1928 3922 1973 3964 et
2022 3926 2242 3963 acervum
2271 3911 2562 3989 intellegere

1433 3985 1648 4043 videtur,
1712 3996 1855 4046 quem
1913 3981 2081 4032 Graeci
2136 3971 2323 4044 σωρόν
2379 3978 2562 4040 dicunt,

1436 4051 1663 4102 frumenti
1701 4048 1888 4101 scilicet
1922 4049 2187 4108 cumulum,
2225 4047 2372 4098 modii
2408 4047 2561 4109 figura

1436 4118 1756 4180 designatum.
1793 4116 2006 4179 (Rigalt.)
2050 4116 2140 4166 Alii
2176 4116 2562 4167 Christianorum

1436 4188 1730 4251 scriptorum
1765 4185 1986 4248 Serapim
2040 4197 2148 4235 cum
2186 4183 2393 4247 losepbo
2442 4196 2561 4232 con-

1436 4254 1739 4304 fundentium
1775 4267 1956 4302 nomen
1986 4253 2202 4302 derivant
2219 4248 2407 4318 Σαρᾶς
2428 4240 2555 4297 ἄπο.

1438 4320 1508 4371 De
1543 4321 1708 4371 modio
1744 4320 1829 4370 illo
1856 4320 2104 4383 Serapidis
2140 4319 2283 4382 capiti
2319 4331 2563 4381 superpo-

1437 4389 1531 4439 sito
1581 4390 1645 4439 cf.
1694 4387 1918 4439 Gorbard
1973 4387 2143 4469 Antike
2198 4384 2464 4436 Bildwerke
2510 4399 2562 4447 p.

1438 4455 1627 4520 25³qq.

1506 4538 1556 4587 p.
1593 4536 1745 4585 super
1778 4529 1925 4584 caput
1970 4522 2073 4570 eius
2111 4519 2261 4570 fuisse
2436 4532 2480 4566 e.

1438 4590 1714 4640 mandatam
1748 4589 1914 4639 fuisse.
1952 4588 2152 4639 Locutio
2173 4602 2232 4638 ex
2262 4514 2543 4636 betis
2436 4584 2564 4635 scri-

1437 4659 1535 4724 pue
1569 4658 1790 4723 repetita
