3263 5311
999 444 1080 488 nn
1120 445 1270 488 maa
1314 445 1376 489 m
1419 445 1887 489 tennemonn.
2483 431 2642 497 465·

263 594 496 681 miserit
537 594 854 669 dominus,
921 602 989 667 ut
1040 603 1142 656 aut
1193 595 1391 674 ipsum
1446 595 1718 657 destruat
1757 613 1867 675 per
1906 594 2085 657 fidem
2128 595 2454 659 electorum
2498 597 2539 631 ¹⁸
2553 598 2614 660 in

259 694 649 779 temptatione
689 695 988 759 victricem
1006 742 1023 767 ,
1071 695 1224 758 ¹⁶aut
1263 695 1538 758 homines
1581 696 1714 757 eius
1759 695 1946 757 fuisse
1990 695 2293 758 traducat·¹
2316 697 2417 777 qui
2448 699 2612 760 ”de-

255 797 510 859 fecerint
550 797 625 857 ad
667 795 851 858 illum.
917 795 1116 858 Habes
1161 797 1494 877 exemplum
1535 796 1678 870 lob,
1723 798 1814 859 cui
1860 796 2131 861 diabolus
2174 797 2393 860 nullam
2420 800 2620 878 potuit

253 898 526 960 incutere
569 897 1048 977 temptationem,
1114 897 1231 959 nisi
1278 917 1312 959 a
1354 898 1468 960 deo
1514 898 1844 978 accepisset
1884 905 2277 977 potestatem,
2345 899 2511 962 ¹¹³nec
2552 901 2614 962 in

253 998 656 1083 substantiam
696 998 938 1077 quidem
979 999 1132 1072 eius,
1178 998 1294 1060 nisi
1336 998 1637 1072 dominus,
1680 999 1854 1073 Ecce,
1906 996 2176 1071 dixisset,
2223 998 2421 1059 omnia
2464 1019 2616 1079 quae
2642 1014 2859 1070 101».1,12.

254 1108 402 1161 sunt
447 1099 534 1173 ei,
581 1099 643 1160 in
685 1117 865 1161 manu
910 1099 1060 1161 ¹⁹tua
1105 1100 1217 1173 do,
1261 1100 1324 1160 in
1367 1099 1564 1180 ipsum
1606 1108 1803 1161 autem
1848 1118 1925 1160 ne
1970 1099 2307 1161 extenderis
2350 1119 2610 1164 manum.

249 1201 527 1279 Denique
555 1201 726 1262 ²⁰nec
767 1201 1059 1273 extendit,
1103 1201 1222 1263 nisi
1252 1200 1697 1280 ²¹posteaquam
1742 1208 1804 1261 et
1846 1200 1962 1262 hoc
2003 1200 2327 1280 postulanti
2356 1200 2609 1264 ”domi-

249 1320 411 1375 nus,
455 1301 639 1375 Ecce,
684 1300 967 1374 dixisset,
1013 1302 1186 1363 trado
1231 1301 1335 1365 tibi
1376 1301 1574 1373 iilum,
1622 1308 1847 1362 tantum
1893 1301 2147 1362 animam
2180 1302 2310 1364 eius
2354 1303 2851 1372 mistodi.10h.n‚s.

251 1402 360 1475 Sic
403 1411 464 1463 et
504 1403 568 1463 in
610 1402 920 1481 apostolos
974 1402 1308 1464 facultatem
1365 1402 1770 1482 temptationis
1826 1402 2147 1481 postulavit
2206 1421 2328 1464 non
2383 1403 2609 1465 habens

251 1522 391 1565 eam
435 1503 552 1565 nisi
597 1523 668 1565 ex
710 1503 754 1535 ¹³
765 1503 1101 1582 permissu,
1148 1503 1440 1581 siquidem
1486 1503 1763 1564 dominus
1808 1501 1869 1563 in
1914 1504 2213 1582 evangelio
2245 1503 2318 1565 ad
2348 1503 2610 1579 Petrum,

246 1605 442 1676 Ecce,
489 1604 708 1683 inquit,
762 1604 1080 1683 postulavit
1123 1611 1393 1677 satanas,
1458 1604 1584 1666 ²⁴ut
1625 1610 1930 1667 cerneret⁸
1982 1620 2091 1664 vos
2136 1605 2296 1666 velut
2338 1606 2606 1667 frumen-
2634 1602 2843 1705 xfflfssh

247 1715 420 1779 tum,
465 1705 725 1766 ”verum
771 1724 882 1783 ego
925 1705 1128 1784 rogavi
1171 1723 1282 1784 pro
1329 1714 1422 1777 te,
1489 1724 1565 1766 ne
1608 1706 1889 1767 deficeret
1931 1705 2080 1767 fides
2142 1715 2271 1779 tua,
2337 1706 2450 1767 ”id
2497 1717 2609 1780 est,

247 1825 336 1868 ne
379 1814 608 1868 tantum
649 1804 944 1866 ”diabolo
987 1806 1430 1886 permitteretur
1451 1854 1466 1881 ,
1540 1813 1603 1867 ut
1657 1806 1804 1867 fides
1858 1805 2310 1886 periclitaretur.
2417 1808 2612 1880 ”Quo

173 1978 183 1986 ‚
251 1906 593 1969 ostenditur
637 1913 952 1986 utrumque
995 1906 1150 1986 apud
1195 1906 1371 1968 deum
1416 1925 1585 1979 esse,
1634 1914 1695 1968 et
1723 1909 2177 1969 concussionem
2206 1907 2345 1991 fidei
2374 1915 2434 1970 et
2461 1927 2610 1988 pro-

249 2008 605 2080 tectionem,
652 2026 786 2069 cum
827 2015 1146 2086 utrumque
1189 2006 1261 2068 ab
1308 2026 1380 2068 eo
1424 2008 1676 2087 petitur,
1722 2009 2037 2069 concussio
2084 2027 2117 2070 a
2146 2006 2416 2080 diabolo,
2460 2028 2609 2089 pro-

250 2109 438 2170 tectio
485 2128 517 2170 a
563 2108 704 2169 filio.
793 2108 868 2169 Et
909 2107 1114 2187 utique
1157 2127 1294 2169 cum
1337 2108 1492 2170 tilius
1538 2109 1633 2170 dei
1675 2109 2108 2188 protectionem
2152 2108 2286 2170 tidei
2334 2108 2510 2171 habet
2551 2110 2613 2173 in

253 2228 368 2271 sua
413 2216 741 2290 potestate,
803 2227 975 2289 quam
1023 2227 1056 2270 a
1098 2217 1269 2289 patre
1310 2210 1601 2288 postulat,
1659 2229 1691 2271 a
1735 2227 1853 2288 quo
1900 2228 2137 2271 omnem
2181 2209 2393 2289 accipit
2434 2219 2610 2289 pote·

253 2318 472 2373 statem
518 2312 580 2371 in
624 2309 801 2371 caelis
842 2318 903 2370 et
945 2310 1006 2370 in
1052 2310 1228 2372 terris
1242 2308 1280 2382 ¹,
1327 2310 1498 2390 quale
1542 2320 1665 2383 est,
1710 2319 1778 2371 ut
1821 2310 2277 2387 concussionem
2312 2310 2448 2372 fidei
2480 2311 2609 2372 dia-

251 2412 432 2473 bolus
476 2412 538 2472 in
581 2430 760 2473 manu
806 2429 914 2472 sua
955 2409 1217 2473 habeat?
1280 2410 1397 2473 Sed
1443 2412 1504 2472 in
1530 2411 1791 2490 legitima
1821 2413 2149 2486 oratione‘‚
2195 2430 2326 2474 cum
2360 2412 2611 2474 dicimus

257 2513 338 2581 ad
378 2520 639 2592 patrem,
703 2512 790 2573 Ne
855 2530 970 2572 nos
1027 2512 1271 2573 inducas
1327 2512 1388 2573 in
1445 2512 1895 2593 temptationem
1951 2518 2125 2591 (quae
2179 2521 2375 2574 autem
2419 2515 2917 2582 maioruatm.vi,1a.

255 2613 598 2694 temptatio,
666 2632 842 2694 quam
894 2614 1235 2694 persecutio
1251 2612 1342 2691 ῗ),
1413 2612 1486 2674 ab
1533 2632 1605 2675 eo
1652 2613 1809 2675 illam
1851 2614 2204 2694 profitemur
2256 2614 2522 2677 accidere
2579 2634 2611 2677 a

255 2734 377 2794 quo
421 2715 651 2776 veniam
695 2714 825 2776 eius
868 2714 1271 2794 deprecamur.
1360 2715 1546 2778 ”Hoc
1587 2723 1683 2776 est
1726 2716 1881 2777 enim
1926 2717 2082 2795 quod
2128 2715 2430 2794 sequitur,
2489 2715 2613 2776 Sed

260 2834 406 2876 erue
449 2833 565 2878 nos
607 2835 639 2876 a
681 2815 972 2895 maligno,
1040 2815 1152 2876 ³⁰id
1199 2824 1324 2889 est,
1391 2834 1468 2876 ne
1523 2833 1638 2877 nos
1698 2816 2001 2877 induxeris
2058 2816 2117 2876 in
2165 2816 2625 2896 temptationem.

258 2916 659 2995 permittendo
701 2935 815 2978 nos
859 2916 1135 2995 maligno.
1252 2917 1421 2977 Tunc
1476 2917 1635 2977 enim
1691 2914 1953 2976 eruimur
1994 2914 2033 2946 ³¹
2051 2914 2267 2976 diaboli
2311 2916 2607 2991 manibuS,

261 3067 346 3117 15.
386 3067 434 3116 in
472 3067 726 3118 tentatione
762 3071 891 3120 bede.
930 3070 1207 3120 Gorziensis.
1243 3069 1501 3118 Rhenanus.
1577 3067 1937 3118 intentationem
1974 3069 2143 3131 reliqui
2178 3075 2220 3117 et
2255 3069 2609 3119 Laurentianus.

259 3135 342 3186 16.
380 3143 463 3184 aut
499 3135 738 3185 hominem
775 3138 862 3186 AB.
961 3136 1037 3185 17.
1077 3136 1307 3185 deiecerit
1340 3138 1695 3186 Laurentianus.
1787 3134 1862 3183 18.
1904 3150 1991 3184 nec
2026 3136 2342 3184 substantiam
2378 3135 2612 3187 Autan-

249 3205 514 3253 rentianus.
621 3203 697 3254 19.
736 3211 813 3253 tus
850 3204 1044 3254 domine
1080 3204 1127 3252 in
1166 3204 1323 3267 ipsum
1358 3204 1446 3253 AB.
1552 3202 1633 3252 20.
1673 3218 1762 3252 nec
1799 3203 2007 3252 ostendit
2042 3204 2093 3251 B.
2198 3201 2279 3252 21.
2315 3209 2427 3266 post
2463 3218 2609 3267 quam

249 3271 342 3324 AB.
449 3269 529 3320 22.
567 3271 793 3321 dominus
830 3280 878 3321 et.
913 3273 1086 3322 ceteris
1121 3275 1172 3321 A.
1206 3288 1266 3321 m.
1283 3287 1356 3335 pr.
1391 3271 1471 3321 Ba.
1508 3272 1861 3321 Laurentianus.
1950 3271 2202 3332 domiuus,
2251 3285 2393 3331 ecce,
2446 3272 2512 3320 ait
2556 3272 2607 3321 A.

248 3355 316 3388 m.
353 3353 444 3389 sec.
516 3339 759 3398 dominus,
796 3354 925 3398 ecce,
962 3339 1161 3389 dixisset
1193 3340 1363 3402 reliqui
1399 3346 1440 3387 et
1477 3339 1755 3388 Gorziensis.
1861 3336 1942 3386 23.
1980 3338 2224 3402 promissa
2260 3338 2348 3388 AB.
2437 3336 2519 3388 24.
2558 3345 2610 3388 ut

250 3414 479 3456 cerneret
513 3408 595 3455 Aa.
667 3407 732 3455 uti
770 3415 989 3456 cerneret
1023 3407 1134 3456 Bde.
1170 3413 1262 3455 tres
1307 3407 1526 3456 Vaticani.
1616 3414 1667 3455 ut
1702 3406 1997 3455 discerneret
2032 3408 2101 3456 bc.
2142 3407 2419 3456 Gorziensis.
2525 3403 2608 3455 25.

248 3488 417 3522 verum
454 3488 544 3536 ego
580 3474 739 3537 rogavi
777 3489 866 3538 pro
903 3481 949 3523 te
985 3475 1112 3524 bede.
1195 3473 1281 3522 sed
1328 3487 1417 3535 ego
1454 3474 1582 3524 oravi
1629 3481 1817 3537 patrem
1865 3473 1916 3522 Α.
1951 3489 2122 3523 macc.
2160 3476 2211 3522 in
2245 3489 2390 3538 mar9.
2466 3474 2611 3524 Verba

249 3557 345 3592 om.
374 3541 494 3592 ABa.
531 3541 882 3592 Laurentianus.
988 3540 1068 3591 26.
1118 3541 1164 3589 id
1212 3547 1287 3591 est
1333 3556 1393 3590 ne
1441 3547 1622 3589 tantum
1675 3542 1833 3591 abcde.
1918 3541 1988 3590 vel
2041 3556 2099 3590 ne
2136 3548 2317 3590 tantum
2353 3540 2441 3594 AB.
2525 3539 2609 3589 27.

248 3608 452 3659 diabulo
489 3609 839 3659 Laurentianus.
944 3606 1025 3659 28.
1064 3608 1201 3667 Quod
1239 3607 1512 3658 ostenditur
1544 3609 1630 3658 AB.
1650 3609 2004 3660 Laurentianus.
2093 3607 2174 3659 29.
2213 3615 2261 3658 et
2294 3609 2388 3657 hoc
2423 3607 2608 3659 cstAB.

251 3675 339 3725 30.
375 3676 424 3726 id
462 3683 535 3725 est
570 3691 629 3726 ne
664 3678 824 3727 abcde.
894 3676 966 3726 vel
1005 3690 1063 3725 ne
1099 3677 1149 3737 A,
1180 3683 1222 3726 et
1243 3676 1596 3726 Laurentianus.
1656 3676 1798 3727 Verba
1833 3677 1879 3726 id
1919 3683 1995 3726 est
2024 3699 2084 3710 -—
2106 3701 2169 3711 —
2207 3675 2418 3738 maligno
2454 3674 2608 3726 orn-B.

251 3742 340 3793 31.
377 3743 555 3793 diaboli
591 3744 799 3795 ABabcd.
871 3759 898 3795 e
934 3742 1114 3794 diaboii
1149 3746 1201 3793 A.
1235 3759 1407 3795 πετο.
1477 3758 1504 3792 a
1540 3743 1722 3793 diaboli
1759 3759 1797 3793 e.
1832 3745 1963 3794 Futv.
2004 3744 2212 3793 Ursinus,

325 3845 372 3895 d.
413 3847 516 3895 eius
562 3846 714 3896 tuisse
762 3844 1005 3910 traducat]
1074 3845 1384 3895 Demonstret
1482 3845 1642 3894 omnis
1674 3845 1886 3894 veritatis
1932 3843 2248 3893 avocatricem
2300 3840 2409 3890 sola
2443 3842 2609 3892 tradu-

250 3913 481 3963 homines
517 3915 668 3964 fuisse
704 3913 905 3974 diaboli,
941 3914 1021 3978 qui
1057 3914 1251 3963 deserto
1287 3912 1379 3962 deo
1484 3911 1603 3963 cit.“

249 3981 524 4031 defecerint
572 3982 631 4031 ad
679 3981 927 4031 diabolum
964 3989 1012 4030 et
1047 3981 1095 4032 in
1129 3979 1380 4044 publicum
1551 3995 1595 4029 e.
1630 3986 1686 4028 ut
1718 3972 1963 4044 cerneret]
2000 3977 2047 4026 h.
2082 3991 2123 4024 e.
2161 3974 2397 4025 cribraret
2430 3981 2479 4025 et
2512 3975 2609 4024 cri-

246 4048 548 4113 spectandos
583 4056 631 4098 et
666 4048 1031 4112 cognoscendos
1063 4048 1382 4114 quasitraus-
1482 4046 1672 4098 braudo
1714 4051 1961 4110 purgaret.
2032 4044 2240 4094 Utuntur
2287 4043 2379 4093 hac
2421 4042 2607 4104 signiti-

245 4116 412 4166 vebat.
481 4115 554 4166 Ct'.
604 4117 878 4180 intracap.
924 4114 983 4166 12
1066 4115 1229 4177 „Ergo
1265 4116 1381 4165 dum
1485 4115 1675 4165 catione
1722 4113 1844 4163 Ptin.
1894 4112 2017 4162 Hist.
2053 4110 2159 4160 Nat.
2196 4109 2365 4170 xvm,
2405 4108 2485 4170 11,
2527 4109 2606 4160 19.

247 4182 468 4234 nolendo
503 4183 630 4234 tradi
667 4198 763 4234 non
798 4184 868 4233 vis
905 4185 1116 4246 traduci,
1167 4181 1381 4232 nolendo
1483 4181 1688 4244 xxxtn,
1726 4181 1776 4242 5,
1796 4179 1877 4230 26.
1914 4187 1964 4230 et
1999 4179 2117 4230 Cato
2134 4178 2203 4228 De
2220 4178 2289 4227 Re
2309 4178 2441 4228 Rust.
2471 4177 2606 4228 CVII.

247 4251 444 4313 negasti
491 4252 621 4315 quod
669 4259 715 4301 te
765 4266 875 4302 esse
909 4252 1095 4302 traduci
1129 4248 1380 4301 noluisti.“
1550 4250 1586 4298 s.
1624 4250 1673 4299 in
1710 4248 1860 4298 caelis
1896 4257 1947 4298 et
1979 4242 2215 4311 interris]
2249 4245 2605 4308 EvaugAEatth.

244 4319 325 4369 Ad
361 4319 504 4383 Scap.
546 4320 704 4382 cap.2
740 4319 1049 4381 „Daemones
1086 4326 1245 4368 autem
1282 4329 1379 4367 non
1480 4316 1681 4377 XXVIII,
1721 4315 1803 4366 18.

244 4393 441 4439 tantum
477 4388 774 4450 respuimus,
808 4400 973 4437 verum
1010 4394 1060 4436 et
1091 4385 1381 4436 revincimus
1549 4399 1595 4447 g.
1635 4386 1683 4433 iu
1720 4384 1931 4446 legitima
1952 4375 2197 4446 oratione]
2233 4379 2513 4430 Orationem
2532 4378 2605 4426 le·

245 4464 302 4505 et
353 4454 529 4504 cotidie
580 4456 865 4505 tradamus
912 4462 962 4504 et
1008 4453 1068 4504 de
1101 4452 1381 4504 hominibus
1482 4451 1697 4514 citimam
1733 4451 1849 4501 dicit
1883 4464 2028 4514 quam
2062 4448 2206 4499 nobis
2241 4447 2431 4523 dictayit
2464 4444 2609 4494 Chri·

245 4520 602 4585 expellimus.“
671 4521 740 4571 De
785 4522 954 4572 Anima
989 4534 1098 4585 cap.
1137 4520 1162 4570 1
1219 4532 1383 4585 ,ηοω
1483 4524 1590 4568 stus
1637 4517 1863 4568 caelestis
1896 4518 2018 4566 iuris
2054 4516 2255 4580 peritus.
2325 4513 2409 4561 Sic
2442 4524 2609 4574 „pre-

243 4591 347 4641 vim
403 4590 548 4639 istam
611 4589 1076 4654 perniciosissimam
1130 4603 1222 4638 nec
1274 4601 1382 4640 um·
1485 4599 1592 4635 cem
1639 4583 1938 4647 legitimam“
1986 4584 2103 4633 dixit
2146 4581 2393 4643 Angustia.
2447 4578 2611 4628 Serm-

245 4672 401 4723 quam
437 4656 648 4718 bonam,
696 4658 880 4723 antiqui
916 4656 1097 4707 erroris
1131 4656 1383 4717 artificem,
1486 4653 1654 4707 CXXV.
1691 4652 1761 4704 De
1797 4652 1965 4717 Temp.
2003 4649 2168 4714 (lua).

328 4743 774 4791 anuuarorr.
794 4757 869 4788 aa.
894 4754 1092 4789 osuin.
1130 4742 1257 4787 Tom.
1280 4741 1316 4785 1.
2239 4729 2305 4779 30
