3263 5311
1275 388 1559 471 Passuri
1562 429 1619 471 0.
2543 427 2624 469 vn

242 575 545 637 Patientia.
686 579 795 639 15.
866 574 1173 639 Adversus
1239 576 1525 640 Praxean.
1642 581 1740 643 16.
1807 576 2106 640 Adversus
2163 575 2623 639 Valentinianos.

252 682 337 740 17.
398 676 735 740 Adversus
801 677 1165 739 Marcionem
1226 678 1518 741 librorum
1581 678 1650 739 V.
1721 687 1845 740 tres
1916 678 2172 759 priores.
2301 677 2390 739 Cf.
2455 677 2622 739 End-

252 778 425 840 ficher
485 778 689 841 Catal.
754 777 943 840 Codd.
999 778 1212 841 Philol.
1268 778 1399 841 Lat.
1453 778 1605 841 Bibl.
1671 779 1855 842 Palat.
1912 778 2162 841 Vindob.
2222 798 2281 859 p.
2325 780 2446 844 180
2491 797 2622 859 sqq.

252 878 421 941 Liber
463 888 661 940 notae
708 880 967 958 peioris,
1037 880 1404 961 multumque
1446 887 1787 954 correctus,
1846 879 2113 943 eiusdem
2156 880 2410 943 familiae
2451 879 2621 942 cuius

257 988 339 1042 est
377 980 721 1042 Leidensis
762 988 828 1041 et
868 979 1303 1043 Laurentianus
1350 988 1410 1043 et
1452 982 1622 1044 cuius
1666 981 1937 1044 Rhenani
1981 990 2152 1044 erant
2193 980 2450 1043 codices.

418 1083 484 1145 3.
533 1080 749 1141 Codex
792 1080 915 1142 MS.
961 1082 1446 1144 vindobonensis
1489 1101 1551 1145 n.
1583 1086 1729 1148 283.
1776 1082 2027 1145 membr.
2074 1101 2230 1144 saec.
2277 1082 2394 1143 XV.
2439 1097 2620 1143 manu

256 1182 335 1243 Io.
367 1180 735 1262 cuspiniani
780 1189 1077 1244 exaratus.
1164 1182 1473 1257 Continet,
1518 1192 1756 1263 praeter
1782 1184 2080 1246 Aristeam'
2121 1183 2196 1245 de
2223 1180 2380 1244 Lxx
2424 1181 2618 1243 Inter-

256 1282 564 1364 pretibus,
629 1282 978 1345 Terttilliani
1020 1282 1207 1346 libros
1255 1289 1309 1347 1.
1355 1284 1441 1346 De
1484 1284 1675 1347 Carne
1717 1284 1970 1359 (utristi,
2040 1294 2101 1363 et
2156 1286 2218 1348 2.
2261 1282 2349 1345 De
2391 1282 2618 1344 Resur-

261 1384 526 1446 rectione
575 1382 812 1444 Carnis·
901 1383 987 1445 Cf.
1031 1383 1351 1448 Endlicher
1392 1386 1431 1448 l.
1463 1385 1503 1447 l.
1546 1405 1607 1466 p.
1646 1387 1765 1451 183
1799 1372 1933 1466 sqq.

423 1489 491 1548 4.
538 1483 747 1545 Codex
787 1484 910 1546 MS.
958 1483 1303 1561 midensis,
1348 1486 1599 1548 membr.
1646 1505 1800 1549 saec.
1833 1486 1976 1559 XV„
2032 1485 2095 1546 in
2136 1484 2302 1547 Italia
2348 1490 2620 1546 exaratus

259 1585 328 1646 ab
370 1584 641 1647 Antonio
698 1574 864 1646 Marii
917 1584 1075 1659 filio,
1138 1594 1206 1648 ut
1258 1596 1466 1649 censet
1514 1587 1811 1649 Henricus
1867 1586 1999 1650 Keil
2039 1587 2106 1648 V.
2140 1585 2259 1659 CL,
2327 1585 2426 1666 qui
2484 1603 2620 1647 eum

258 1687 413 1766 apud
460 1704 563 1748 me
607 1685 773 1747 vidit.
858 1686 969 1748 Est
1010 1686 1452 1766 elegantissime
1508 1688 1804 1767 scriptus,
1873 1696 2110 1750 scatens
2155 1686 2313 1749 vitiis
2357 1685 2618 1766 vulgaris

261 1788 537 1849 codicum
586 1786 934 1848 Tertulliani
976 1787 1229 1850 familiae
1272 1789 1556 1869 propriis.
1626 1789 1907 1852 Continet
1955 1789 2127 1868 1.‘De
2157 1788 2347 1850 Carne
2378 1785 2619 1848 Christi.

256 1891 319 1952 2.
362 1889 455 1950 De
501 1887 715 1951 Carnis
755 1888 1237 1952 Resurrectione.
1305 1892 1367 1954 3.
1410 1889 1497 1952 De
1528 1890 1765 1952 Corona
1793 1889 2015 1953 Militis.
2089 1894 2152 1953 4.
2195 1889 2282 1950 Ad
2311 1889 2618 1968 Martyres.

260 1994 321 2054 5.
364 1990 457 2051 De
499 1989 891 2051 Paenitentia.
980 1992 1041 2054 6.
1086 1989 1172 2051 De
1216 1990 1555 2071 Virginibus
1598 1991 1898 2054 velandis,
1992 1994 2054 2055 7.
2095 1991 2183 2052 De
2225 1989 2442 2051 Habitu
2485 1988 2617 2049 Mu-

258 2090 465 2164 liebri,
514 2099 579 2151 et
616 2089 705 2151 De
732 2089 904 2152 Cultu
933 2089 1335 2153 Feminarum.
1409 2094 1469 2156 8.
1514 2092 1677 2154 Duos
1720 2092 1810 2153 Ad
1842 2090 2097 2154 Uxorem
2141 2090 2351 2153 libros.
2425 2092 2487 2154 9.
2532 2088 2618 2150 De

258 2191 421 2271 Fuga
460 2191 529 2252 in
572 2190 1021 2253 Persecutione.
1100 2197 1198 2257 10.
1243 2192 1332 2253 Ad
1376 2192 1707 2272 Scapulam.
1787 2197 1886 2257 11.
1932 2193 2017 2256 De
2047 2191 2472 2254 Exhortatione
2502 2189 2617 2251 Ca·-

266 2293 504 2354 stitatis.
611 2293 711 2355 12.
755 2291 841 2353 De
894 2292 1287 2371 Monogamia.
1390 2296 1491 2359 13.
1550 2294 1637 2357 De
1691 2293 1896 2356 Pallio.
2007 2298 2107 2358 14.
2166 2293 2253 2355 De
2309 2290 2618 2353 Patientia.

271 2398 366 2457 15.
426 2393 737 2455 Adversus
793 2393 1077 2455 Praxean.
1181 2397 1280 2459 16.
1336 2395 1638 2457 Adversus
1680 2394 2142 2457 Valentinianos.
2253 2397 2353 2458 17.
2398 2392 2619 2455 Libros

270 2495 530 2574 quinque
568 2493 873 2556 Adversus
901 2494 1283 2557 Marcionem.
1356 2498 1455 2560 18.
1498 2496 1802 2559 Adversus
1830 2496 2110 2558 Iudaeos.
2181 2496 2280 2560 19.
2323 2492 2621 2556 Adversus

270 2595 491 2658 Omnes
534 2594 853 2658 Haereses.
922 2598 1025 2662 20.
1070 2596 1156 2659 De
1196 2595 1678 2679 Praescriptione
1704 2597 2178 2662 Haereticorum:
2242 2598 2347 2661 21.
2394 2593 2621 2655 Adver-

270 2715 371 2759 sus
412 2697 879 2776 Hermogenem.
967 2699 1071 2761 22.
1116 2697 1585 2778 Apologeticum.
1687 2699 1774 2762 Cf.
1823 2698 2004 2761 Catal.
2047 2697 2196 2760 Bibl.
2242 2696 2411 2759 Publ.
2454 2695 2620 2774 Lug-

271 2797 716 2860 duno-Batavae
759 2816 818 2876 p.
851 2799 999 2862 324.
1082 2798 1273 2861 Huius
1321 2799 1542 2862 codicis
1584 2799 1808 2880 pariter
1851 2819 1921 2862 ac
1962 2797 2518 2861 Vindobonensium
2558 2796 2621 2858 in

265 2899 571 2979 prioribus
614 2905 845 2978 tantum
890 2898 1236 2961 Tertulliani
1276 2899 1447 2962 libris
1492 2918 1704 2961 omnes
1749 2899 1982 2962 enotavi
2024 2899 2318 2974 variantes
2360 2896 2620 2976 scriptu-

264 3018 395 3074 ras,
436 3000 528 3062 uti
581 3008 790 3061 essent
830 2999 1174 3079 speciminis
1224 3000 1447 3074 instar,
1492 3001 1554 3061 in
1604 2999 1852 3080 reliquis
1895 2999 2074 3060 omisi
2114 3016 2266 3078 quae
2306 2997 2619 3059 manifesta

268 3099 499 3163 librarii
539 3100 685 3162 vitia
727 3110 885 3163 sunt.

433 3205 500 3265 5.
546 3201 747 3263 Codex
791 3202 917 3264 MS.
961 3201 1375 3276 Florentium,
1419 3200 1815 3264 bibliothecae
1843 3200 2295 3273 Laurentianae‚
2339 3198 2489 3280 plut.
2514 3200 2619 3264 26.

264 3303 395 3364 eod.
430 3305 571 3378 12.,
617 3303 868 3365 membr.
915 3321 1071 3365 saec.
1116 3303 1238 3366 XV.
1327 3302 1606 3365 Continet
1652 3306 1708 3366 1.
1753 3301 1839 3364 De
1884 3301 2074 3365 Carne
2119 3301 2359 3364 Christi.
2427 3303 2489 3364 2.
2535 3300 2621 3362 De

262 3403 473 3466 Carnis
517 3403 1005 3466 Resurrectione.
1071 3407 1131 3469 3.
1175 3404 1271 3466 De·
1290 3403 1523 3466 Corona
1552 3403 1773 3465 Militis.
1832 3407 1893 3466 4.
1936 3403 2027 3464 Ad
2055 3402 2361 3483 Martyras.
2429 3407 2489 3467 5.
2533 3402 2620 3465 De

258 3504 653 3568 Paenitentia.
741 3506 802 3568 6.
846 3503 933 3567 De
962 3505 1302 3584 Virginibus
1331 3504 1629 3567 velandis.
1721 3507 1781 3569 7.
1823 3504 1908 3565 De
1950 3504 2166 3566 Habitu
2208 3504 2514 3577 Muliebri,
2561 3511 2622 3565 et
2683 3575 2688 3580 ‚

260 3605 347 3668 De
391 3605 573 3668 Cultu
614 3605 1011 3668 Feminarum.
1099 3608 1162 3672 8.
1205 3607 1372 3668 Duos
1414 3606 1502 3667 Ad
1544 3605 1808 3668 Uxorem
1849 3605 2061 3667 libroS.
2156 3608 2219 3669 9.
2264 3605 2352 3666 De
2394 3604 2618 3666 Perse·
2663 3655 2672 3662 ,

262 3707 525 3770 cutione.
599 3708 697 3769 10.
739 3706 829 3767 Ad
873 3706 1204 3786 Scapulam.
1274 3710 1373 3772 11.
1419 3706 1506 3769 De
1533 3706 1962 3769 Exhortatione
1993 3705 2318 3768 CastitatiS.
2389 3708 2490 3770 12.
2534 3705 2620 3768 De

262 3806 663 3886 Monogamia.
758 3810 855 3873 13.
901 3797 987 3869 De
1030 3807 1240 3870 Pallio.
1314 3810 1416 3871 14.
1458 3807 1547 3870 De
1587 3807 1896 3872 Patientia.
1976 3811 2075 3872 15.
2118 3805 2423 3868 Adversus
2468 3805 2618 3867 Pra-

260 3926 437 3970 xean.
507 3910 609 3972 16.
653 3907 953 3970 Adversus
994 3907 1458 3971 Valentinianos.
1530 3911 1630 3972 17.
1676 3907 1978 3969 Adversus
2022 3907 2383 3970 Marcionem
2425 3906 2617 3968 libro-

258 4027 395 4072 rum
424 4007 495 4069 V.
542 4017 805 4087 quatuor
844 4010 1105 4089 priores.
1194 4009 1281 4071 Cf.
1324 4008 1574 4071 Bandini
1619 4007 1801 4071 Catal.
1841 4006 1992 4068 Bibl.
2037 4006 2615 4069 Mediceo-Lauren-

267 4109 465 4172 tianae
511 4117 655 4171 tom.
690 4109 739 4171 1.
782 4130 843 4191 p.
877 4112 1023 4175 764.

439 4215 497 4276 6.
545 4211 749 4274 Codex
778 4209 903 4273 MS.
933 4210 1349 4283 Florentinu5‚
1391 4208 1786 4272 bibliothecae
1827 4207 2287 4279 Laurentianae‚
2332 4206 2482 4288 plut.
2515 4210 2619 4273 26.

268 4311 560 4387 cod.13.‚
618 4312 877 4376 membr.
923 4331 1080 4375 saec.
1127 4312 1283 4384 XV.‚
1358 4310 1575 4391 eadem
1618 4328 1796 4371 manu
1861 4317 2134 4372 exaratus
2179 4326 2292 4388 qua
2335 4308 2478 4372 cod.
2520 4311 2618 4373 12.

264 4413 412 4493 plut.
442 4416 544 4480 26.
633 4414 921 4477 Continet
978 4417 1035 4476 1.
1079 4412 1380 4474 Adversus
1422 4411 1784 4473 Marcionem
1825 4409 1927 4472 lib.
1975 4411 2280 4491 quintum,
2342 4427 2477 4471 cum
2521 4410 2620 4470 in-

268 4516 588 4595 scriptione
633 4517 913 4592 „Contra
941 4514 1195 4577 ludaeos
1240 4511 1389 4574 liber
1416 4512 1507 4572 1.“
1572 4514 1634 4574 2.
1659 4511 2146 4593 *Apologeticum
2215 4513 2273 4575 3.
2317 4508 2619 4571 Adversus

263 4613 529 4682 Iudaeos.
618 4623 685 4686 4.
732 4591 1042 4680 Adversus
1089 4614 1311 4679 Omnes
1356 4612 1724 4676 HaereticoS.
1809 4618 1869 4678 5.
1913 4611 1998 4686 De
2042 4608 2621 4692 Praescriptionibus
