3263 5311
747 415 872 482 784
1253 432 1456 484 cmm-1
1487 417 1765 476 ‘seri-inu
1808 431 2141 476 nonnus
2188 432 2580 475 remunerant

747 584 1031 646 trimonio
1089 582 1351 657 nubere,
1416 582 1673 662 proinde
1723 583 1967 646 fecisset
2020 582 2516 662 quemadmodum
2576 591 2635 644 et
2691 590 2889 648 cetera
2950 604 3123 663 quae

742 686 1028 747 adversus
1095 685 1346 745 sunnam
1403 684 1641 764 regulae
1697 702 1838 747 suae
1892 703 2006 765 pro
2073 683 2423 746 condicione
2486 692 2823 763 temporum
2887 686 3119 764 gessit,

459 870 493 912 Δ
524 877 554 911 t
567 869 656 912 ΧΠ
683 870 722 911 3
741 783 1169 848 circumcidens
1199 785 1581 848 Timotheum
1624 795 1876 866 propter
1905 784 2495 865 'superinducticios
2520 785 2707 847 falsos
2749 787 3005 859 stati-es
3050 798 3122 849 Β(

497 880 521 911 c

532 899 722 973 11154·
742 905 916 948 rasos
960 885 1252 965 quosdam
1296 886 1584 948 inducens
1628 887 1692 948 in
1734 885 2017 965 templum
2062 896 2306 966 propter
2335 886 2811 949 observationem
2840 887 3117 950 ludaeo-
3226 887 3227 926 ³

741 1007 907 1062 rum,
963 987 1060 1048 ille
1105 986 1202 1066 qui
1252 986 1484 1050 Galatas
1531 988 1594 1049 in
1636 988 1767 1066 loge
1810 987 2080 1049 volentes
2124 1003 2299 1067 agere
2342 988 2604 1068 castigat.
2694 987 2815 1050 Sed
2870 988 2959 1050 ita
3002 1007 3114 1051 res
3226 971 3227 1016 ³

436 1087 1120 1171 lcor.1x‚22.³exjgebant,
1166 1097 1233 1150 ut
1276 1087 1554 1151 omnibus
1599 1089 1798 1150 omnia
1840 1089 2041 1161 lieret,
2087 1106 2207 1167 quo
2251 1106 2463 1154 omnes
2506 1087 2909 1162 lucrifaceret,
2957 1108 3111 1169 pm·-

464 1190 974 1259 can.1V,1s.mriens
1032 1189 1202 1260 illos,
1272 1188 1465 1252 donec
1518 1191 1877 1251 formaretur
1921 1188 2194 1251 Christus
2254 1190 2315 1250 in
2374 1189 2556 1270 ipsis,
2630 1198 2691 1251 et
2744 1190 3110 1255 calefaciens

741 1299 1021 1370 tanquam
1064 1291 1262 1352 nutrix
1304 1291 1582 1370 parvulos
1627 1290 1799 1362 fidei,
1857 1289 2128 1353 docendo
2173 1291 2457 1369 quaedam
2500 1309 2611 1370 per
2654 1292 2919 1365 veniam,
2984 1311 3109 1354 non
3226 1367 3227 1378 χ

743 1411 854 1472 per
894 1391 1208 1472 imperium
1252 1390 1432 1462 (aliud
1464 1399 1556 1452 est
1583 1393 1743 1453 enim
1772 1392 2114 1472 indulgere,
2159 1391 2315 1453 aliud
2347 1391 2606 1467 iubere),
2652 1391 2909 1472 proinde
2942 1401 3101 1457 tem·

742 1494 1006 1574 poralem
1062 1491 1356 1554 licentiam
1412 1493 1766 1571 permittens
1822 1492 2019 1554 denuo
2075 1492 2336 1556 nubendi
2392 1485 2642 1573 propter
2666 1565 2671 1568 .
2694 1494 3107 1558 infirmitatem

524 1580 716 1680 &1⁸3¹
745 1594 973 1667 carniS‚
1018 1592 1512 1673 quemadmodum
1555 1594 1793 1674 Moyses
1838 1593 2187 1674 repudiandi
2229 1603 2477 1675 propter
2518 1593 2793 1656 duritiam
2838 1595 3108 1660 *cot-dis.

745 1697 818 1757 Et
859 1696 955 1757 hic
996 1695 1194 1775 itaque
1235 1695 1556 1756 reddemus
1601 1694 2078 1775 supplementum
2122 1713 2340 1758 sensus
2369 1695 2568 1756 istius.
2633 1695 2697 1757 Si
2726 1697 2891 1758 enim
2920 1697 3105 1760 chri-

556 1782 715 1884 ffi‘ffi·
747 1806 877 1858 stus
907 1795 1162 1886 ‘abstulit
1201 1782 1362 1874 'quod
1405 1797 1641 1876 Moyses
1685 1797 2014 1877 praecepit,
2085 1798 2219 1875 quia
2280 1796 2354 1857 ab
2408 1796 2578 1857 initio
2636 1814 2759 1857 non
2818 1798 2939 1858 suit
2997 1801 3103 1872 sie,

740 1915 853 1960 nec
895 1897 984 1958 sic
1023 1897 1159 1958 ideo
1203 1895 1277 1957 ab
1321 1897 1432 1959 alia
1476 1896 1712 1959 venisse
1754 1896 1970 1959 virtute
2022 1897 2399 1978 reputabitur
2442 1896 2746 1971 Christus,
2820 1917 2936 1960 cur
2980 1919 3105 1962 nen

744 2007 803 2060 et
856 1998 1187 2078 paracletus
1245 1998 1554 2060 abstulerit
1610 1997 1771 2078 quod
1829 1998 2046 2060 Paulus
2103 1998 2383 2072 indulsit,
2447 1998 2582 2078 quia
2647 2006 2707 2059 et
2758 2001 3103 2064 secundum

621 2175 628 2184 λ
738 2098 1182 2169 matrimonium
1226 2098 1298 2160 ab
1343 2098 1512 2160 initio
1557 2118 1681 2160 non
1724 2100 1867 2173 fuit,
1933 2118 2046 2161 nec
2098 2098 2237 2161 ideo
2280 2109 2594 2179 suspectus
2635 2098 2957 2164 habendus
3004 2103 3102 2174 sit,

736 2200 908 2281 quasi
953 2200 1199 2279 spiritus
1242 2200 1501 2273 alienus,
1566 2209 1794 2263 tantum
1849 2209 1919 2262 ut
1961 2201 2074 2262 deo
2121 2209 2180 2262 et
2227 2200 2462 2262 Christo
2519 2200 2759 2280 dignum
2804 2201 2887 2262 sit
2932 2204 3101 2282 quod

739 2299 1269 2382 ‘superducitur-¹?
1354 2301 1454 2362 ⁰Si
1497 2301 1610 2363 deo
1657 2312 1717 2363 et
1761 2300 1997 2366 Christo
2055 2302 2297 2381 dignum
2353 2302 2466 2362 suit
2517 2301 2833 2363 'duritiam
2887 2304 3099 2364 cordis

737 2411 1009 2482 tempore
1054 2402 1285 2482 expleto
1331 2420 1742 2483 compescere,
1789 2421 1896 2464 cur
1935 2421 2059 2464 non
2105 2402 2339 2481 dignius
2382 2403 2463 2464 sit
2504 2411 2567 2463 et
2607 2403 2721 2463 deo
2766 2411 2831 2463 et
2851 2402 3101 2466 Christo

739 2501 1135 2564 infirmitatem
1182 2503 1377 2565 carnis
1422 2509 1709 2584 tempore
1738 2505 1855 2566 iam
1912 2503 2252 2565 collectiore
2306 2502 2652 2565 discutere?
2741 2503 2809 2564 Si
2863 2505 3095 2570 iustum

738 2613 834 2667 est
875 2603 1316 2667 matrimonium
1360 2623 1480 2665 non
1527 2599 1824 2684 separari,
1870 2605 2076 2685 utique
2119 2612 2180 2667 et
2221 2622 2342 2667 non
2385 2606 2586 2703 iterari
2616 2604 2945 2667 honestum
2978 2615 3095 2670 est.

735 2706 1004 2787 Denique
1062 2707 1215 2786 apud
1284 2708 1583 2769 saeculum
1648 2715 1966 2786 utrumque
2030 2708 2091 2767 in
2152 2706 2313 2769 bona
2377 2706 2683 2787 disciplina
2747 2707 3095 2787 deputatur,

737 2806 894 2868 aliud
937 2807 1290 2869 concordiae
1332 2808 1606 2881 nomine,
1651 2808 1810 2871 aliud
1850 2808 2188 2888 pudicitiae.
2272 2808 2560 2888 Regnavit
2610 2807 2829 2869 duritia
2884 2810 3095 2871 comis

734 2914 927 2988 usque
971 2909 1044 2970 ad
1089 2909 1421 2982 Christum,
1466 2909 1801 2989 regnaverit
1842 2917 1903 2971 et
1943 2910 2257 2971 infirmitas
2302 2910 2496 2971 carnis
2553 2927 2743 2989 usque
2784 2910 2863 2971 ad
2902 2928 3091 2990 para-

735 3010 968 3072 cletum.
1056 3010 1220 3072 Nova
1262 3011 1356 3072 lex
1400 3010 1643 3073 abstulit
1683 3010 1996 3092 repudium
2060 3010 2294 3084 (hahuit
2333 3011 2497 3090 quod
2550 3011 2867 3087 aulerret),
2937 3032 3097 3075 non

733 3111 1043 3191 prophetia
1109 3112 1436 3173 secundum
1502 3112 1977 3185 matrimonium,
2045 3130 2167 3173 non
2220 3111 2417 3187 minus
2471 3110 2785 3192 repudium
2842 3114 3093 3192 prioris,

734 3211 854 3273 Sed
908 3212 1134 3274 facilius
1194 3213 1407 3275 duritia
1469 3213 1670 3276 cordis
1730 3212 1967 3275 Christo
2031 3212 2218 3275 cessit
2266 3210 2449 3293 'quam
2502 3213 2811 3275 infirmitas
2868 3215 3094 3279 curnis.

732 3312 875 3377 Plus
919 3314 1067 3375 haec
1111 3314 1225 3375 sibi
1267 3314 1516 3376 Paulum
1560 3313 1824 3377 defendit
1864 3332 2039 3393 quam
2095 3313 2227 3375 “illa
2268 3314 2543 3394 Moysen3
2608 3315 2659 3376 si
2716 3323 2916 3379 tamen
2980 3318 3097 3381 de·

732 3414 919 3477 tendit
960 3433 1093 3476 cum
1137 3415 1541 3494 indulgentem
1584 3434 1721 3479 eum
1763 3423 1985 3496 captat,
2052 3415 2558 3495 praescribentem
2600 3427 2867 3487 recusat,
2937 3437 3097 3497 quae

731 3515 1003 3594 potiores
1049 3516 1373 3578 sententias
1417 3526 1478 3577 et
1518 3525 1838 3597 perpetuas
1881 3515 2215 3579 voluntates
2270 3515 2399 3578 eius
2454 3516 2704 3591 ”eludit,
2764 3518 2919 3597 'quae
2968 3538 3094 3582 uon

734 3615 878 3676 sinit
916 3634 1029 3677 nos
1077 3617 1248 3677 ¹⁰hoc
1290 3617 1563 3696 apostolo
1605 3626 1915 3696 praestare
1954 3618 2117 3697 quod
2158 3617 2397 3679 mavult.
2494 3617 2572 3680 Et
2625 3634 2947 3698 quousque
2992 3622 3092 3683 in-

731 3717 978 3779 firmitas
1036 3717 1146 3778 ista
1200 3716 1711 3797 impudentissima
1767 3719 1828 3780 in
1884 3719 2274 3799 expugnando
2330 3719 2577 3781 meliora
2631 3721 3093 3799 perseverabit?

734 3819 996 3900 Tempus
1041 3818 1204 3889 eius,
1251 3818 1442 3881 donec
1481 3820 1811 3900 paracletus
1858 3820 2291 3900 ¹¹operaretur‚
2335 3820 2479 3895 ruit,
2524 3821 2584 3881 in
2630 3839 2809 3901 quem
2847 3820 3089 3884 ”dilata

731 3930 872 3982 sunt
916 3940 950 3982 a
992 3920 1236 3983 domino
1283 3939 1432 4002 quae
1477 3926 1619 3983 tunc
1650 3920 1991 3984 ”sustineri
2028 3939 2151 3983 non
2177 3928 2487 4000 poteraut,
2533 3940 2681 4001 quae
2710 3921 2829 3983 iam
2858 3923 3091 3985 nemini

729 4023 1014 4100 competit
1055 4031 1295 4101 portare
1328 4022 1501 4083 ¹‘non
1537 4021 1577 4054 ¹⁵
1590 4040 1804 4102 posse,
1848 4021 1985 4102 quia
2028 4040 2137 4101 per
2180 4040 2359 4103 quem
2403 4021 2575 4083 datur
2616 4032 2859 4102 portare
2896 4041 3089 4102 posse

731 4138 779 4187 2.
817 4138 1189 4202 superductitios
1224 4141 1342 4191 ACa.
1423 4140 1820 4203 superdictiosB
1821 4178 1834 4190 .
1951 4139 2000 4191 3.
2039 4142 2256 4204 exigebat
2299 4142 2416 4191 liber
2453 4139 2707 4191 Clementis.
2829 4141 2880 4191 4.
2920 4143 3087 4193 eon-su

730 4208 863 4257 abcd-
899 4208 1018 4257 liber
1055 4209 1333 4259 Gorziensis.
1404 4210 1562 4258 carnis
1597 4210 1687 4259 rel
1718 4210 1783 4259 ui.
1888 4209 1935 4258 5.
1973 4208 2299 4272 superdicitur
2331 4208 2458 4267 ΜΒ).
2503 4208 2707 4259 Vaticani
2740 4213 2855 4258 tres.
2946 4210 3002 4259 6.
3034 4211 3083 4259 si

730 4275 803 4325 cd.
847 4274 1050 4324 Vaticani
1084 4282 1192 4325 tres.
1264 4272 1360 4325 Sed
1393 4277 1579 4340 reliqui.
1670 4226 1735 4326 ιζ.
1772 4275 1996 4326 duritiem
2031 4276 2118 4327 AB.
2226 4275 2274 4326 8.
2325 4276 2405 4326 illa
2454 4290 2550 4325 non
2586 4275 2718 4325 sensi
2754 4283 2921 4325 tamen
2960 4277 3086 4329 uc.

729 4341 777 4391 9
815 4342 944 4390 velut'
974 4342 1118 4405 idque
1152 4341 1275 4392 ABG.
1385 4341 1460 4393 10.
1484 4293 1546 4393 qet
1582 4343 1676 4393 boc
1708 4344 1796 4395 AB.
1889 4343 1966 4393 11.
2004 4350 2234 4407 operatur
2272 4343 2319 4395 G.
2388 4349 2618 4407 operatus
2650 4343 2740 4392 AB.
2834 4342 2917 4395 12.
2960 4342 3088 4395 diln-

729 4417 823 4458 tata
866 4410 911 4459 C.
1020 4408 1097 4458 13.
1133 4410 1374 4459 sustinere
1408 4410 1520 4461 Aac.
1566 4412 1770 4462 Vaticani
1802 4419 1913 4462 tres.
2021 4410 2100 4461 14„
2139 4425 2234 4461 non
2270 4428 2358 4463 om.
2394 4428 2438 4460 a.
2528 4410 2604 4461 15.
2640 4424 2807 4473 posse,
2845 4412 2965 4477 quia
3002 4412 3091 4477 pei*

730 4492 823 4541 que
798 4491 872 4526 em
910 4476 1051 4526 datur
1086 4486 1280 4540 poitare
1315 4492 1467 4541 posse
1504 4492 1600 4528 non
1638 4479 1789 4529 deest.
1851 4476 2087 4538 Quamdiu
2126 4480 2230 4530 bed.
2312 4492 2477 4543 posse.
2527 4478 2763 4538 Quamdiu
2802 4495 2851 4530 e.
2930 4492 3093 4544 posse

729 4558 825 4594 non
863 4545 1014 4595 deest.
1062 4544 1299 4603 Quamdiu
1334 4546 1521 4611 reliqui.

798 4645 914 4709 Cap.
952 4647 1064 4733 pxlv.
1123 4663 1167 4697 a.
1204 4645 1612 4713 superducitur?]
1660 4647 1733 4699 Cl'.
1771 4647 1934 4699 adnot.
1970 4647 2033 4699 ad
2065 4646 2137 4698 Ad
2171 4646 2296 4698 Nau.
2335 4646 2373 4707 Ι,
2400 4646 2479 4696 11.
