3263 5311
2545 374 2574 408 δ

748 439 872 502 686
1250 453 1452 506 ommi
1498 436 1760 500 sermm
1803 450 2132 496 stenen-ris
2177 449 2570 494 rnnruttmu

741 606 925 681 mini,
982 605 1139 685 qnod
1182 611 1271 665 est
1313 601 1637 665 indubitate
1678 601 2092 666 ”Christianm
2198 601 2301 664 Ille
2357 601 2535 680 igitur
2575 599 2880 681 ³³spiritus
2924 619 3064 662 san-

747 717 905 781 ctus,
964 706 1065 786 qui
1105 697 1436 767 viduas'ffl·
1451 712 1513 766 et
1550 704 1830 784 innuptas
1870 703 2187 783 intefflitati
2228 719 2608 784 perseverare
2650 702 2899 794 mamlt,
2965 703 3061 782 qui

746 828 860 874 nos
903 808 977 870 ad
1021 806 1353 886 exemplum
1376 806 1484 868 -sui
1525 807 1824 880 hormtur,
1869 806 2087 868 nullam
2130 806 2304 870 fiam
2331 804 3064 884 sormam·repetundarum

745 907 1077 989 nuptia-imi
1121 908 1240 970 nisi
1281 907 1343 970 iu
1388 907 1629 970 domino
1682 907 2059 987 praescribit,
2123 907 2266 969 huic
2315 906 2430 970 suli
2483 905 2814 968 condicioni
2871 906 3066 968 conti-

745 1010 979 1073 neutiae
1022 1009 1372 1078 decimenta
1415 1009 1753 1072 eonoeditb.
1798 1008 2083 1083 Tantum,
2127 1008 2404 1089 ”inquiu
2445 1008 2510 1070 in
2553 1008 2815 1072 donnum
2887 1006 3066 1069 ”Aa-

746 1113 883 1175 iecit
923 1111 1156 1191 pondus
1198 1111 1312 1191 legi
1355 1130 1527 1182 suae,
1573 1110 1847 1172 Tantum.
1935 1110 2067 1182 Quo
2114 1127 2266 1172 sono
2323 1118 2381 1171 et
2434 1110 2614 1171 modo
2670 1109 3068 1173 enuntiaveris

747 1214 965 1276 dictum
1006 1213 1196 1285 istud,
1242 1212 1621 1276 ³⁸onerosum
1665 1221 1791 1274 est:
1836 1222 1895 1274 et
1937 1211 2101 1273 iubet
2141 1219 2202 1274 et
2245 1209 2482 1284 suadet,
2528 1222 2590 1272 et
2629 1211 2922 1290 praecipit
2954 1210 3072 1274 ’τά

745 1316 1046 1389 bortatur,
1088 1314 1204 1376 3¹'et
1245 1324 1415 1394 rogat
1457 1323 1517 1376 et
1558 1314 1965 1376 comminatur.
2052 1311 2413 1388 ”Distu-iem,
2464 1312 2733 1394 expedita
2775 1312 3072 1378 sententia

746 1424 869 1488 est,
937 1424 995 1477 et
1046 1416 1179 1496 msa
1232 1416 1324 1478 sui
1379 1415 1664 1478 brevitate
1715 1414 2035 1477 ‘¹⁰lacunda.
2143 1414 2244 1476 Sic
2294 1414 2450 1475 solet
2502 1413 2695 1476 diviua
2737 1413 2778 1445 “
2795 1432 2941 1487 vox,
3009 1422 3072 1475 ut

748 1518 945 1579 statim
996 1516 1333 1596 intellegas,
1409 1517 1605 1579 statim
1664 1516 1963 1580 observes.
2081 1514 2230 1589 Quis
2286 1515 2443 1578 enim
2498 1515 2676 1578 ‘'non
2727 1515 3072 1594 intellegere

747 1618 941 1700 possit
982 1617 1160 1679 multa
1202 1618 1459 1698 pericula
1502 1626 1563 1680 et
1604 1618 1844 1680 vulnera
1898 1615 2033 1678 fidei
2088 1618 2147 1677 in
2202 1615 2539 1680 huiusmodi
2596 1617 2854 1697 nuptiis,
2924 1635 3070 1697 quas

747 1719 1052 1800 probffiet,
1118 1718 1508 1798 ”apostolum
1547 1718 1912 1798 providisse,
1943 1725 2032 1779 ·et
2069 1718 2261 1797 primo
2304 1718 2538 1798 quidem
2579 1719 2777 1780 earnis
2835 1727 3074 1781 sanctae

748 1822 811 1882 in
852 1839 1026 1882 carne
1069 1819 1270 1900 gentili
1312 1819 1815 1899 inquinamentum
1858 1817 2276 1900 praecavisse?
2373 1817 2503 1880 Hoc
2542 1818 2673 1881 loco
2718 1819 2918 1882 ⁴“dicit
2958 1820 3069 1881 ali-

748 1921 883 2008 quis
903 1968 917 1994 ,
986 1920 1142 1993 Quid
1199 1939 1340 2000 ergo
1394 1921 1577 1982 refert
1627 1921 1785 1986 inter
1823 1922 2017 1983 ⁴⁶eum
2071 1921 2172 1999 qui
2212 1920 2274 1981 in
2315 1919 2690 1982 matrimonio
2735 1921 2988 2000 “gentili
3029 1939 3063 1982 a

748 2022 990 2084 domino
1055 2021 1321 2100 allegitur
1383 2029 1444 2083 et
1497 2022 1637 2084 olim
1680 2022 1723 2054 ⁴⁷
1735 2022 1796 2085 id
1837 2031 1933 2084 est
1972 2030 2110 2084 ante
2151 2021 2441 2100 ⁴³n'uptias
2497 2022 2762 2096 fidelem,
2829 2033 2897 2086 ut
2949 2039 3070 2084 non

748 2122 1051 2203 ⁴⁹proinde
1093 2122 1252 2184 carni
1298 2141 1441 2185 suae
1481 2133 1753 2200 cayeant,
1798 2124 1986 2186 ⁵⁰cum
2015 2123 2162 2186 alter
2189 2123 2276 2184 ⁵¹a
2305 2123 2528 2203 nuptiis
2569 2123 2821 2185 infidelis
2861 2142 3070 2185 ai-cea-

746 2234 874 2299 tur,
918 2223 1066 2285 alter
1107 2224 1167 2285 in
1211 2223 1355 2286 ⁵²eis
1397 2243 1779 2304 perseverare
1819 2223 2194 2288 ”iubeaturi'
2259 2243 2396 2298 cur,
2452 2224 2505 2285 si
2545 2244 2579 2286 a
2623 2225 2828 2304 gentili
2871 2225 3070 2305 inqui-

747 2345 987 2400 namur,
1045 2325 1226 2388 ⁵‘non
1268 2325 1366 2388 ille
1407 2327 1814 2407 ⁸⁵diiungitur‚
1871 2326 2365 2407 quemadmodum
2407 2325 2522 2388 iste
2563 2343 2686 2387 non
2730 2325 3072 2406 obligatur?

748 2421 1178 2507 Respondebo,
1254 2428 1306 2488 si
1360 2428 1606 2508 spiritus
1664 2429 1921 2500 dederit,
1996 2438 2131 2490 aute
2192 2426 2392 2490 emnia
2455 2426 2710 2506 allegans
2765 2427 3074 2490 dominun

749 2529 992 2608 ”magis
1036 2537 1264 2609 gratum
1305 2528 1556 2591 babere·
1608 2529 2047 2594 matrimonium
2100 2547 2224 2591 non
2278 2528 2543 2594 contrahi
2599 2547 2775 2608 quam
2827 2530 3076 2592 omnino

642 2692 650 2700 ,
749 2630 1035 2711 disiungi:
1079 2630 1331 2711 denique
1375 2629 1690 2693 divortium
1731 2630 2037 2711 prohibet,
2100 2629 2219 2694 nisi
2262 2630 2450 2713 stupri
2495 2648 2695 2705 causa,
2755 2631 3074 2693 coutinen-

749 2733 888 2796 tiam
932 2752 1071 2794 vero
1115 2732 1505 2795 commendat.
1601 2733 1644 2764 ⁶⁷
1655 2730 1879 2794 Habeat
1921 2733 2099 2813 igitur
2142 2733 2240 2795 ille
2280 2732 2696 2813 perseverandi
2738 2733 3076 2794 necessita·

749 2844 902 2905 tem.
944 2834 1041 2896 hic
1079 2833 1124 2866 ⁵⁸
1137 2849 1319 2913 porro
1365 2834 1538 2895 etiam
1581 2851 1704 2895 non
1745 2833 2004 2896 nubendi
2029 2842 2404 2914 potestatem.
2471 2834 2638 2896 Tunc
2665 2833 2720 2894 si
2747 2835 3079 2896 secundum

750 2937 1099 3015 scripturam
1164 2936 1265 3015 qui
1318 2936 1380 2997 in
1434 2935 1811 2999 matrimonio
1824 2934 2121 3068 afflgeniili
2180 2934 2272 2996 ⁰⁰a
2325 2935 2438 2997 fide
2480 2935 2520 2966 ⁶¹
2536 2934 3078 3014 deprehendentur,

750 3026 1119 3119 ⁶⁵'propterea
1175 3054 1298 3097 non
1355 3036 1760 3116 inquinantur,
1824 3035 2015 3115 ⁶³quia
2060 3055 2194 3098 cum
2236 3036 2388 3116 ipsis
2431 3036 2526 3098 alii
2570 3055 2808 3116 quoque
2853 3037 3078 3100 sancti·

750 3156 832 3208 32.
869 3156 1106 3207 Cristiano
1140 3154 1239 3220 Αβ.
1352 3155 1436 3207 33.
1471 3156 1671 3219 spiritus
1702 3157 1785 3206 Ad.
1865 3164 1999 3205 xstus
2032 3156 2118 3206 BG.
2201 3156 2420 3207 Christus
2451 3157 2508 3207 D.
2591 3156 2844 3220 apostoles
2896 3159 3078 3224 reliq-‘-

750 3224 816 3275 33
835 3226 878 3277 b.
917 3232 963 3273 et
998 3240 1084 3275 om.
1119 3225 1330 3277 Bcoabc.
1432 3223 1513 3273 34.
1563 3224 1726 3288 inquid
1773 3219 1887 3286 Αβ.
1933 3239 2017 3287 pro
2053 3238 2192 3274 more.
2306 3223 2388 3301 35.
2434 3224 2617 3274 Abiecit
2651 3223 2777 3273 BCD.
2905 3224 2987 3277 36.
3035 3234 3080 3275 et

749 3294 1009 3342 onerosum
1044 3292 1169 3343 BGD.
1272 3290 1352 3340 37.
1389 3299 1436 3341 et
1471 3307 1558 3342 om.
1580 3238 1645 3343 Α(Ι
1724 3290 1803 3342 38.
1842 3305 1955 3353 ergo
1992 3299 2039 3340 et
2071 3299 2207 3353 rogat
2242 3293 2292 3342 A.
2384 3288 2464 3341 39.
2503 3290 2733 3350 districta,
2772 3294 3000 3357 expedita
3037 3295 3080 3342 el.

748 3360 963 3411 districte
998 3360 1244 3424 expeditae
1276 3362 1328 3410 A.
1414 3360 1673 3409 detractate
1708 3367 1755 3408 et
1787 3366 1946 3408 exerta
1981 3361 2192 3422 (experta
2231 3358 2279 3408 G.
2282 3361 2301 3418 )
2332 3360 2518 3424 reliqui.
2629 3358 2714 3409 46.
2748 3360 2966 3412 facunda
2999 3364 3081 3412 Ad-

750 3427 987 3479 foecunda
1020 3430 1205 3493 reliqui.
1286 3427 1369 3476 41.
1405 3441 1506 3486 vox,
1543 3435 1595 3477 ut
1627 3426 1787 3477 statim
1822 3426 2091 3493 intellegas,
2127 3434 2179 3476 ut
2211 3427 2369 3476 statim
2405 3429 2633 3477 observes
2668 3428 2753 3478 Ad.
2825 3443 2952 3480 uxor
2982 3439 3084 3479 sta·

751 3496 836 3546 tim
871 3495 1097 3545 observes
1131 3495 1342 3546 BGDabc.
1411 3509 1495 3544 vox
1530 3502 1705 3545 statum
1744 3495 1969 3545 observes
2002 3494 2054 3544 B.
2088 3509 2148 3544 m.
2184 3509 2274 3545 sec.
2341 3508 2455 3544 vox:
2491 3496 2650 3545 statim
2686 3494 2924 3547 observes
2958 3498 3088 3547 fuir.

752 3563 960 3613 Ursinus.
1080 3560 1162 3612 42.
1208 3577 1303 3612 non
1353 3562 1631 3623 intellegere
1678 3562 1834 3626 possit
1879 3562 2027 3612 multa
2075 3561 2289 3626 pericula
2336 3564 2419 3613 Ad.
2511 3563 2635 3612 alius
2672 3564 2831 3626 possit
2867 3566 3088 3629 pericula

751 3629 899 3680 multa
936 3633 1034 3681 abc.
1104 3629 1381 3691 intellegere
1413 3631 1571 3693 possit
1603 3630 1817 3694 pericula
1854 3630 2001 3680 multa
2036 3629 2161 3680 1361).
2249 3629 2328 3680 43.
2367 3632 2638 3694 apostolum
2673 3631 2757 3680 Ad.
2829 3635 3092 3696 apostolus

748 3698 935 3762 reliqui.
1037 3696 1120 3746 44.
1157 3697 1272 3748 dicit
1303 3696 1497 3748 ABCDd.
1566 3696 1693 3748 dicet
1725 3698 1908 3764 reliqui.
2010 3697 2092 3747 45.
2129 3712 2234 3747 eam
2268 3697 2355 3748 BC.
2444 3697 2527 3747 46.
2563 3697 2726 3760 gentili
2763 3701 2817 3749 A.
2893 3700 3092 3763 gentilis

750 3767 994 3816 BCDabcd.
1097 3763 1263 3815 4211!
1298 3772 1371 3814 est
1405 3780 1492 3815 om.
1526 3765 1612 3815 BC.
1716 3765 1798 3816 48.
1835 3766 1997 3831 nuptia
2033 3767 2083 3816 A.
2185 3765 2268 3816 49
2305 3764 2505 3831 preinde
2538 3768 2588 3815 A.
2690 3764 2773 3816 56.
2812 3782 2932 3817 cun
2970 3771 3096 3818 alte

750 3835 834 3886 Aci.
905 3832 1026 3884 alter
1057 3835 1241 3897 reliqui.
1334 3832 1414 3883 51.
1452 3848 1477 3882 a
1515 3832 1694 3898 nuptiis
1731 3832 1934 3884 infidelis
1970 3843 2191 3883 arceatur
2221 3835 2303 3884 Ad.
2373 3842 2594 3883 arceatur
2627 3848 2651 3882 a
2690 3834 2878 3898 nuptiis
2917 3836 3094 3886 iulide*

752 3900 813 3952 lis
847 3904 1032 3967 reliqui.
1134 3896 1215 3951 52.
1252 3902 1321 3950 eis
1355 3902 1438 3951 Ad.
1522 3900 1595 3950 bis
1629 3902 1813 3967 reliqui.
1928 3900 2009 3951 53.
2046 3902 2266 3952 iubeatur
2299 3903 2380 3952 Ad.
2416 3902 2642 3962 Latinius,
2696 3901 2831 3951 fule.
2873 3903 3094 3954 (hur-au.

752 3970 966 4020 videatur
996 3971 1180 4035 reliqui.
1283 3968 1363 4019 54.
1402 3982 1496 4017 non
1533 3968 1616 4018 ille
1649 3969 1734 4020 Ad.
1803 3983 1899 4019 non
1934 3977 1983 4019 et
2016 3968 2098 4019 ille
2131 3970 2316 4033 reliqui.
2405 3966 2487 4018 55.
2523 3968 2790 4029 diiungitur
2819 3972 2914 4020 Aa.
2989 3970 3092 4021 dis-

752 4037 964 4100 iungitur
995 4039 1180 4102 reliqui.
1284 4035 1364 4086 56.
1404 4036 1553 4097 magis
1588 4044 1771 4100 gratnm
1811 4038 1898 4087 los.
1921 4037 2161 4088 Mercerus.
2242 4036 2568 4099 magistratum
2603 4036 2726 4087 ABG.
2809 4039 2975 4102 magis
3013 4054 3092 4089 ra—

648 4094 657 4107 *
751 4113 850 4153 tum
886 4105 1070 4170 reliqui.
1156 4103 1236 4155 57.
1274 4104 1455 4153 Habeat
1489 4105 1570 4154 Ad.
1643 4104 1795 4154 nabet
1827 4105 2010 4169 reliqui.
2091 4102 2175 4154 58.
2211 4118 2322 4154 vero
2342 4104 2414 4154 Fr.
2431 4106 2604 4154 lunius.
2687 4102 2774 4153 59.
2810 4108 3092 4167 genutiu-

751 4171 942 4234 gentilis
976 4173 1159 4238 reliqui.
1274 4170 1533 4220 suaniae
1567 4170 1618 4223 A.
1734 4171 1816 4221 61.
1852 4171 2270 4236 deprehendentur
2304 4174 2354 4222 A.
2434 4172 2868 4235 deprehenduntur
2903 4174 3092 4240 ntiqui.

752 4238 834 4289 62.
871 4249 1125 4303 propterea
1161 4241 1243 4289 Ad.
1325 4247 1481 4296 erunt,
1518 4254 1573 4288 ac
1607 4247 1863 4304 propterea
1897 4241 1954 4290 D.
2023 4255 2079 4289 ac
2113 4248 2370 4319 propterea
2405 4240 2588 4305 reliqui.
2692 4236 2775 4289 63.
2826 4243 2947 4306 quia
2985 4255 3090 4292 eu-

755 4308 874 4371 ipsis
910 4309 991 4358 Ad.
1063 4320 1169 4356 cum
1205 4306 1324 4370 ipsis
1357 4307 1543 4370 reliqui.

820 4410 868 4458 b.
922 4410 1032 4458 huic
1077 4408 1169 4457 soli
1217 4408 1488 4458 condicioni
1541 4409 1861 4459 continentiae
1964 4425 2074 4459 cun
2109 4409 2205 4460 los.
2225 4409 2435 4459 Mercero
2485 4409 2755 4459 rescribere
2789 4416 2949 4475 nqis
2983 4424 3092 4474 y·—

753 4478 1034 4527 detrimenta
1070 4471 1311 4542 concedit]
1365 4477 1780 4537 incontinentiam,
1816 4487 1865 4527 et
1962 4486 2056 4527 tum
2092 4492 2234 4540 quam
2271 4492 2380 4527 cum
2417 4478 2558 4527 editis
2593 4478 2712 4527 dare
2744 4482 2902 4543 noeis
2925 4488 3087 4528 rem·-

754 4554 805 4595 nt
841 4546 1019 4596 nubere
1052 4544 1224 4609 possit,
1260 4545 1493 4594 concedit.
1965 4546 2260 4610 Quamquam
2298 4546 2390 4595 boc
2424 4547 2633 4596 occurrit
2655 4546 2781 4595 inlu-a
2808 4562 2961 4624 capa
2936 4546 3086 4605 7,.Si

823 4630 863 4663 c.
898 4613 1048 4692 magis
1095 4622 1281 4675 gratum
1326 4608 1528 4678 hahere]
1581 4612 1702 4664 Cum
1752 4612 1861 4662 libri
1963 4626 2077 4674 ergo
2113 4620 2270 4663 ratum
2305 4622 2381 4663 est
2406 4614 2534 4679 apud
2554 4613 2699 4664 deum
2723 4615 3087 4665 matrimoni·-

752 4681 917 4744 scripti
981 4681 1241 4745 praebeant
1289 4683 1634 4745 magistratum,
1703 4680 1863 4745 placet
1964 4679 2273 4732 huiusmodi“
2309 4689 2418 4733 cett.
