3263 5311
1000 491 1077 535 ns
1119 483 1584 534 asnoararious
1630 491 1991 536 casa-iuris.
2562 483 2685 548 763

479 641 709 723 Duplex
768 640 928 703 enim
973 641 1192 703 ¹rubor
1246 646 1372 715 est,
1446 640 1583 721 quia
1639 642 1701 704 in
1760 642 2025 706 secundo
2082 642 2468 709 matrimonio
2525 647 2680 712 duae
2714 669 2919 730 cmxi.

308 761 536 806 uxores
583 741 837 804 eundem
881 743 1266 804 circumstant
1307 741 1615 816 maritum,
1686 762 1804 806 una
1849 743 2097 824 spiritu,
2166 745 2275 807 alia
2331 745 2429 809 'in
2474 766 2671 813 carne.

303 845 547 926 ³Neque
591 842 750 905 enim
791 843 1104 923 pristinam
1147 843 1378 926 poteris
1424 842 1660 918 odisse,
1707 844 1802 906 cui
1846 845 2023 907 etiam
2053 845 2526 927 ‘religiosiorem
2567 866 2670 912 re-

308 965 512 1009 servas
559 943 967 1021 affectionem,
1033 944 1057 976 ⁸
1077 951 1147 1005 ut
1199 945 1314 1007 iam
1370 951 1643 1025 receptae
1700 946 1855 1026 apud
1899 946 2275 1022 ‘dominum‚
2342 965 2456 1029 pro
2501 949 2671 1014 cuius

309 1046 529 1127 spiritu
570 1045 910 1126 'postulas‚
956 1063 1069 1125 pro
1115 1064 1228 1125 qua
1274 1044 1606 1110 oblationes
1654 1065 1880 1110 annuas
1912 1047 2202 1111 'reddis·.
2276 1048 2476 1111 Stabis
2522 1068 2667 1131 ergo

307 1148 385 1209 ad
418 1145 761 1209 ’dominum
805 1165 938 1208 cum
985 1153 1074 1207 tot
1118 1146 1496 1222 ¹⁰uxoribus‚
1546 1147 1583 1181 ¹¹
1600 1156 1748 1228 quot
1789 1149 1850 1210 in
1897 1148 2168 1212 oratione
2211 1168 2668 1226 commemoras,

314 1259 378 1310 et
405 1249 625 1311 offeres
655 1266 768 1329 pro
801 1247 1060 1321 duabus,
1106 1255 1168 1309 et
1196 1248 1642 1312 commendabis
1671 1249 1802 1311 illas
1834 1249 1978 1312 duas
2022 1269 2134 1331 per
2177 1249 2551 1312 sacerdotem
2594 1249 2670 1313 de

308 1349 686 1428 monogamia
733 1348 1071 1412 ordinatum
1126 1357 1228 1410 aut
1282 1348 1458 1411 etiam
1521 1350 1596 1412 de
1638 1350 1972 1430 virginitate
2018 1350 2343 1426 sancitum,
2409 1350 2668 1413 circum-

308 1451 512 1513 datum
558 1449 601 1483 ¹²
614 1449 805 1512 viduis
850 1447 1152 1511 univiris?
1196 1458 1255 1510 et
1298 1451 1582 1513 ascendet
1625 1452 1978 1514 sacrificium
2022 1459 2191 1514 tuum
2234 1451 2419 1514 libera
2448 1454 2668 1526 fronte,

308 1559 372 1614 et
413 1552 574 1613 inter
617 1550 865 1613 ¹’cetera
908 1550 1103 1612 bonae
1144 1551 1362 1612 mentis
1397 1551 1435 1584 ¹⁴
1448 1553 1784 1631 postulabis
1830 1553 1939 1615 tibi
1986 1562 2045 1614 et
2089 1553 2259 1614 uxori
2290 1549 2671 1615 castitatem?

484 1652 654 1724 Scio,
733 1650 951 1732 quibus
1024 1651 1498 1715 'causationibus
1563 1653 1937 1716 ²coloremus
2008 1652 2406 1716 insatiabilem
2473 1651 2669 1715 carnis
2706 1660 2812 1720 cap.
2836 1662 2929 1709 111.

310 1753 711 1834 cupiditatem.
811 1751 1297 1816 'Praetendimus
1349 1749 1744 1818 ‘necessitates
1802 1754 2363 1828 ‘adminiculorum,
2427 1753 2671 1816 domum

308 1853 869 1927 administrandam,
915 1853 1194 1915 familiam
1238 1854 1626 1934 ‘regendam,
1670 1855 1931 1929 loculos,
1988 1854 2181 1916 claves
2225 1853 2669 1928 custodiendas,

305 1954 663 2017 ‘lanificium
709 1954 1210 2036 dispensandum,
1255 1955 1472 2018 victum
1501 1956 1972 2035 procurandum,
2020 1975 2192 2018 curas
2222 1956 2671 2018 ''comminuen-

308 2058 476 2120 das·.
564 2055 804 2118 Scilicet
846 2054 993 2117 solis
1035 2055 1384 2119 maritorum
1432 2056 1711 2118 domibus
1756 2057 1910 2119 bene
1956 2065 2065 2119 est.
2154 2056 2471 2118 Perierunt
2497 2055 2670 2117 'cae-

308 2157 498 2220 libum
541 2155 831 2231 samiliae,
874 2176 974 2218 res
1020 2157 1386 2237 spadonum,
1438 2159 1711 2219 fortunae
1755 2158 2009 2219 militum
2041 2167 2141 2219 aut
2167 2155 2674 2238 peregrinantium

312 2259 449 2320 sine
490 2257 798 2321 uxoribus.
883 2257 1019 2319 Non
1066 2258 1222 2319 enim
1266 2257 1415 2320 ¹’nos
1460 2265 1521 2319 et
1562 2258 1783 2319 milites
1832 2257 2091 2320 sumus?
2135 2277 2209 2318 eo
2254 2257 2494 2336 quidem
2539 2273 2670 2317 ma-

313 2359 466 2421 ioris
513 2357 887 2438 disciplinae,
935 2365 1158 2438 quanto
1206 2358 1350 2419 tanti
1394 2356 1830 2438 imperatoris?
1906 2357 2089 2418 ¹⁰Non
2133 2366 2195 2418 et
2236 2374 2353 2417 nos
2396 2354 2669 2436 peregri-

313 2468 532 2522 nantes
579 2459 640 2520 in
683 2460 802 2522 isto
848 2458 1088 2522 saeculo
1133 2456 1392 2521 sumus?
1479 2459 1600 2521 Cur
1658 2467 1854 2521 autem
1910 2459 1990 2519 ita
2047 2457 2380 2537 dispositus
2426 2455 2581 2529 ¹¹es,
2638 2472 2676 2514 o

317 2560 687 2636 Christiane,
731 2569 798 2623 ut
839 2561 971 2622 sine
1014 2579 1202 2622 uxore
1244 2579 1369 2622 non
1416 2558 1766 2640 ”possisb‘t
1826 2559 2050 2621 ¹³Nunc
2093 2566 2154 2620 et
2184 2559 2490 2620 ”consors
2522 2572 2674 2616 one-

454 2747 571 2811 Cap.
607 2747 684 2797 xl.
758 2747 804 2796 1.
842 2748 933 2798 iste
967 2747 1119 2797 rubor
1150 2749 1331 2800 BDabc.
1437 2747 1483 2799 2.
1525 2749 1572 2799 iu
1607 2749 1890 2799 ammonae.
1997 2746 2044 2796 3.
2082 2747 2179 2797 Nec
2214 2747 2283 2805 (et
2300 2744 2420 2794 baec
2436 2740 2509 2799 B.)
2545 2740 2675 2792 euim

311 2814 568 2879 pristinam
607 2815 830 2877 (pristina
867 2814 940 2876 B.)
975 2815 1154 2866 BDabc.
1269 2816 1316 2865 4.
1369 2815 1623 2866 clariorem
1673 2831 1891 2866 reservas
1937 2816 2211 2875 (reservans
2246 2812 2322 2872 D.)
2357 2811 2538 2860 BDatec.
2626 2806 2677 2857 δ.

311 2884 459 2933 etiam
495 2884 565 2941 (et
598 2883 692 2931 iam
730 2882 852 2939 abc.)
887 2891 1055 2946 repete
1091 2883 1218 2948 apud
1255 2883 1433 2934 BDabc.
1521 2884 1665 2933 etiam
1702 2891 1926 2946 repertae
1974 2884 2049 2932 loa
2093 2881 2313 2943 Scaliyer.
2432 2874 2480 2926 6.
2516 2874 2675 2925 domi-

313 2964 431 3001 num
465 2952 552 3000 Ad.
620 2950 765 2999 deum
800 2950 988 3013 reliqui.
1094 2950 1142 2998 7.
1179 2950 1400 3013 postules
1435 2951 1614 3001 BDabc.
1722 2949 1771 3000 8.
1809 2949 1985 3000 reddas
2020 2949 2162 2998 Dabo.
2235 2946 2456 2997 redesset
2490 2942 2540 2993 Β.
2627 2939 2676 2991 9.

315 3018 460 3067 deum
499 3017 676 3068 BDobc.
747 3015 843 3066 dno
873 3019 925 3067 A.
1035 3017 1114 3066 10.
1151 3031 1325 3066 uxores
1360 3019 1415 3068 Β.
1536 3017 1615 3066 11.
1665 3017 1796 3082 quod
1852 3017 1898 3065 in
1953 3016 2173 3065 oratioue
2223 3010 2677 3086 commemores-A.

314 3084 445 3149 quod
497 3084 606 3133 illas
650 3085 918 3133 orationem
965 3084 1205 3140 (oratione
1242 3087 1340 3135 abc.
1395 3085 1604 3135 orationi
1640 3084 1718 3143 Β.)
1766 3097 2121 3133 commemoras
2156 3082 2333 3131 BDubc.
2429 3083 2547 3143 quot
2595 3074 2677 3125 illa

312 3152 536 3201 oratione
570 3165 924 3201 commemoras
958 3153 1087 3201 Fulv.
1109 3152 1316 3201 Ursinus.
1428 3150 1505 3201 12.
1544 3152 1697 3201 viduis
1735 3152 1932 3201 univiris
1967 3152 2016 3200 Α.
2088 3149 2349 3210 virginibus
2386 3160 2443 3195 ac
2479 3142 2677 3194 univiris

313 3222 450 3270 abed.
489 3220 764 3270 Gorsiensis.
836 3219 1101 3282 virginibus
1136 3219 1351 3279 (virginis
1371 3218 1447 3277 D.)
1483 3219 1682 3269 univiris
1717 3219 1808 3268 BD.
1919 3216 1997 3267 13.
2035 3225 2192 3266 cetera
2230 3216 2386 3265 bonae
2422 3227 2521 3275 ego.
2594 3224 2676 3260 ce-

313 3294 417 3336 tera
456 3287 681 3335 frontene
715 3291 766 3337 A.
851 3294 1007 3336 cetera
1044 3286 1266 3336 voluntas
1304 3287 1460 3336 bonae
1496 3287 1588 3337 BD.
1673 3295 1860 3337 ceteras
1898 3285 2169 3335 voluntates
2202 3283 2362 3332 bonae
2409 3283 2508 3330 abc.
2598 3276 2676 3327 14.

310 3353 584 3417 postulabit
617 3353 892 3417 (populabit
925 3353 1000 3411 Β.)
1036 3355 1122 3402 tibi
1159 3362 1207 3403 et
1244 3356 1405 3402 uxoris
1442 3354 1534 3404 BD.
2146 3366 2151 3370 ·
2587 3410 2598 3423 .
2638 3410 2649 3423 ‚

454 3421 571 3484 Cap.
608 3420 710 3470 Xll.
801 3421 843 3470 1.
882 3421 1272 3471 excusationibus
1305 3421 1486 3472 BDabc.
1591 3418 1637 3469 2.
1678 3420 1955 3470 coloremur
1992 3417 2252 3469 insatiabili
2290 3412 2453 3466 carnis
2489 3410 2679 3476 cupidi-

313 3494 413 3538 tate
447 3487 499 3537 Β.
606 3485 651 3536 3.
705 3501 757 3536 ex
807 3489 981 3552 quibus
1034 3490 1350 3538 necessitates
1403 3487 1807 3537 adminiculorum
1862 3486 2194 3537 descendunt:
2247 3480 2679 3534 administrandam

311 3556 493 3606 BDabc.
599 3555 650 3604 4.
685 3555 1038 3606 admiculorum
1076 3558 1127 3607 A.
1233 3555 1282 3605 5.
1318 3555 1556 3620 regendos
1594 3554 1787 3605 loculos
1823 3556 1922 3604 abe.
1963 3554 2240 3604 Gorsiensis.
2330 3551 2376 3601 ὃ.
2416 3548 2677 3597 lanificium

313 3622 700 3685 dispensandum
751 3639 838 3673 om.
874 3624 924 3673 A.
1031 3623 1077 3671 7.
1129 3623 1526 3675 comminuendas
1580 3639 1681 3687 eya.
1772 3622 2169 3672 communiendas
2216 3620 2298 3669 Aa.
2384 3615 2679 3666 domesticas

311 3690 495 3740 BDabc.
602 3688 649 3739 8.
689 3690 980 3740 caelestibus
1016 3690 1281 3740 familiares
1315 3691 1586 3754 spadonum
1639 3690 1850 3739 familiae
1898 3689 2126 3746 (famulae
2163 3690 2239 3745 D.)
2275 3685 2367 3736 BD.
2440 3682 2679 3756 caelibum

313 3757 550 3816 familiae;
586 3757 858 3822 spadonum
896 3759 996 3808 abc.
1101 3757 1150 3807 9.
1189 3764 1236 3807 et
1272 3772 1362 3807 uos
1397 3759 1575 3808 BDabc.
1686 3757 1764 3806 10.
1801 3757 1970 3807 Nonne
2006 3754 2120 3820 Αφ.
2214 3754 2294 3804 11.
2332 3759 2408 3803 est
2442 3750 2680 3799 Christia-

316 3839 413 3875 nus
448 3824 624 3942 Βῦαῗ.
735 3823 812 3874 12.
848 3824 1008 3890 possit
1041 3826 1142 3876 abc.
1225 3826 1389 3890 possis
1424 3840 1534 3875 esse
1571 3824 1623 3874 Β.
1656 3840 1718 3874 m.
1755 3839 1845 3874 sec.
1968 3821 2044 3872 13.
2081 3822 2204 3873 Num
2243 3822 2319 3871 ab.
2444 3814 2522 3865 14.
2561 3827 2680 3864 cou-

317 3891 525 3941 sortium
599 3893 739 3944 Dabo.

389 4025 507 4089 Cap.
543 4024 622 4075 Xl.
694 4040 736 4075 a.
793 4040 882 4089 pro
919 4040 1011 4090 qua
1050 4024 1323 4075 oblationes
1360 4039 1448 4075 au·
1549 4024 1663 4085 tius,
1699 4036 1869 4072 vereor
1906 4030 1957 4071 ut
1991 4035 2158 4071 sanam
2207 4019 2281 4068 sui
2318 4013 2681 4092 interpretatio-

313 4107 441 4142 nuas
478 4089 684 4156 reddis]
736 4092 804 4142 De
852 4092 930 4142 bis
980 4092 1308 4142 oblationibus
1357 4106 1447 4156 pro
1551 4104 1662 4141 uem
1701 4090 1934 4140 admittat·
1984 4088 2053 4138 lta
2093 4090 2140 4137 in
2178 4086 2336 4136 verbis
2354 4081 2679 4161 AruobnAdv.

318 4161 561 4210 defunctis
606 4159 831 4225 inprimis
883 4161 1115 4222 tegendus
1165 4169 1240 4210 est
1286 4159 1447 4209 Desid.
1550 4158 1677 4211 Natt.
1712 4158 1750 4217 l,
1777 4157 1808 4207 3
1846 4157 1936 4218 „ln
1976 4156 2146 4207 litteris
2185 4156 2311 4203 enim
2351 4165 2526 4215 priscis
2546 4161 2683 4199 com-

317 4214 560 4277 fleraldus
610 4228 669 4279 ad
705 4228 885 4278 Aruob.
941 4228 1051 4277 Λᾶν.
1089 4228 1216 4277 Natt.
1254 4227 1336 4276 lib.
1375 4225 1446 4276 IV.
1550 4227 1848 4292 prehensum
1886 4233 1933 4274 et
1970 4223 2292 4287 compositum
2324 4233 2422 4269 non
2445 4216 2683 4273 videmus,

317 4291 486 4357 p.193
503 4309 577 4359 sq.
615 4295 816 4355 ed.LB.,
854 4294 935 4360 qui
973 4295 1091 4346 baec
1113 4309 1307 4360 quoque
1325 4293 1446 4344 Ter-
1553 4295 1697 4344 etiam
1750 4292 1930 4343 imbres
1981 4306 2152 4341 saxeos
2201 4297 2326 4338 totas
2374 4299 2522 4362 saep-e
2557 4296 2682 4360 qoni-

319 4360 512 4411 tulliani
550 4363 688 4413 verba
728 4364 856 4413 citat.
1549 4363 1776 4412 minuisse
1798 4359 2076 4423 regiones,“
2115 4358 2268 4422 prima
2289 4368 2462 4405 manus
2488 4365 2536 4401 in
2555 4348 2681 4423 libro

391 4428 511 4492 Cap.
547 4429 649 4481 xtl.
730 4446 774 4481 a.
825 4445 967 4480 curas
1003 4426 1450 4491 comminuendas]
1553 4428 1793 4485 Parisino,
1830 4442 1883 4476 ex
1922 4442 2019 4491 quo
2057 4440 2152 4475 uuo
2190 4424 2308 4473 illud
2347 4434 2471 4484 opus
2509 4419 2555 4467 in
2577 4414 2681 4465 edi-

315 4496 389 4546 lta
428 4497 781 4549 emendandum
820 4512 929 4547 esse
966 4497 1229 4547 videbatur.
1311 4496 1452 4546 Haud
1556 4496 1713 4546 tiones
1750 4495 1963 4554 defluxit,
2001 4495 2264 4558 scripserat
2301 4487 2648 4560 communisse..

316 4564 551 4614 deteriori
600 4579 746 4617 seusu
795 4566 962 4631 possis
1009 4565 1151 4614 etiam
1201 4566 1453 4615 commmi-
1626 4564 1675 4612 b.
1712 4577 1809 4613 uon
1845 4562 2010 4626 possis
2025 4556 2080 4629 ?]
2133 4558 2453 4622 Peregriuaus
2488 4563 2599 4602 esse
2633 4562 2683 4599 iu

316 4635 513 4683 caudas.
562 4633 703 4692 Quod
739 4635 867 4683 euim
891 4634 1016 4682 liber
1036 4632 1272 4694 Agabardi
1307 4633 1454 4681 habet
1559 4632 1654 4680 isto
1692 4629 1905 4681 saeculo.

315 4714 457 4751 curus
494 4702 885 4763 communiendos,
927 4700 1056 4765 quod
1083 4700 1267 4762 recepit
1291 4699 1453 4761 Rigal-

397 4787 719 4832 Τιιτυιιωη
746 4798 850 4832 on.
879 4796 1166 4833 ιιοιιιιιι.
1239 4783 1365 4829 Tom.
1393 4783 1428 4829 1.
2308 4775 2375 4826 48
