3263 5311
1278 456 1354 499 us
1400 456 1652 500 conclu.
2525 444 2642 505 451

296 606 536 670 ritatum
583 603 975 678 exultatione,
1020 623 1181 667 nunc
1208 624 1279 668 ex
1309 606 1750 687 municipalium
1780 605 2242 668 sollemnitatum
2270 608 2651 688 proprietate.

211 733 219 740 ·
293 707 465 769 ³'Est
506 706 665 768 enim
721 707 917 770 omnis
976 706 1243 787 publicae
1298 707 1555 770 laetitiae
1608 707 1836 770 luxuria
1880 706 2237 786 ”captatrix
2346 709 2524 771 ³“Sed
2591 721 2654 773 tu

291 809 342 842 ³⁶
353 808 709 889 peregrinus
772 808 979 870 mundi
1043 807 1254 882 huius,
1321 808 1363 841 ⁸⁷
1377 809 1519 870 civis
1587 809 1839 871 civitatis
1906 826 2200 888 supernae
2262 809 2650 874 Hierusalem.

294 910 552 983 Noster,
598 908 873 989 ”inquit‚
916 909 1312 990 municipatus
1355 909 1473 971 ³‘'iu
1503 909 1700 972 caelis.
1766 908 1963 971 Habes
1990 917 2129 970 tuos
2161 927 2408 983 census,
2455 913 2648 975 ”tuos
2677 927 2957 978 rhamno.

294 1013 520 1084 fastos,
584 1010 733 1072 nihil
789 1009 903 1071 tibi
968 1028 1101 1072 cum
1160 1010 1391 1089 gaudiis
1455 1010 1704 1084 saeculi,
1773 1009 1956 1072 immo
2018 1011 2380 1072 contrarium
2444 1013 2648 1075 debes.

292 1111 675 1195 ⁴’Saeculum
709 1112 869 1174 enim
911 1110 1221 1188 gaudebit,
1284 1129 1393 1173 vos
1436 1130 1580 1173 vero
1636 1110 1934 1190 lugebitis.
2023 1110 2181 1185 ⁶132,
2225 1121 2403 1192 puto,
2448 1114 2649 1176 felices
2664 1129 2956 1178 mmmm.

294 1213 383 1275 ait
420 1213 714 1292 legentes,
762 1212 945 1274 ”non
987 1212 1374 1274 coronatos&
1449 1212 1754 1274 Coronant
1796 1220 1856 1273 et
1897 1211 2139 1292 nuptiae
2168 1230 2432 1292 sponsos
2450 1214 2488 1288 1,
2534 1216 2576 1247 ⁴⁴
2593 1224 2650 1276 et

295 1314 433 1376 ideo
477 1332 601 1376 non
642 1312 992 1375 “nubemus
1038 1313 1324 1387 ethniciS‚
1368 1332 1445 1375 ne
1474 1314 1646 1374 “nos
1691 1313 1763 1373 ad
1808 1312 2184 1375 idololatrian
2225 1333 2414 1394 usque
2455 1315 2647 1378 dedu-

290 1422 464 1488 cant,
511 1433 545 1476 a
590 1433 704 1493 qua
748 1413 904 1494 apud
949 1414 1085 1475 illos
1130 1415 1372 1494 nuptiae
1416 1414 1727 1493 incipiunt.
1825 1413 2022 1476 Habes
2078 1414 2270 1494 legem
2313 1435 2346 1476 a
2390 1416 2644 1495 patriar-

292 1516 424 1578 chis
468 1515 794 1594 ⁴'quidem‚
839 1514 1024 1576 habes
1070 1514 1406 1594 apostolum
1451 1515 1511 1576 in
1557 1515 1802 1577 domino
1833 1515 2058 1577 nubere
2088 1515 2388 1578 iubentem
2403 1529 2461 1578 ¹¹².
2525 1517 2645 1578 Co-

292 1625 471 1680 ronat
512 1625 572 1678 et
612 1616 857 1678 libertas
904 1616 1284 1677 saecularis·.
1360 1615 1477 1676 Sed
1524 1625 1585 1676 tu
1631 1617 1748 1678 iam
1793 1615 2136 1697 redemptus
2170 1636 2236 1679 es
2268 1636 2300 1679 a
2328 1617 2644 1691 “Christm

290 1726 356 1780 et
396 1718 637 1798 quidem
680 1729 952 1797 magn00.
1038 1717 1288 1778 Servum
1331 1716 1588 1778 alienum
1630 1717 1934 1796 quomodo
1982 1719 2281 1780 saeculum
2323 1720 2644 1782 manumit-

294 1817 428 1881 tet?
518 1817 651 1880 Etsi
706 1817 949 1879 libertas
1005 1817 1322 1890 ”videtum
1393 1817 1503 1878 sed
1557 1827 1617 1879 et
1673 1818 1930 1881 servitus
1975 1819 2325 1881 videbitur-r.
2434 1821 2646 1883 Omnia

292 1919 636 2000 imaginaria
680 1919 743 1981 in
788 1919 1026 1981 saeculo
1080 1927 1140 1980 et
1194 1918 1338 1980 nihil
1392 1919 1536 1979 veri.
1644 1918 1791 1980 Nam
1848 1927 1910 1980 et
1953 1927 2090 1980 tunc
2134 1919 2283 1982 liber
2324 1921 2644 1982 ³⁰hominis

294 2040 461 2095 eras,
507 2021 853 2102 redemptus
896 2041 928 2082 a
976 2019 1249 2092 Christo„
1297 2028 1356 2080 et
1398 2037 1557 2081 nunc
1600 2011 1812 2082 sei-vus
1860 2039 1926 2080 es
1973 2020 2224 2095 Christi,
2281 2022 2418 2084 licet
2458 2023 2642 2084 ⁵¹ma-
2699 2031 2716 2038 “

289 2123 603 2184 numissus
663 2121 737 2184 ab
790 2122 1051 2183 homine.
1161 2120 1280 2181 ”Si
1324 2139 1522 2181 veram
1566 2128 1744 2200 putes
1791 2121 2009 2182 saeculi
2052 2121 2416 2194 libertatem,
2478 2133 2544 2183 ut
2588 2131 2646 2183 et

289 2221 570 2287 ⁸⁸corona
617 2242 746 2285 eam
791 2223 1145 2301 consigneS‚
1189 2221 1397 2283 redisti
1445 2221 1507 2282 in
1546 2222 1892 2283 servitutem
1923 2221 2218 2296 hominis,
2266 2242 2440 2304 quam
2469 2231 2643 2301 putas

289 2325 656 2398 libertatem,
724 2323 974 2386 amisisti
1041 2323 1369 2385 libertatem
1426 2321 1696 2395 Christi„
1741 2323 1972 2415 ¹”quam
2037 2331 2209 2404 putas
2280 2324 2640 2386 servitutem.

290 2425 591 2504 Numquid
636 2433 695 2485 et
748 2424 1107 2504 agonisticae
1165 2437 1414 2485 causae‘l
1471 2423 1962 2505 disputabuntur,
2033 2443 2180 2503 quas
2239 2427 2437 2487 statim
2492 2425 2642 2488 tituli

290 2611 379 2665 33.
415 2611 499 2663 Est
534 2611 659 2662 enim
696 2613 746 2662 A.
836 2617 883 2661 et
918 2616 992 2661 est
1022 2611 1193 2675 reliqui
1228 2625 1397 2661 omnes.
2025 2609 2106 2662 35.
2144 2611 2194 2661 Si
2231 2618 2278 2660 tu
2329 2611 2456 2662 BCD.
2561 2611 2643 2662 36.

286 2681 576 2747 peregrinus
613 2681 699 2731 AR.
770 2679 1054 2743 peregrinus
1090 2693 1142 2727 es
1177 2680 1362 2742 reliqui.
1474 2678 1554 2729 37.
1594 2680 1707 2729 civis
1743 2680 1942 2730 civitatis
1978 2694 2219 2744 supernae
2257 2679 2555 2728 Hierusalem
2591 2682 2642 2727 Α.

291 2749 492 2800 civitatis
530 2749 645 2798 civis
681 2761 921 2812 supernae
958 2745 1212 2796 ierusalem
1250 2747 1376 2796 BCD.
1449 2747 1561 2796 civis
1598 2762 1837 2811 supernae
1861 2748 2158 2797 Hierusalem
2193 2746 2378 2809 reliqui.
2450 2745 2530 2794 38.
2568 2747 2642 2793 in·

291 2813 439 2881 quain
477 2817 526 2864 B.
560 2832 622 2865 m.
660 2830 748 2865 see.
853 2813 933 2863 39.
974 2815 1020 2862 in
1059 2813 1222 2862 caelis.
1270 2813 1322 2861 ln
1362 2814 1509 2862 caelis
1547 2815 1697 2863 hahes
1743 2816 1919 2863 lunius.
2023 2814 2106 2863 40.
2144 2820 2253 2861 tuos
2291 2815 2441 2861 fastos
2478 2828 2563 2861 om.
2590 2813 2640 2862 A.

288 2892 407 2933 tuos
443 2884 595 2932 fastus
630 2884 685 2932 D.
788 2882 871 2931 41.
909 2880 1153 2931 saeculum
1191 2885 1242 2930 A.
1346 2880 1429 2929 42.
1466 2881 1525 2929 Et
1564 2888 1678 2943 puto
1712 2880 2032 2931 BCDEFGHR.
2116 2886 2233 2942 puto
2268 2880 2318 2928 A.
2424 2878 2505 2928 43.
2545 2894 2641 2931 non

290 2957 558 3001 coronatos
605 2964 693 2999 om.
726 2949 775 2999 A,
879 2949 961 2998 44.
1017 2956 1064 2997 et
1112 2948 1221 2997 ideo
1268 2947 1552 2997 BCDEFGH.
1626 2948 1734 2996 ideo
1769 2948 1852 2997 Aa.
1957 2947 2040 2996 45.
2093 2947 2329 2995 nubemus
2364 2947 2413 2996 A.
2487 2947 2640 2995 nuba-

291 3032 407 3067 mus
442 3018 492 3067 R.
563 3016 783 3065 nubimus
816 3018 1002 3080 reliqui.
1106 3014 1187 3065 46.
1226 3029 1315 3063 nos
1353 3016 1410 3064 ad
1450 3014 1719 3064 idolatriam
1757 3015 1809 3064 D.
1882 3029 1971 3063 nos
2009 3013 2262 3063 idolatrian
2300 3015 2349 3063 Α.
2440 3013 2520 3062 47.
2560 3014 2640 3078 qui

289 3086 421 3136 idem
458 3086 633 3135 Iunius.
737 3083 819 3134 48.
858 3083 1048 3148 Christo
1086 3091 1132 3131 et
1167 3082 1359 3145 quidem
1399 3096 1571 3142 magno
1605 3081 1848 3131 AEFGHR.
1919 3080 2110 3133 Christo
2148 3081 2292 3142 nigno
2329 3079 2493 3143 (mffno
2531 3082 2642 3139 B.?)

286 3153 377 3204 Bc.
438 3152 629 3202 Christo
666 3152 714 3200 in
752 3152 879 3212 ligno
916 3152 970 3201 D.
1054 3150 1135 3199 49.
1173 3150 1407 3199 videbitur
1426 3149 1591 3209 A(D)R.
1664 3148 1908 3198 videbatur
1940 3149 2125 3212 reliqui.
2195 3148 2409 3197 videatur
2433 3150 2642 3198 Ursinus.

284 3220 376 3271 50.
414 3220 625 3269 hominis
660 3233 767 3268 eras
801 3220 887 3269 AB.
959 3218 1141 3267 homini
1181 3231 1288 3267 eras
1322 3218 1508 3281 reliqui.
1615 3215 1697 3265 51.
1735 3215 2062 3265 manumissus
2098 3219 2165 3265 sis
2201 3215 2261 3264 ab
2300 3217 2492 3265 homine
2528 3213 2640 3281 Αφ.

286 3286 373 3338 52.
411 3287 463 3337 Si
500 3302 608 3336 vera
648 3286 772 3336 CDE.
879 3283 960 3335 53.
1000 3299 1176 3334 corona
1215 3298 1318 3333 eam
1355 3289 1402 3334 Α.
1477 3298 1706 3333 coronam
1748 3284 1990 3333 CDEFGH.
2079 3298 2256 3332 corona
2292 3283 2377 3333 BR.
2415 3285 2641 3333 Latinius.

284 3355 374 3405 54.
410 3370 555 3419 quam
589 3355 770 3418 putasti
806 3354 1081 3404 servitutem
1116 3350 1212 3415 Αβ.
1287 3366 1429 3415 quam
1467 3366 1561 3401 nou
1600 3359 1741 3416 putas
1777 3351 2053 3401 servitutem
2089 3351 2215 3400 BCD.
2436 3358 2450 3371 ⁹

1504 2609 1585 2660 34.
1624 2610 1835 2675 capatrix
1875 2611 1919 2662 C.

282 3524 493 3589 Apolog.
530 3537 635 3586 cap.
678 3521 741 3571 16
788 3521 1008 3582 „Omnes
1045 3520 1115 3569 illi
1154 3519 1413 3580 imaginum

283 3598 533 3654 suffocatus
564 3591 611 3639 iu
638 3589 789 3652 signis
810 3589 1005 3638 monilia
1028 3600 1224 3637 crucum
1248 3587 1413 3637 sunt.“

282 3661 359 3711 Ad
394 3659 521 3708 Natt.
557 3658 605 3717 l,
646 3656 708 3707 13
760 3657 989 3716 „Scilicet
1034 3655 1116 3704 ille
1154 3654 1414 3715 imaginum

286 3734 533 3790 anapestus
589 3732 637 3774 et
682 3725 829 3775 totius
883 3725 986 3773 auri
1022 3722 1181 3773 cultus
1219 3722 1415 3770 monilia

287 3807 489 3845 crucum
538 3792 703 3841 sunt.“
779 3792 896 3841 lbid.
932 3791 993 3850 ll,
1031 3789 1061 3839 8
1116 3788 1291 3849 „Hunc
1325 3790 1415 3837 Se-

285 3861 509 3924 rapidem
560 3875 614 3909 ex
663 3866 908 3923 suyqeslu,
968 3872 1063 3921 quo
1122 3863 1265 3919 caput
1312 3856 1415 3904 eius

284 3936 532 3986 ornatum,
567 3934 868 3986 vocaverunt,
891 3926 1027 3975 cuius
1046 3930 1286 3987 suqqestus
1310 3937 1418 3971 mo⁴

287 3994 436 4045 dialis
494 3996 643 4057 ligura
695 3992 1082 4043 frumentationis
1132 3985 1415 4040 memoriam

286 4062 577 4124 obsignau‘
651 4061 793 4110 Multa
851 4061 955 4109 eius
1014 4058 1232 4109 vocabuli
1299 4071 1416 4106 usus

286 4127 512 4193 exempla
559 4144 615 4179 ex
651 4128 935 4178 Tertulliani
985 4126 1179 4189 scriptis
1216 4124 1418 4188 protulit

282 4196 499 4249 Salmas.
539 4197 598 4247 ad
636 4195 812 4245 librum
841 4196 909 4245 De
930 4195 1081 4244 Pallio
1117 4209 1165 4258 p.
1181 4191 1280 4242 362
1305 4207 1412 4256 sqq.

359 4265 405 4314 k.
443 4279 541 4314 uon
577 4259 864 4328 coronatos]
900 4263 1061 4312 Mattb.
1098 4261 1149 4318 V,
1187 4261 1235 4309 4.

356 4333 389 4383 Ι.
441 4332 689 4383 Coronant
731 4338 779 4381 et
815 4331 1008 4394 nuptiae
1044 4321 1297 4391 sponsos]
1334 4324 1415 4375 ‘lta

192 4383 199 4389 ’
278 4400 423 4452 initio
462 4401 635 4465 capitis
671 4399 787 4449 dixit
823 4400 1105 4458 „Coronant
1128 4403 1174 4444 et
1192 4394 1415 4458 publicos

277 4469 485 4520 ordines
522 4468 705 4535 laureis
742 4466 965 4529 publicae
1002 4463 1228 4513 causae.“
1264 4460 1333 4510 De
1363 4474 1417 4511 re

278 4553 323 4587 v.
362 4536 500 4587 ovid.
537 4535 669 4584 Fast.
708 4532 781 4591 lv,
821 4532 934 4583 189.
975 4530 1224 4581 claudian.
1261 4528 1415 4588 Magn.

279 4603 367 4654 27.
405 4603 575 4655 Schol.
613 4601 860 4664 Aristoph.
894 4599 1003 4649 Pac.
1030 4597 1146 4648 869.
1181 4598 1259 4647 Av.
1302 4594 1414 4645 159.

278 4671 450 4722 Liban.
500 4670 635 4721 Orat.
688 4667 891 4729 xxxvl,
941 4681 989 4731 p.
1028 4664 1145 4715 325.
1197 4665 1251 4713 B.
1300 4663 1415 4712 Plu-

1516 3520 1668 3569 tarch.
1704 3520 1854 3569 Amat.
1892 3533 1998 3583 cap.
2033 3518 2111 3569 ¹0.
2148 3519 2343 3568 Lucian.
2382 3518 2503 3568 Dial.
2541 3518 2640 3567 Me-

1516 3594 1630 3637 retr.
1670 3587 1740 3645 ll,
1789 3586 1837 3635 3.
1872 3586 1922 3635 4.
1980 3587 2190 3648 Bottiger
2225 3586 2420 3636 Aldohr.
2463 3587 2639 3636 Hochz.

1514 3669 1564 3719 p.
1581 3653 1665 3704 42.
1700 3654 1910 3704 Panossta
1930 3653 2093 3703 Bilder
2104 3649 2208 3703 A‘nt.
2226 3654 2414 3703 Lebens
2428 3654 2504 3713 xl,
2521 3652 2570 3713 3,
2591 3653 2639 3701 7.

1585 3752 1649 3787 m.
1687 3739 1733 3787 in
1754 3737 1950 3787 domino
1983 3738 2167 3787 nubere
2184 3734 2467 3798 iubentem]
2507 3735 2641 3785 Paul.

1516 3806 1604 3869 Ep.
1648 3806 1682 3853 Ι.
1719 3805 1777 3853 ad
1816 3804 2035 3855 Corinth.
2075 3805 2169 3863 vn,
2208 3803 2288 3852 39.

1589 3903 1636 3936 n.
1660 3888 1870 3937 Coronat
1886 3896 1933 3936 et
1947 3887 2146 3936 libertas
2159 3886 2437 3935 saecularis.
2487 3886 2639 3935 Plaut.

1521 3955 1746 4032 Pseudo).
1784 3955 1832 4013 V,
1871 3953 1931 4014 2,
1968 3953 2015 4002 2.
2053 3953 2268 4031 Thucyd3
2301 3951 2373 4011 lv,
2406 3952 2470 4031 8ι
2504 3946 2641 4008 „itai

1517 4034 1941 4140 {32⁸5‘'32‘.}‘.
1954 4015 2037 4136 5⁹.
2049 4014 2368 4136 {⁹3⁶²'1‘2‘2'3'2
2407 4034 2484 4135 ‘23
2511 4014 2642 4137 ‘iffi

1516 4103 1819 4223 περιῆῗθον
1879 4149 1963 4209 ὥς
2031 4103 2636 4222 ἦλευθερώμενορι,

1472 4243 1481 4252 ·
1519 4218 1575 4274 οἱ
1607 4221 1669 4274 δὲ
1704 4225 1847 4290 sqq.“

1517 4378 1573 4427 Vl
1586 4319 1707 4428 &23
1729 4310 1920 4375 quidem
1941 4303 2159 4373 magno]
2179 4307 2265 4371 Ep.
2287 4307 2323 4356 Ι.
2339 4305 2398 4357 ad
2421 4307 2638 4358 Corinth.

1584 4476 1635 4524 p.
1683 4455 1940 4524 videbitur]
1993 4474 2063 4509 sc.
2115 4458 2314 4508 libertas
2368 4472 2393 4506 a
2443 4454 2639 4506 saeculo

1517 4529 1643 4660 dmg..
1672 4594 1963 4657 agonisticae
1999 4586 2195 4655 causae]
2232 4591 2305 4641 Cl.
2338 4589 2537 4640 Tertull.
2569 4588 2639 4643 lle
2705 4634 2716 4643 ,

1516 4665 1738 4729 Εροοῑῃ.
1776 4660 1928 4726 ωρ.6
1962 4675 2069 4724 sqq.
2107 4658 2228 4708 Pliu.
2265 4658 2322 4709 H.
2360 4657 2416 4707 N.
2456 4656 2640 4717 xvm..

2214 4738 2330 4791 29*
