3263 5311
336 1671 355 1788 s
408 1697 518 1757 cap.
551 1697 677 1762 xus

683 405 807 468 160

600 579 611 586 “
680 568 801 632 Sed
841 568 968 630 ⁴‘ut
1005 564 1286 630 'omittam
1341 566 1521 629 huius
1576 566 1941 647 indignitatis
1997 575 2407 644 retmetatum,
2472 564 2645 648 probi
2701 575 2764 630 et
2815 568 3036 650 integri

682 679 744 733 et
784 669 929 732 boni
970 668 1268 730 “fuerint-
1375 668 1597 742 ⁴⁷Quot
1651 677 1848 731 tamen
1901 669 2170 748 potiores
2211 669 2374 731 viros
2418 669 2576 749 apud
2616 668 2846 731 inferos
2885 670 3034 732 reli-

682 768 947 851 quistis?
1018 768 1271 848 aliquem
1314 767 1390 830 de
1433 769 1721 848 sapientia
1763 769 2200 843 “Socratem·,
2262 768 2336 830 de
2390 768 2613 831 iustitia
2655 767 3044 845 “Aristidem-

684 871 760 935 de
803 869 1009 933 militia
1051 869 1609 945 ”Themistoclem
1649 870 1724 932 de
1769 870 2128 932 sublimitate
2168 868 2594 943 Alexandrum,
2639 868 2715 931 de
2759 869 3037 934 felicitate

682 971 723 1006 ⁸¹
739 971 1114 1051 Polycraten,
1191 969 1321 1031 ”de
1376 970 1546 1050 copia
1600 970 1922 1045 Croesum,
1988 971 2063 1032 de
2120 970 2456 1049 eloquentia
2509 969 3035 1033 ‘'Demosthenen.
3103 961 3114 966 ’

684 1071 835 1146 Quis
882 1090 956 1133 ex
997 1070 1114 1135 illis
1158 1069 1288 1132 deis
1332 1070 1550 1132 vestris
1594 1071 1833 1150 gravior
1887 1081 1948 1133 et
2000 1071 2329 1151 sapientior
2372 1069 2627 1145 Catone,
2702 1070 2920 1133 iustior
2974 1080 3039 1134 et

680 1168 1050 1234 “militarior
1096 1168 1425 1249 Scipione?
1497 1171 1633 1249 quis
1678 1171 1992 1233 sublimior
2032 1172 2352 1252 Pompeio,
2408 1159 2636 1233 felicior
2677 1171 2865 1251 Sylla,
2922 1190 3034 1233 co-

679 1272 915 1355 piosior
960 1271 1211 1345 Crasso,
1257 1270 1633 1350 eloquentior
1676 1270 1918 1334 Tullio?
1984 1271 2221 1345 Quanto
2266 1270 2501 1352 dignius
2545 1271 2697 1334 istos
2741 1271 2890 1335 deos
2934 1272 3036 1336 ille

682 1373 1089 1442 adsumendos
1149 1380 1547 1451 expectasset,
1611 1373 1922 1452 praescius
1976 1372 2182 1453 utique
2234 1370 2584 1452 potiorum?
2666 1372 3035 1451 Propemvit,

682 1474 934 1554 opinor,
979 1481 1039 1536 et
1082 1472 1307 1534 caelum
1351 1472 1538 1534 semel
1579 1472 1843 1547 ⁸‘'elusit,
1910 1481 1971 1536 et
2010 1492 2170 1536 nunc
2227 1474 2431 1553 utique
2485 1473 2832 1536 melioribus
2876 1473 3036 1554 apud

681 1574 910 1637 inferos
954 1571 1467 1646 ¹⁵?musitantibuso
1510 1573 1828 1636 erubescit.
2471 1635 2477 1640 .

854 1675 1041 1737 Cesso
1086 1675 1205 1736 iam
1246 1674 1356 1738 ¹.de
1398 1674 1552 1748 isto,
1595 1684 1664 1736 ut
1705 1675 1806 1755 qui
1850 1674 2033 1736 sciam
2075 1694 2172 1737 me
2215 1693 2286 1736 ex
2327 1675 2457 1754 ipsa
2499 1673 2744 1736 veritate
2777 1674 3034 1736 demon-

2734 1774 3037 1848 Quantum

1223 418 1424 469 eumn
1469 418 1729 466 sermm
1771 417 2103 461 uouemus
2150 413 2540 463 muratum

648 1771 1011 1840 ''stram-um
1063 1774 1238 1855 ²quid
1289 1793 1413 1836 non
1470 1775 1621 1849 sint,
1689 1794 1822 1838 cum
1880 1774 2203 1838 ostendero
2245 1774 2423 1854 ’quid
2485 1774 2626 1837 sint.

682 1876 863 1956 igitur
891 1876 967 1940 de
995 1875 1157 1937 ‘deis
1193 1875 1444 1950 vestris,
1490 1877 1732 1938 nomina
1777 1877 2155 1938 solummodo
2199 1876 2370 1938 video
2414 1875 2819 1956 ‘quorundam
2861 1885 3032 1939 vete-

680 1996 818 2041 rum
859 1985 1236 2040 mortuorum
1280 1986 1341 2037 et
1383 1976 1610 2038 fabulas
1668 1977 1843 2039 audio
1900 1985 1961 2038 et
2011 1992 2181 2039 sacra
2235 1977 2310 2038 de
2362 1976 2574 2038 fabulis
2629 1995 3035 2056 recognosco:

680 2088 964 2158 quantum
1006 2086 1202 2141 autem
1246 2076 1321 2139 de
1366 2077 1697 2139 simulacris
1742 2076 1892 2157 ipsis
1909 2122 1926 2151 ,
1977 2076 2125 2138 nihil
2167 2076 2360 2139 ‘aliud
2403 2077 2777 2156 reprehendo
2821 2076 3036 2158 ¹'quam

681 2179 960 2242 materias
1005 2197 1254 2240 sorores
1297 2196 1436 2239 esse
1479 2177 1860 2240 vasculorum
1899 2176 2553 2258 instrumentorumque
2597 2171 3037 2241 eommunitfin·

682 2331 767 2381 45.
806 2339 858 2381 ut
891 2346 980 2382 οη..
1017 2331 1108 2382 rc.
1153 2298 1439 2382 vindob..
1481 2329 1564 2381 46.
1603 2330 1797 2381 ruerunt
1831 2330 1993 2380 orca.
2127 2315 2211 2380 472
2259 2330 2387 2395 quoa
2435 2309 2594 2381 iumen
2647 2328 2893 2395 Αρυεσα.
2937 2331 3035 2381 ναι.

682 2401 810 2448 viros
846 2414 934 2450 out.
971 2398 1025 2449 f.
1159 2397 1243 2447 48.
1281 2394 1516 2447 Socraten
1551 2398 1607 2447 Ε.
1644 2398 1817 2460 Erfurt.
1957 2396 2042 2447 49.
2076 2398 2315 2448 Aristiden
2351 2398 2476 2448 ABE.
2515 2399 2688 2462 Erfsrt.
2774 2399 3033 2449 Aristidem

679 2468 868 2530 reliqui.
972 2464 1053 2514 50.
1091 2464 1449 2515 Themistoclen
1483 2466 1538 2515 Ε.
1574 2464 1749 2528 Erfurt.
1859 2464 1939 2514 51.
1978 2464 2255 2528 Polycraten
2291 2466 2417 2516 ABE.
2464 2465 2653 2515 Vindob.
2691 2466 2866 2529 Erfurt.
2939 2466 3033 2515 Po-

685 2534 912 2596 lycratem
948 2533 1132 2596 reliqui.
1240 2531 1322 2582 52.
1360 2532 1419 2581 de
1457 2532 1595 2595 copia
1637 2531 1868 2581 Croesum
1907 2548 1996 2583 om.
2033 2534 2105 2583 cd.
2221 2531 2303 2583 53.
2339 2533 2662 2582 Demostenen
2695 2532 2822 2583 ABE.
2859 2533 3032 2596 Erfurt.

682 2600 1057 2650 Demosthenem
1092 2600 1279 2665 reliqui.
1396 2599 1479 2650 54.
1514 2599 1765 2649 militatior
1797 2594 1843 2646 λ.
1887 2599 2074 2650 Haverc.
2193 2599 2276 2650 55.
2313 2600 2486 2650 clausit
2518 2600 2571 2651 F.
2677 2599 2759 2650 56.
2798 2601 3035 2650 musitan-

679 2670 809 2719 tibus
843 2665 1054 2731 ApEFc.
1098 2669 1285 2718 Vindob.
1323 2669 1496 2731 Erfurt.
1532 2668 1737 2717 Ambros.
1810 2669 2178 2718 mussitantibus
2209 2671 2331 2733 typis
2366 2671 2527 2719 excusi
2562 2684 2732 2719 omnes.

816 2736 934 2799 Cap.
971 2734 1071 2785 xli.
1126 2736 1268 2799 Caput
1306 2736 1625 2785 duodecimum
1655 2737 1706 2783 in
1728 2737 1802 2786 ab.
1823 2736 2093 2799 inscriptum
2118 2743 2186 2785 est
2207 2734 2363 2794 QVAM
2401 2736 2548 2787 vam
2588 2735 2832 2786 DEORVH
2866 2734 3034 2785 Sfflv-

676 2804 961 2864 LAcnRA„
1013 2805 1065 2852 in
1096 2802 1300 2853 ABDEG.
1345 2803 1535 2852 Vindob.
1576 2802 1723 2853 Oxou.
1759 2803 1966 2865 Erfurt„
2004 2804 2056 2850 in
2090 2805 2257 2866 quibus
2291 2804 2580 2853 undecimum
2615 2810 2711 2864 est,
2752 2802 2829 2851 nt:
2865 2803 3033 2861 Simi-

677 2871 940 2932 Lectus„
1003 2871 1056 2919 iu
1097 2870 1311 2920 Vaticano
1357 2885 1451 2920 uno
1496 2871 1621 2933 opud
1666 2870 1915 2919 Pmnelium
1960 2862 2291 2920 sluvtactu
2339 2871 2575 2921 COLERE
2621 2869 2879 2920 Attssuvu
2917 2870 3034 2925 EST

678 2938 947 2989 Pnonsvs
981 2936 1056 2986 ΑΒ
1095 2936 1243 2988 oum
1281 2936 1558 2987 RATlONE.
1715 2935 1758 2986 l.
1807 2937 1911 2986 istis
1956 2938 2175 3001 Dubcdes.
2312 2936 2361 2987 2.
2415 2938 2546 3001 quod
2593 2952 2689 2988 non
2737 2937 2835 2987 sint
2883 2938 3033 2988 Oxou.

674 3006 867 3057 Hei-ald.
938 3006 1018 3070 qui
1056 3018 1154 3055 non
1189 3005 1286 3054 sint
1326 3005 1375 3054 G.
1480 3002 1527 3055 3.
1565 3003 1694 3067 quod
1731 3004 1828 3053 sint
1860 3004 2026 3055 ABEG.
2061 3006 2237 3067 Erfurt.
2272 3005 2498 3067 Bonyurs.
2611 3006 2660 3055 4.
2699 3005 2803 3054 deis
2841 3005 2948 3054 istis
2981 3000 3026 3052 λ.

678 3072 725 3123 5.
764 3086 970 3137 qnorum
1005 3074 1089 3123 Da.
1159 3080 1343 3123 statuas
1380 3072 1682 3136 quorundam
1717 3067 1764 3120 λ.
1902 3071 1951 3120 6.
1988 3071 2116 3121 aliud
2153 3073 2460 3135 reprehendo
2505 3074 2794 3123 ABDEGabe.
2837 3073 3033 3123 Vindob.

675 3142 855 3204 Errare.
896 3141 1044 3191 Oxou.
1077 3140 1302 3203 Bonqars.
1336 3141 1542 3190 Ambros.
1649 3138 1778 3187 aliud
1834 3138 2146 3202 deprehendo
2198 3139 2467 3203 (deprendo
2501 3141 2554 3191 F.
2586 3156 2672 3204 pro
2707 3138 2851 3199 more)
2896 3140 3030 3203 Feds.

677 3208 888 3270 amplius
923 3205 1235 3268 deprehendo
1270 3201 1315 3255 λ.
1351 3206 1544 3257 florere.
1652 3206 1701 3254 7.
1739 3220 1881 3270 quam
1919 3214 2099 3256 matres
2134 3221 2334 3257 sorores
2369 3222 2479 3258 esse
2513 3210 2588 3258 ab.
2624 3209 2813 3259 naam.
2885 3219 3032 3272 quam

676 3276 907 3325 materias
943 3287 1053 3322 esse
1087 3289 1129 3325 c.
1201 3287 1346 3337 quatu
1382 3273 1609 3322 materias
1646 3287 1845 3323 sorores
1878 3268 1924 3323 λ.

517 3442 521 3451 ,
579 3458 585 3464 ,
676 3420 864 3457 merum
901 3405 1123 3468 adlegite‚
1168 3413 1222 3457 ut
1256 3406 1347 3457 hac
1380 3406 1569 3457 ratione
1606 3407 1808 3469 gratiam
1915 3408 2235 3472 Vespasianus,
2284 3432 2352 3444 —-
2386 3432 2454 3444 —
2504 3409 2661 3458 nuilus
2695 3408 2820 3471 Ρίιιε,
2871 3409 3032 3458 nullu

676 3475 737 3525 ab
773 3475 835 3524 iis
874 3474 1062 3525 ineatis.
1144 3475 1326 3525 Eorum
1376 3475 1502 3524 enim
1540 3482 1614 3523 est
1651 3475 1807 3525 honor
1915 3475 2051 3525 Verus
2086 3474 2370 3538 inpressit.“

675 3542 975 3594 consecratio
1013 3543 1361 3607 coaequalium.
1398 3540 1636 3602 (Herald.)

743 3625 793 3660 n.
829 3609 1037 3674 aliquem
1075 3611 1135 3660 de
1169 3610 1403 3674 sapientia
1423 3603 1700 3673 Socratem]
1736 3608 1804 3658 De

671 3677 1033 3743 praepositione
1070 3680 1127 3729 de
1178 3679 1220 3727 ri
1256 3676 1609 3727 iustrumentali
1644 3678 1803 3741 posita

677 3747 739 3797 cs.
778 3760 901 3811 quae
947 3745 1171 3796 adnotata
1218 3752 1332 3794 sunt
1379 3744 1439 3793 ad
1476 3744 1544 3792 De
1579 3745 1803 3807 Spectac-

674 3828 780 3877 cap.
818 3813 901 3863 25.
970 3813 1280 3863 Pronominis
1313 3813 1488 3876 uliquis
1524 3811 1801 3862 nominibus

670 3881 885 3945 propriis
921 3894 1009 3943 per
1043 3880 1294 3944 emphasin
1338 3879 1485 3928 additi
1520 3879 1569 3928 in
1608 3879 1802 3929 Tertul-

672 3948 789 3997 liani
824 3947 1019 4010 seriptis
1072 3947 1222 3997 multa
1268 3946 1487 4010 exempla
1523 3953 1803 3996 occurrunt.

672 4014 754 4063 Sic
807 4029 911 4078 cap.
953 4014 1015 4064 12
1062 4014 1236 4074 „idem
1293 4015 1409 4064 estis
1456 4015 1535 4077 qui
1583 4014 1802 4064 Senecam

673 4083 873 4145 aliquem
896 4080 1119 4144 pluribus
1153 4090 1200 4131 et
1217 4080 1538 4131 amarioribus
1562 4080 1622 4129 de
1643 4087 1800 4129 vestra

668 4149 1018 4211 superstitione
1031 4156 1336 4213 perorantem
1362 4147 1797 4211 reprehendistis.“

672 4216 788 4280 Cap.
830 4215 892 4265 15
947 4216 1112 4280 „quod
1162 4230 1339 4279 corpus
1375 4215 1617 4278 impurum
1655 4222 1702 4264 et
1737 4216 1796 4265 ad

669 4283 811 4333 istam
875 4290 1028 4334 artem
1094 4282 1447 4332 effeminatione
1506 4282 1795 4345 productum

668 4351 920 4402 Minervam
953 4352 1159 4415 aliquam
1192 4350 1263 4398 vel
1301 4348 1556 4398 Herculem
1594 4364 1797 4414 reprae-

667 4418 878 4470 sentat.“
929 4415 1123 4480 Cap.19
1158 4418 1343 4480 „aliqui
1364 4417 1609 4467 Manethon
1643 4421 1795 4482 Aegy-

664 4487 797 4551 ptius
832 4494 882 4536 et
914 4484 1123 4533 Berosus
1161 4482 1484 4534 Chaldaeus.“
1521 4485 1592 4534 Cf.
1608 4500 1713 4550 cap.
1727 4486 1794 4537 50

663 4556 870 4619 „eliqua
905 4550 1207 4613 Carthaginis
1241 4549 1532 4602 condumst‘
1565 4560 1610 4603 et
1642 4553 1793 4616 cap.5

670 4637 828 4686 „quas
878 4619 1038 4671 nullm
1070 4619 1356 4684 Hadrianus,
1406 4646 1474 4658 -—
1521 4646 1588 4659 -—
1635 4621 1795 4673 nullm

1974 3557 2019 3591 n.
2061 3542 2343 3592 melioribus
2377 3540 2506 3606 apud
2541 3542 2725 3593 interos
2761 3544 3034 3595 musitanti-

1904 3605 2021 3674 bus]
2057 3610 2285 3660 Iniuriam
2323 3611 2465 3659 istam
2502 3624 2700 3675 quoquo
2735 3612 2880 3661 modo
2909 3625 3033 3661 con-

1903 3678 2239 3741 sequentibus.
2274 3675 2510 3740 (Herald.)

1972 3744 2089 3808 Cap.
2126 3744 2226 3794 xlt.
2296 3759 2344 3794 a.
2402 3745 2628 3795 materias
2674 3760 2872 3796 sorores
2920 3759 3034 3796 esse

1901 3812 2204 3861 vasculorum
2239 3812 2771 3876 instrumentorumque
2809 3826 3034 3863 eommu-

1902 3875 2061 3942 nium]
2133 3879 2420 3929 Prudentius
2468 3880 2515 3929 in
2565 3880 2788 3943 martyrio
2825 3876 3033 3930 Romani
3125 3894 3132 3899 ·

1900 3941 2195 4010 [peristeph.
2250 3947 2317 4007 X,
2367 3944 2508 4011 3004
2574 3948 2717 4009 „Non
2763 3948 3034 4009 erubescis,

1901 4013 2050 4063 stulte
2083 4027 2208 4078 pago
2247 4013 2424 4075 dedite,
2461 4014 2528 4064 'l'e
2548 4022 2675 4064 tauta
2700 4028 2896 4078 semper
2916 4030 3033 4078 per-

1901 4080 2084 4140 didisse
2120 4082 2342 4141 obsonia,
2397 4083 2530 4141 Quae
2583 4082 2675 4147 diis
2710 4084 2906 4146 ineptus
2942 4082 3035 4133 oh·

1900 4148 2054 4198 tulisti
2089 4149 2284 4209 talibus,
2338 4150 2471 4208 Quos
2507 4150 2670 4209 trulla,
2707 4149 2876 4213 pelvis,
2914 4164 3033 4199 ean-

1899 4216 2087 4277 tharus,
2121 4217 2407 4277 sartagines,
2443 4216 2611 4266 Fracta
2640 4223 2687 4266 et
2707 4216 2888 4281 liquata
2912 4231 3034 4267 eon·

1900 4282 2114 4334 tulerunt
2148 4283 2393 4334 vascula.“
2461 4283 2720 4346 Eleganter
2754 4291 2916 4333 sutem
2951 4300 3033 4334 so-

1895 4367 2027 4403 rores
2061 4352 2368 4403 cuculorum.
2433 4350 2515 4401 Sic
2550 4353 2747 4401 omuino
2783 4351 2927 4401 Philo
2961 4351 3032 4400 De

1898 4420 1996 4470 vua
2034 4421 2235 4471 Contem
2276 4418 2413 4469 lativa
2448 4413 2521 4483 [p.
2552 4418 2690 4479 610„
2726 4418 2791 4468 al.
2820 4434 2871 4484 p.
2887 4415 3031 4480 890]

1895 4471 2025 4547 »ὧν
2069 4482 2139 4536 τὰ
2201 4477 2218 4498 ’
2257 4479 2402 4554 ελφᾶ
2457 4481 2599 4552 μέρη
2653 4479 2746 4534 καὶ
2998 4483 3032 4547 ἦ

1896 4548 2182 4633 λουτροφὸ
2218 4568 2272 4604 οι
2315 4546 2582 4633 γξγόνασι
2627 4547 2721 4603 καὶ
2766 4567 2839 4601 no
2911 4566 3032 4603 νιπ-

1897 4635 2005 4687 τρα
2036 4635 2130 4674 και
2333 4636 2474 4673 atra
2503 4620 2618 4672 τῶν
2634 4614 3026 4690 ἇτιμιοτέρων,
