3263 5311
1180 441 1660 486 *romeu-teuit.
2483 435 2599 495 141

504 525 537 544 Ι

252 590 518 670 Ιίςωιετ,
564 597 652 664 ut,
697 607 831 654 eum
874 590 1153 652 tenebrae
1198 592 1521 655 ceciderint
1548 592 1813 667 caninae,
1861 611 1984 655 non
2030 613 2213 657 erres.
2301 596 2600 660 Piaculum
2641 571 2652 658 Ῑ

249 691 439 754 ‘enim
483 691 803 754 admiseris
845 692 963 754 nisi
1008 692 1301 755 incestum
1344 681 1621 768 feceris.)
1671 693 1835 756 Talia
1882 695 2142 758 initiatus
2189 706 2248 758 et
2280 700 2600 778 consigna-

248 801 381 855 tus·
424 793 572 853 vivis
618 792 681 853 in
725 811 953 855 aevum.
1042 794 1231 874 Cupio
1290 795 1680 874 respondeas,
1726 795 1814 855 ’si
1861 796 2006 856 tanti
2059 781 2398 859 aeternitas,
2488 801 2604 861 Aut

250 894 301 954 si
342 912 489 967 nou,
534 893 705 955 ¹‘ideo
751 912 862 956 nec
916 894 1231 956 credenda.
1329 895 1577 957 Etiamsi
1645 895 1991 964 credideris,
2065 917 2218 977 nego
2292 909 2364 961 te·
2421 900 2604 976 veile;

250 995 479 1057 etiamsi
521 994 801 1068 voluer-ie,
847 1013 1001 1074 nego
1046 1005 1105 1068 te
1148 1014 1353 1076 posse.
1445 997 1565 1058 Cur
1593 1015 1735 1076 ergo
1767 997 1864 1058 alii
1892 998 2183 1077 ⁹possint,
2229 1000 2281 1060 si
2327 1019 2434 1063 vos
2475 1020 2600 1063 non

249 1094 549 1176 potestis?
594 1114 703 1156 cur
742 1114 861 1157 non
908 1097 1181 1176 possitis,
1226 1098 1279 1158 si
1323 1097 1422 1159 alii
1467 1098 1772 1177 possunt?
1819 1100 1993 1160 ¹⁰Atia
2025 1119 2161 1173 noS‚
2206 1101 2440 1180 opinor,
2487 1120 2598 1163 na-

252 1206 410 1268 tura3
457 1198 493 1232 ¹¹
510 1197 865 1276 Cynopaene
908 1207 1010 1257 aut
1053 1197 1508 1278 ¹²Sciapodes‘?
1570 1200 1704 1272 ‘Atii
1750 1200 1996 1262 ordines
2041 1200 2325 1274 dentium,
2383 1201 2482 1262 alii
2525 1203 2600 1264 ad

250 1298 535 1359 incestam
590 1297 895 1359 libidinem
950 1291 1195 1366 nervi?]
1253 1299 1370 1372 Qui
1425 1300 1541 1360 ista
1605 1301 1801 1362 credis
1854 1302 1928 1362 de
1982 1302 2243 1374 homine,
2311 1310 2483 1381 potes
2539 1315 2603 1365 et.

252 1398 519 1461 ¹⁸facere.·
605 1398 801 1460 Homo
845 1418 911 1460 es
958 1407 1018 1460 et
1060 1399 1208 1478 ipse.
1253 1401 1413 1479 quod
1458 1410 1519 1462 et.
1561 1401 1954 1463 Christianus·
2045 1402 2214 1474 ¹⁵Qui
2257 1422 2378 1464 non
2423 1412 2598 1484 potes

250 1502 462 1572 facere,
508 1519 631 1560 non
676 1499 861 1560 debes
907 1500 1170 1562 credere.
1244 1501 1441 1562 Homo
1473 1511 1568 1563 est
1598 1503 1754 1564 enim
1801 1511 1862 1564 et
1891 1503 2315 1578 ¹⁵Christianus
2349 1512 2410 1565 et
2437 1505 2599 1582 quod

249 1609 307 1662 et
346 1609 431 1662 tu.
524 1601 642 1661 Sed
686 1599 1099 1678 ignorantibus
1146 1602 1435 1663 subicitur
1478 1612 1538 1664 et
1577 1603 1992 1682 ¹⁰inponitur⁸.
2081 1604 2239 1664 Nihil
2283 1605 2439 1666 enim
2486 1606 2598 1666 tale

249 1787 295 1836 6.
334 1788 461 1836 enim
502 1787 692 1846 feceris,
729 1788 819 1835 nisi
855 1782 899 1834 2.
1043 1787 1089 1838 7.
1128 1788 1190 1837 sit
1224 1796 1354 1848 tanta
1392 1805 1431 1838 c.
1570 1788 1617 1838 8.
1657 1790 1765 1838 ideo
1802 1804 1879 1838 ne.
1997 1789 2043 1839 9.
2082 1798 2306 1852 possunt,
2344 1791 2383 1839 si
2421 1790 2594 1840 Eabcd.

246 1855 426 1914 volunt,
463 1855 505 1903 si
543 1855 596 1904 11.
706 1853 783 1903 to.
821 1853 921 1902 Alia
960 1869 1056 1904 non
1094 1855 1271 1919 opinor
1306 1858 1391 1907 Da.
1462 1856 1554 1905 Atii
1590 1871 1687 1906 non
1726 1857 1899 1919 opinor
1935 1850 1979 1903 λ.
2091 1858 2167 1906 11.
2192 1857 2478 1920 Cynopaene
2516 1863 2597 1907 aut

246 1924 323 1982 (D)
357 1927 391 1987 s.
428 1923 620 1972 Huverc.
727 1922 1049 1985 cynopennae
1104 1931 1187 1972 aut
1231 1924 1433 1974 ΑΒΕΓΕ.
1482 1926 1702 1988 Bonyars.
1741 1925 1907 1973 Elnon.
1948 1923 2146 1974 Gaudos.
2184 1925 2358 1987 Ersort.
2403 1926 2593 1976 vindob.

247 1991 536 2054 Cynopenae
585 1997 668 2038 aut
711 1985 799 2038 λαε
846 1991 1040 2050 (Oxou.)
1094 1992 1293 2041 Salmas.
1342 1993 1390 2040 in
1445 1993 1592 2040 Solin.
1640 2009 1687 2056 p.
1737 1991 1852 2040 707.
1950 1990 2183 2054 eyetopes
2239 2001 2321 2043 snt
2367 1995 2410 2041 b.
2468 1993 2596 2041 Fulo.

248 2058 457 2108 Ursinus.
532 2057 851 2119 Cynophanes
887 2065 969 2107 aut
1004 2060 1077 2109 cd.
1187 2057 1264 2107 12.
1302 2060 1566 2122 Sicapodes
1602 2061 1690 2108 BG.
1738 2059 1925 2108 Vindob-
2000 2060 2228 2123 siapodes
2265 2061 2316 2108 D.
2389 2074 2594 2122 sycspo-

246 2125 329 2175 des
356 2127 412 2175 F.
556 2124 634 2173 13.
674 2125 849 2174 facere.
886 2126 955 2174 Tu
996 2126 1140 2174 bomo
1178 2128 1279 2177 abc.
1406 2127 1482 2175 14.
1522 2127 1571 2175 Si
1612 2141 1708 2175 nou
1745 2134 1885 2189 potes
1920 2128 1972 2176 F.
2093 2126 2172 2175 15.
2211 2126 2512 2176 Christianus
2548 2136 2596 2176 et

246 2194 370 2256 qnod
408 2200 457 2241 et
506 2199 558 2242 tu
609 2193 775 2256 ABdef.
885 2193 1187 2243 Christianus
1236 2201 1284 2242 et
1332 2193 1461 2257 quod
1510 2202 1557 2243 ta
1600 2196 1793 2244 Vindob.
1900 2191 2222 2252 Christianae,
2271 2194 2399 2257 quod
2461 2202 2509 2242 et
2543 2202 2594 2244 tu

244 2256 565 2320 DEFfflZkbc.
608 2260 756 2310 Ozon.
793 2259 965 2322 Erfurt.
1099 2261 1177 2311 16.
1215 2262 1477 2325 apponitur
1509 2263 1560 2311 F.

312 2410 354 2443 e.
391 2394 526 2443 Talia
562 2395 779 2442 initiatus
814 2401 863 2443 et
896 2391 1232 2461 consignatus]
1266 2395 1377 2444 Με-
1462 2397 1646 2445 minum
1682 2411 1856 2456 genera
1895 2396 1942 2443 in
1993 2396 2230 2446 maritima
2279 2396 2436 2461 piatea
2476 2397 2596 2448 Car-

244 2457 515 2526 μυημένος
570 2455 665 2508 καὶ
715 2452 1177 2527 ἐσφραγισμένος.
1271 2465 1374 2522 Qua
1461 2464 1669 2525 thaginis
1707 2466 1889 2514 musivo
1939 2463 2065 2526 pieta
2115 2463 2283 2524 fuisse,
2337 2480 2390 2516 ex
2441 2464 2601 2524 libiis,

247 2530 303 2578 de
349 2544 399 2578 re
446 2529 826 2579 observabamus
881 2531 1018 2592 plura
1072 2532 1130 2580 ad
1179 2532 1373 2580 Arnobii
1461 2538 1514 2580 ut
1547 2532 1653 2594 ipse
1688 2531 1769 2591 ait,
1820 2532 2105 2595 deprompta
2139 2531 2268 2580 reiut
2313 2533 2597 2582 curiosioris

247 2597 415 2646 librum
467 2598 663 2646 tertium
715 2591 787 2661 [p.
830 2595 941 2646 130.
980 2598 1055 2647 ed.
1092 2595 1237 2665 Lu),
1293 2598 1375 2648 ubi
1459 2599 1705 2648 historiae.
1743 2597 1954 2662 (Rigalt.)
2002 2598 2144 2648 Recte
2181 2599 2427 2662 Rigaltius.
2501 2599 2595 2649 Sed

248 2667 373 2714 bunc
404 2667 565 2715 locum
601 2665 978 2728 explicabamus.
1017 2666 1251 2727 (Heraid.)
1300 2668 1374 2717 Cf.
1460 2666 1587 2716 iuvat
1620 2668 1798 2717 addere
1835 2668 1977 2718 etiam
1997 2667 2222 2716 Saimasii
2259 2669 2319 2716 de
2356 2669 2596 2731 scriptura

250 2733 358 2781 adv.
391 2733 619 2783 Veientin.
640 2748 749 2796 cap.
781 2733 801 2781 1
844 2734 998 2792 „Nam
1038 2742 1085 2783 et
1118 2734 1199 2783 iila
1229 2735 1373 2785 Eleu·
1461 2734 1555 2784 loci
1592 2736 1840 2795 iudicium,
1890 2734 2019 2797 quod
2055 2737 2312 2798 proposuit
2361 2737 2408 2783 in
2446 2736 2594 2783 Exer-

253 2799 392 2859 siuis,
439 2801 651 2849 haeresis
700 2808 747 2849 et
782 2802 887 2863 ipsa
924 2802 1102 2851 Atticae
1140 2803 1379 2865 supersti·
1466 2803 1563 2852 citt.
1604 2802 1725 2851 Ptin.
1775 2818 1823 2865 p.
1861 2802 2009 2859 707.,
2069 2805 2155 2851 etsi
2206 2817 2302 2851 non
2351 2816 2496 2863 spero
2545 2802 2594 2850 id

252 2865 414 2925 tionis,
447 2868 569 2930 quod
604 2875 780 2929 tacent,
836 2869 996 2931 pudor
1032 2876 1121 2918 est.
1178 2870 1376 2929 „idcirco
1465 2869 1593 2931 apud
1630 2871 1809 2917 multos
1846 2869 2102 2931 probatum
2141 2870 2214 2918 iri.
2271 2871 2593 2932 „Cynopeuoe‚

257 2942 307 2982 et
341 2933 514 2982 aditum
548 2936 680 2997 prius
701 2937 934 2995 cruciant,
971 2938 1147 2987 diutius
1167 2939 1372 2998 inuiam,
1464 2936 1635 2999 inquit,
1670 2946 1783 2987 sunt
1815 2934 2146 2989 κυνοπεῖναι,
2198 2937 2335 2999 qussi
2385 2938 2465 2998 qui
2512 2950 2596 2984 ca-

258 3004 687 3064 φιοηιοοπεὶοπωιι,
723 3018 830 3053 cnm
858 3012 1061 3066 epoptas
1086 3014 1195 3054 ante
1232 3006 1375 3068 quin·
1462 3004 1573 3052 nina
1624 3004 1751 3051 same
1809 3003 2030 3051 iaborent
2081 3017 2233 3065 eoque
2281 3003 2424 3052 edant
2470 3018 2594 3066 quae

258 3069 515 3132 quennium
553 3070 810 3131 instituunt,
861 3080 911 3120 ut
946 3073 1225 3135 opinionem
1261 3087 1375 3122 sus·
1461 3085 1623 3129 canes,
1675 3078 1839 3134 utpote
1889 3069 2125 3132 capitibus
2160 3085 2216 3119 ac
2251 3069 2473 3123 dentibus
2511 3085 2593 3119 ca-

256 3134 431 3198 peudio
476 3136 753 3198 cognitionis
800 3139 1069 3193 aedificent.
1116 3148 1259 3204 atque
1309 3142 1375 3189 ita
1461 3138 1586 3187 uinis
1622 3138 1840 3201 praediti.
1914 3137 1980 3184 ita
2018 3136 2112 3186 hoc
2165 3151 2339 3186 nomen
2388 3150 2592 3200 compo-

254 3210 427 3252 tautsm
483 3205 779 3254 maiestatem
832 3206 1056 3256 exhibere
1107 3208 1373 3267 videantur,
1458 3206 1623 3262 sitnm,
1662 3213 1711 3254 ut
1743 3203 2055 3269 γεωπεῖναι,
2089 3206 2168 3267 qui
2205 3205 2349 3254 iidem
2388 3215 2501 3255 snut
2535 3220 2594 3254 ac

251 3279 470 3334 quantam
526 3281 919 3335 praestruxerunt
976 3275 1370 3337 cupiditatem.“‚
1456 3268 1726 3338 γηφάγοι.
1754 3273 1983 3335 Hesi-cha
2010 3264 2328 3337 „Pqtpdryot,
2348 3268 2586 3331 πένητες,

248 3338 306 3388 ad
341 3354 482 3403 quem
520 3340 680 3390 iocum
718 3341 859 3403 plura
897 3342 1250 3392 adnotabimus.
1458 3334 1729 3404 ἅποροι.“
1798 3341 1962 3390 idem:
2003 3340 2365 3395 „Pewmtvan
2406 3333 2462 3387 οἱ
2490 3338 2596 3403 γῆς

1456 3406 1747 3460 πεινῶντες
1778 3403 1872 3455 καὶ
1907 3399 2344 3473 ἀπορούμενοι.“
2414 3412 2470 3457 At
2504 3420 2591 3455 κυ-

310 3476 340 3524 s.
377 3475 668 3540 Cynopaene
717 3483 799 3524 aut
843 3473 1132 3542 sciapodes]
1202 3478 1373 3539 Magno
1458 3476 1708 3526 νοπεῖναι
1742 3484 1856 3526 sunt
1891 3477 1970 3540 qui
2008 3477 2121 3525 tatia
2158 3477 2304 3526 edunt
2325 3477 2482 3541 qualia
2509 3491 2591 3525 ca-

248 3555 478 3593 consensu
534 3544 648 3592 libri
698 3551 881 3593 veteres
932 3544 1230 3611 Cynopennae
1283 3560 1372 3608 pro
1459 3560 1562 3595 nes.
1635 3545 1800 3594 Latine
1850 3545 2014 3594 extulit
2062 3543 2353 3609 cynopennae,
2408 3551 2460 3593 ut
2505 3536 2591 3591 κὺ-

248 3609 519 3675 Cynopaene,
555 3611 604 3660 id
631 3619 705 3660 est
721 3611 996 3676 Gynopesne.
1034 3614 1236 3676 Cynopes
1251 3613 1374 3662 Ter-
1460 3626 1668 3676 πειρον,
1709 3628 1933 3676 cypenam.
2007 3611 2088 3661 Sic
2123 3612 2481 3676 „emperieticom
2517 3612 2591 3686 [a-

240 3677 435 3728 tuniano
637 3694 709 3737 oe,
746 3686 796 3741 ut
817 3681 1005 3730 Sirenae
1035 3695 1180 3744 snpra
1203 3680 1372 3743 cap.7.
1461 3680 1606 3730 cere“
1664 3681 1788 3743 apud
1843 3679 2057 3729 Caelium
2113 3680 2159 3729 iu
2208 3678 2440 3743 Epistolis
2491 3692 2592 3736 την

241 3739 302 3808 [r.
338 3746 496 3796 iocum
565 3755 617 3795 et
649 3749 882 3797 Amazona
915 3746 1027 3797 Λᾶν.
1064 3748 1209 3798 Marc.
1249 3747 1285 3807 1,
1330 3748 1371 3796 1.
1460 3739 1884 3813 ἐμπεινητικῆν“
1909 3755 2020 3795 cett.
2060 3747 2126 3794 De
2146 3747 2466 3809 Sciapodibus
2493 3745 2590 3793 Re-

239 3813 453 3878 Cynopes
502 3822 669 3863 autem
718 3814 815 3864 sive
862 3815 1087 3879 Cynopae
1135 3824 1247 3864 sunt
1283 3815 1373 3878 Cy·
1461 3816 1621 3879 sycb.:
1651 3808 1998 3891 „wa'qu‘ec
2018 3807 2072 3861 οἱ
2093 3805 2152 3889 ἐξ
2177 3806 2347 3891 Λιβύῃ
2375 3808 2591 3888 πλατεῖς·

236 3882 504 3945 not-ephan,
544 3882 770 3931 homines
806 3884 990 3933 caninis
1026 3898 1077 3933 ca
1117 3882 1278 3941 itibus,
1316 3882 1375 3931 de
1460 3876 1649 3947 ἔχουσι
1681 3875 1809 3934 τοὺς
1841 3876 2017 3933 nodas
2049 3894 2140 3927 και
2173 3893 2397 3927 ποιουσι
2432 3890 2592 3926 oxias·

239 3946 405 4008 quibus
475 3964 533 3999 ex
604 3949 780 4000 iudicis
834 3950 1023 4001 Ctesias
1109 3966 1148 4000 v.
1186 3950 1376 4000 Ctesiae
1462 3943 1650 4001 αὐτοῖς
1699 3942 1759 3997 ἐν
1801 3949 1880 4013 τῷ
1913 3941 2220 4014 καῦματι.“
2291 3947 2462 4011 Stepb.
2498 3947 2588 4024 Ιξς-

239 4013 419 4077 Fragm.
468 4018 544 4067 ed.
602 4017 738 4066 Lion.
794 4017 897 4067 ind.
948 4019 1007 4067 t'r.
1045 4018 1145 4078 20„
1195 4018 1253 4066 fr.
1291 4015 1372 4066 33.
1460 4027 1612 4067 zant.:
1653 4010 2013 4071 ,,Σκιάποδές,
2043 4009 2206 4068 ἔθνος
2237 4007 2586 4068 Αἷθιοπικον,

233 4081 406 4137 (Tzetz.
442 4084 573 4135 Chii.
613 4084 719 4145 vlt,
756 4085 920 4145 714),
958 4086 1017 4135 fr.
1054 4084 1133 4134 34.
1172 4085 1374 4145 (Aeiisn.
1461 4078 1534 4138 ὥς
1569 4079 1852 4137 Ἑκαταῖος·
1909 4077 1970 4131 ἐν
2025 4076 2340 4148 περιηγήσει
2383 4075 2594 4146 Αἷγιῖπ·

232 4148 289 4197 Η.
324 4155 378 4199 Δ.
416 4151 486 4214 tV,
518 4151 661 4212 46),
714 4152 775 4201 fr.
812 4152 896 4201 53.
933 4153 1075 4211 (Geli.
1112 4152 1169 4201 N.
1205 4153 1257 4201 Δ.
1297 4152 1373 4214 ix,
1457 4166 1570 4201 του.
1594 4158 1636 4180 “

224 4215 311 4271 4.).
354 4218 426 4269 Cf.
463 4234 593 4284 quos
628 4219 795 4268 iaudat
828 4220 968 4270 Liou.
1006 4236 1052 4284 p.
1099 4217 1233 4282 ¹89]
1273 4219 1373 4269 Pli-

220 4286 331 4335 nius
370 4284 426 4336 Η.
462 4286 519 4337 Ν.
559 4286 666 4343 VH,
704 4286 771 4343 2..
808 4295 952 4352 atque
998 4288 1075 4337 bis
1123 4287 1371 4349 subiungit
1520 4303 1563 4350 g.
1602 4287 1838 4338 subicitur
1873 4295 1920 4337 et
1953 4283 2222 4350 inponitur]
2260 4286 2362 4336 Hoc
2397 4284 2594 4335 obicere

216 4353 359 4403 etiam
397 4354 699 4420 Sciapodas.
768 4355 926 4405 Habet
971 4362 1130 4405 autem
1175 4355 1371 4405 Tertul-
1453 4363 1703 4418 poterant:
1763 4355 1902 4419 Atqui
1949 4355 2280 4415 ignorantibus
2325 4353 2590 4415 imponitis.

213 4420 374 4473 liunus
412 4439 438 4473 a
480 4423 649 4481 Plinio
690 4434 789 4471 nou
835 4437 1007 4486 pauca.
1075 4424 1369 4485 Augustinus
1456 4424 1622 4482 Quasi,
1657 4422 1827 4487 inquit,
1874 4437 1998 4486 quae
2033 4422 2093 4471 de
2128 4421 2413 4472 Christianis
2449 4434 2590 4469 esse-

114 4516 118 4524 ·
178 4548 189 4559 ‚
213 4504 408 4556 quoque
448 4490 523 4541 De
560 4488 669 4540 Cir.
710 4488 800 4554 Dei
834 4490 946 4551 xvi,
983 4488 1030 4539 8.
1101 4489 1369 4555 Sciapodas
1451 4498 1694 4550 verentur,
1741 4504 1838 4540 uon
1873 4490 1969 4539 siut
2004 4490 2228 4539 omnibus
2264 4495 2389 4537 nota.
2461 4487 2596 4536 Sane

210 4566 437 4611 recenset
475 4565 528 4608 et
577 4568 697 4607 mox
734 4557 1115 4622 cynocephalos.
1186 4559 1377 4608 Notan—
1456 4558 1502 4607 in
1538 4572 1591 4607 re
1626 4565 1882 4622 pervagata
1919 4571 2014 4607 non
2042 4564 2172 4608 esset
2198 4555 2341 4607 facile
2363 4553 2594 4615 cuiquam

210 4626 324 4678 dum
361 4628 551 4684 obiter,
611 4624 745 4690 quod
784 4625 909 4674 idem
946 4626 1234 4688 Augustinus
1272 4634 1373 4675 tra·
1458 4626 1724 4691 imponere.
1762 4624 1997 4687 (Hei-aid.)

208 4692 328 4746 didit
362 4694 672 4746 huiusmodi
708 4693 960 4743 hominum
995 4693 1068 4745 vei
1106 4695 1242 4759 quasi
1280 4694 1373 4744 hoa
1917 4726 1924 4736 ·
