3263 5311
1106 448 1580 498 nomem-icon.
1925 478 1936 491 .
2399 439 2428 500 1
2443 436 2518 501 13

184 600 442 663 iustitiae
486 598 823 679 diligentia·
863 601 925 661 in
965 598 1201 679 publico
1244 608 1344 662 aut
1386 600 1555 662 timet
1595 607 1700 662 aut
1740 600 2034 664 erubescit
2076 601 2373 681 inquirere
2385 600 2423 678 ⁸,
2468 604 2523 666 si

181 702 461 782 denique,
506 700 669 781 quod
711 702 981 780 proxime
1019 701 1247 772 accidit,
1291 700 1633 763 domesticis
1675 700 1984 764 ‘iudiciis‘
2025 702 2236 765 ‘nunis
2281 712 2525 783 operata

184 802 487 865 infestatio
530 802 760 864 'sectae
800 801 1019 863 huius¹¹
1059 801 1346 864 ⁸obstruit
1388 802 1739 877 defensioni,
1795 802 1968 865 liceat
2008 803 2236 866 veritati
2278 793 2370 867 v'el
2413 825 2521 868 oc·

183 905 337 967 culta
378 905 475 965 via
518 903 825 965 tacitarum
877 902 1230 965 litterarum‘
1273 903 1348 965 ad
1400 922 1574 966 aures
1638 911 1866 966 vestras
1921 905 2250 984 pervenire.
2333 906 2523 969 ’Nihil

184 1008 257 1068 de
296 1024 480 1067 causa
525 1023 633 1067 sua
675 1004 1053 1085 deprecatur,
1104 1005 1237 1085 quia
1279 1024 1392 1066 nec
1432 1004 1507 1066 de
1549 1005 2204 1069 condicione'miratur.
2291 1006 2415 1069 Scit
2456 1026 2525 1070 so

186 1106 562 1189 peregrinam
606 1106 669 1168 in
710 1106 888 1169 terris
933 1124 1136 1186 agere,
1180 1106 1337 1167 inter
1378 1114 1691 1169 extraneos
1746 1106 1912 1168 facile
1966 1106 2290 1170 ¹⁰inimicos
2351 1108 2487 1170 inve

189 1210 334 1284 nire,
379 1216 647 1270 ceterum
689 1226 911 1287 genus,
967 1208 1200 1280 sedem,
1256 1225 1454 1288 spem,
1514 1204 1788 1288 gratiam,
1848 1207 2188 1295 dignitatem
2241 1209 2303 1271 in
2347 1209 2525 1272 caelis

189 1310 429 1373 babere.
516 1308 712 1371 Unum
754 1309 933 1389 gestit
972 1308 1287 1382 interdum,
1330 1328 1405 1370 ne
1448 1308 1718 1387 ignorata
1759 1308 2087 1373 damnetur.
2175 1309 2332 1383 Quid
2374 1309 2528 1373 ”bic

194 1412 415 1492 deperit
462 1409 695 1491 legibus
740 1410 801 1471 in
841 1428 952 1471 sno
995 1427 1181 1488 regno
1226 1408 1743 1483 ¹’dominantibu5,
1790 1409 1842 1472 si
1885 1408 2205 1472 audiatur?
2249 1410 2378 1473 ”An
2408 1411 2527 1475 boc

196 1514 371 1593 magis
406 1514 455 1545 ¹⁸
469 1510 819 1591 gloriabitur
862 1511 1178 1591 “potestas
1221 1528 1449 1585 earum,
1494 1510 1665 1590 “quo
1697 1510 1871 1572 etiam
1901 1504 2247 1573 ”auditamk
2277 1511 2522 1574 damna·

198 1614 334 1675 bunt
370 1611 737 1675 veritatem?
823 1611 1099 1675 Ceterum
1130 1611 1455 1673 inauditam
1499 1610 1550 1673 si
1595 1611 1894 1685 damnent,
1959 1620 2195 1691 praeter
2249 1612 2526 1675 invidiam

202 1714 517 1796 iniquitatis
564 1713 739 1776 etiam
780 1713 1179 1794 suspicionem
1220 1712 1605 1775 merebuntur
1645 1711 1890 1774 alicuius
1933 1712 2364 1788 conscientiae,
2406 1732 2525 1776 no·

215 1882 255 1932 5.
285 1884 463 1935 indiciis
503 1885 646 1935 abcd-
684 1884 975 1935 oxoniensis.
1080 1882 1129 1935 6.
1165 1883 1336 1935 animis
1371 1890 1569 1947 operata
1602 1876 1649 1929 λ.
1686 1881 1829 1931 nimis
1864 1889 2059 1932 onerata
2096 1899 2166 1934 cc.
2281 1882 2329 1936 ⁷.
2365 1891 2529 1935 sectae

220 1951 337 2001 huius
368 1952 619 2003 infestatio
656 1946 723 2011 (λ)
741 1953 899 2002 abcde.
1036 1949 1081 2000 8.
1121 1951 1326 2001 obstruit
1375 1951 1493 1999 viam
1532 1950 1705 2000 Eabcd.
1786 1950 1909 1999 viam
1945 1949 2149 1999 obstruit
2183 1951 2236 2001 D.
2320 1951 2530 2002 obstruit

223 2032 270 2066 as
294 2016 332 2067 t
396 2022 566 2070 obstat
600 2020 652 2069 F.
754 2019 803 2070 9.
838 2018 965 2069 Nihil
1000 2018 1082 2068 illa
1119 2019 1179 2068 de
1214 2033 1358 2068 causa
1395 2013 1621 2075 (λιαὸσάε.
1732 2016 1808 2067 10.
1849 2018 2090 2067 inimicum
2129 2019 2177 2068 G.
2298 2018 2375 2068 11.
2416 2020 2528 2069 hinc

227 2081 367 2143 (thie.
470 2086 553 2137 12.
593 2087 932 2137 damnantibus
970 2086 1018 2136 G.
1052 2088 1253 2138 florent.
1360 2084 1438 2136 13.
1474 2088 1543 2133 An
1579 2100 1667 2135 οηι.
1704 2079 1753 2134 λ.
1860 2085 1939 2135 14.
1976 2085 2200 2148 gloriabit
2236 2086 2287 2137 G.
2320 2088 2524 2137 florent.

232 2153 293 2202 15.
322 2163 580 2217 potestates
617 2155 668 2205 G.
778 2154 854 2203 16.
890 2153 1018 2218 quod
1053 2156 1154 2205 obe.
1272 2148 1352 2203 17.
1387 2153 1599 2203 auditam
1630 2152 1952 2218 Aacnffces.
1992 2153 2141 2204 Oxou.
2176 2153 2376 2205 nome.
2421 2156 2526 2205 Am—

232 2222 331 2271 bros.
366 2225 554 2275 Viadob-
626 2222 888 2272 inauditam
923 2217 1126 2282 (2ka

295 2369 331 2404 e.
358 2356 409 2405 de
436 2358 651 2407 iustitiae
684 2352 954 2419 diligentia]
1009 2356 1139 2406 Haec
1170 2355 1314 2407 verba

243 2423 379 2483 spuria
406 2426 672 2475 iodicarunt
705 2423 929 2474 Cuiacius
977 2432 1026 2473 et
1058 2424 1313 2474 Horaldns.

242 2487 402 2541 Niniue
418 2508 520 2543 vero
538 2500 672 2542 sunt.
710 2491 852 2541 Modo
864 2499 1023 2541 struas
1038 2506 1143 2542 cum
1157 2494 1314 2556 inqui-

234 2571 332 2607 rere.
393 2560 758 2609 utitatissimum
795 2566 869 2608 est
901 2560 1026 2609 Afris
1060 2560 1313 2623 scriptori·

233 2624 311 2675 bos
341 2628 393 2677 de
422 2628 831 2692 praepositionem
862 2641 1044 2692 ponere
1067 2628 1108 2677 vi
1132 2628 1313 2678 instru-

231 2695 423 2744 mentali.
485 2697 558 2746 Cl'.
593 2711 717 2762 quae
753 2696 973 2745 adnotavi
1009 2696 1065 2745 ad
1103 2696 1169 2746 De
1188 2697 1313 2761 Spo-

236 2767 346 2809 etae.
378 2777 476 2825 cap.
506 2762 586 2813 25.

306 2842 338 2891 1.
369 2851 445 2892 aut
458 2847 681 2896 erubescit
698 2840 967 2914 inquirere]
988 2846 1316 2898 Observarnnt

244 2915 293 2958 et
321 2908 398 2958 alii
427 2913 703 2973 praesidibus
738 2914 1026 2979 quandoque
1059 2915 1150 2965 vim
1170 2914 1314 2965 veluti

244 2976 411 3025 factam
443 2992 469 3025 a
500 2978 631 3042 vulgo
663 2983 1005 3046 superstitioso,
1042 2997 1197 3048 neque
1226 2997 1312 3031 an-

242 3057 326 3093 aos
370 3059 473 3094 esse
515 3046 572 3096 do
616 3049 948 3114 suppliciorum
984 3049 1232 3100 atrocitate
1267 3050 1316 3098 in

243 3111 523 3164 Christianos
554 3116 795 3181 quiequam
832 3118 1091 3176 remittere,
1141 3126 1223 3168 aut
1254 3117 1316 3167 de

241 3194 391 3229 eornm
411 3182 665 3235 innocentia
684 3185 892 3248 amplius
911 3185 1165 3249 dispicere.
1195 3185 1316 3235 Ter-

236 3247 444 3299 tullianus
474 3266 576 3317 cap.
612 3253 695 3302 ult.
734 3253 878 3302 huius
910 3253 1020 3303 libri
1058 3252 1188 3313 „Sed
1225 3252 1318 3303 hoc

227 3316 368 3378 agite,
415 3319 523 3369 honi
568 3320 853 3384 praesides,
900 3321 1127 3371 meliores
1165 3321 1314 3371 multo

226 3385 341 3449 apud
371 3388 629 3451 populum,
680 3389 721 3438 si
758 3388 855 3437 illis
891 3387 1188 3438 Christianos
1223 3388 1317 3438 im-

226 3453 545 3505 molareritis.“
617 3456 783 3515 Quare
824 3456 947 3505 inter
982 3464 1166 3505 ceteras
1201 3470 1317 3505 cau-

224 3533 295 3569 sas
325 3522 609 3588 iniquitatis,
660 3536 807 3587 quam
855 3523 901 3572 in
939 3522 1320 3574 Christianorum

226 3601 349 3638 cansa
384 3592 695 3654 magistratus
730 3589 1048 3650 adhibebant,
1101 3597 1324 3641 numerat

226 3653 409 3708 lustinus
466 3652 571 3719 τὴν
636 3648 1159 3724 ἇνθρωπαρέσκειαν
1208 3654 1322 3705 τῶν

227 3715 645 3798 ᾆεισιδαιμόνων.
725 3726 908 3776 idcirco
967 3727 1121 3788 igitur,
1159 3726 1320 3775 statim

228 3791 335 3843 initio
350 3795 534 3846 dixerat
550 3793 888 3845 Tertullianus
923 3793 1009 3854 „Si
1046 3808 1142 3843 non
1174 3793 1320 3844 licet“

228 3867 315 3908 cett.
376 3863 501 3913 Sane
538 3864 637 3913 ista
678 3850 1165 3927 ἄνθρωπαρέσκεια
1192 3861 1321 3922 lecit,

226 3933 269 3974 ut
294 3927 462 3980 Pilatus
497 3931 787 3990 Christum,
824 3944 964 3994 quem
1001 3930 1103 3993 ipse
1140 3929 1325 3979 iudica-

222 4001 283 4044 rat
320 3997 661 4057 innocentem,
712 3996 995 4047 ludaeorum
1043 3998 1196 4047 lurori
1232 3998 1324 4047 im-

221 4062 416 4116 molaret.
449 4061 706 4128 (Herald.)

277 4159 315 4208 3.
345 4149 631 4200 domesticis
670 4143 885 4213 indiciis]
920 4148 988 4198 De
1022 4148 1196 4198 horum
1218 4162 1326 4198 vor·

220 4209 370 4266 huam
402 4216 817 4283 interpretatione
852 4230 948 4265 non
984 4216 1102 4266 satis
1120 4223 1326 4275 constat,

221 4293 312 4331 enin
343 4286 454 4348 quid
490 4284 725 4350 proxima
761 4283 986 4333 acciderit
1019 4283 1163 4348 plane
1189 4284 1326 4345 iguo·

218 4359 377 4402 ηοω.
444 4351 704 4404 Heraldns
753 4352 1003 4402 domestico
1034 4353 1212 4402 iudicio
1245 4366 1327 4401 ac-

221 4417 318 4479 cipit
338 4434 425 4483 pro
461 4419 708 4481 „iudiciis
743 4418 938 4482 privatis
959 4427 1005 4468 et
1023 4418 1164 4469 veluti
1186 4432 1328 4483 prae-

220 4480 384 4537 ‘tdiciis
400 4496 449 4537 et
474 4485 986 4553 praesumptionibus,
1022 4487 1196 4551 quibus
1221 4486 1329 4550 quis

223 4547 479 4606 &firmatus
516 4563 571 4606 et
604 4553 758 4604 veluti
795 4553 925 4603 domi
960 4554 1238 4615 instructus,
1280 4554 1328 4603 id

224 4626 283 4668 eat
307 4623 431 4685 apud
466 4638 526 4673 ao
576 4635 870 4687 persuasus,
923 4621 1085 4672 doceri
1130 4635 1184 4671 sa
1231 4635 1327 4671 non

225 4694 358 4746 ”test
388 4690 510 4755 pati,
547 4703 722 4754 neque
755 4687 869 4737 ullis
888 4689 1330 4740 rationibnsasen-

273 4771 591 4822 harum-uun
606 4784 810 4820 onan.
828 4785 1024 4819 onus.
1092 4774 1218 4820 Totn.
1235 4771 1266 4816 1.

1412 2357 1560 2406 tentia
1595 2352 1822 2405 deduci.“
1890 2354 1999 2414 atii,
2039 2354 2121 2419 qni
2157 2356 2531 2406 domesticisn'n-

1414 2425 1552 2474 diciis
1586 2421 1921 2487 reponendum
1957 2437 2065 2472 esse
2100 2431 2285 2486 putant,
2334 2422 2530 2473 intelle·

1413 2499 1531 2554 gunt
1586 2490 1963 2541 domesticorum
2015 2498 2063 2540 et
2109 2505 2353 2540 servornm
2403 2492 2534 2555 apud

1412 2559 1723 2621 magistratus
1770 2558 1818 2608 in
1854 2557 2154 2608 Christianos
2197 2558 2387 2608 indicia.
2457 2559 2531 2609 lta

1414 2627 1491 2676 Fr.
1528 2627 1692 2677 lunius
1729 2634 1776 2677 et
1810 2626 1876 2676 La
1901 2626 2071 2677 Cerda.
2140 2627 2197 2677 At
2232 2626 2414 2677 videtur
2448 2640 2530 2676 re·

1412 2695 1606 2746 tinenda
1656 2696 1893 2759 scriptura
1945 2696 2238 2758 optimorum
2276 2694 2530 2755 librorum,

1414 2777 1504 2812 nec
1550 2763 1721 2823 video,
1769 2776 1856 2811 cur
1901 2762 2164 2811 domestica
2212 2760 2385 2811 iudicia
2431 2775 2532 2811 non

1413 2829 1682 2893 simplicius
1765 2828 1999 2878 eiusmodi
2083 2829 2175 2878 dici
2263 2842 2531 2890 sumamus,

1414 2896 1474 2948 de
1523 2896 1698 2960 quibus
1751 2895 2076 2945 Tertullianus
2148 2895 2272 2944 inira
2329 2909 2432 2959 cap.
2481 2894 2533 2946 3.

1417 2963 1647 3029 loquitur,
1696 2976 1819 3027 quae
1854 2970 1992 3026 pater
2025 2964 2073 3011 in
2109 2962 2279 3021 fllium,
2333 2963 2531 3012 maritus

1416 3032 1466 3082 in
1502 3044 1719 3090 morem,
1756 3029 1980 3079 dominus
2014 3030 2061 3080 in
2098 3044 2264 3079 servos
2296 3029 2532 3080 Christia-

1417 3111 1510 3149 nos
1543 3098 1698 3148 iactos
1734 3104 1938 3147 exercet.

1486 3182 1534 3233 b.
1579 3189 1740 3234 sectae
1785 3175 1952 3246 buius]
1999 3180 2071 3231 lta
2107 3179 2362 3230 Christiani
2410 3181 2534 3232 vitae

1415 3264 1534 3301 suaa
1580 3264 1731 3311 genus
1777 3248 1838 3298 ah
1873 3248 2077 3299 altorum
2113 3248 2341 3299 institutis
2374 3248 2534 3301 diver-

1417 3332 1524 3369 sum
1561 3317 1887 3381 appellarunt·
1927 3315 2163 3379 (Hei-ald.)

1487 3404 1520 3452 i.
1555 3401 1624 3452 rel
1663 3401 1852 3452 occulta
1873 3401 1945 3450 via
1968 3400 2216 3451 tacitarum
2238 3393 2548 3467 litteraruml'

1420 3471 1549 3521 Haec
1594 3483 1653 3518 eo
1703 3469 1851 3518 refert
1898 3468 2155 3518 Morcellus
2207 3469 2303 3517 ΜΓ.
2353 3469 2530 3519 Christ.

1419 3545 1536 3589 tom.
1588 3536 1647 3597 ll,
1696 3551 1744 3600 p.
1796 3536 1909 3594 49.,
1965 3537 2092 3600 quod
2143 3536 2335 3585 nomina
2394 3538 2531 3600 prin·

1420 3607 1599 3669 cipum,
1651 3605 1827 3668 quibus
1873 3604 2156 3668 inscriptum
2191 3604 2253 3653 sit
2288 3603 2531 3667 Apologo-

1418 3674 1584 3733 ticum,
1620 3673 1865 3721 reticuerit
1900 3680 2082 3721 auctor.
2127 3671 2350 3732 Argutius
2386 3685 2532 3735 qnam

1418 3740 1594 3800 verius,
1629 3747 1682 3788 nt
1718 3740 1832 3789 mihi
1867 3738 2066 3788 videtur.
2117 3738 2312 3787 Occulta
2350 3738 2419 3788 via
2455 3746 2533 3787 ta-

1419 3810 1620 3858 citarum
1660 3807 1924 3857 litterarum
1960 3807 2222 3870 opponitur
2259 3805 2397 3855 alteri
2429 3807 2534 3855 viae

1421 3877 1495 3926 illi
1540 3875 1700 3938 palam
1749 3873 2030 3936 dispiciendi
2071 3880 2120 3923 et
2155 3887 2315 3922 coram
2351 3875 2533 3923 exami-

1423 3944 1569 3994 nandi
1603 3942 1717 4007 quid
1751 3943 1815 3991 sit
1848 3941 2028 4005 liquido
2063 3942 2113 3992 iu
2138 3955 2280 3991 causa
2301 3940 2532 3991 Christia-

1423 4025 1613 4063 norum.

1492 4079 1536 4128 k.
1584 4091 1681 4143 qno
1727 4076 1868 4126 etiam
1903 4070 2138 4142 auditam]
2187 4076 2292 4135 Quo
2340 4076 2532 4127 tandem

1425 4146 1570 4198 modo
1607 4147 1765 4207 legum
1800 4137 2078 4193 vestrarum'
2099 4144 2339 4193 minuetur
2366 4152 2534 4195 ancto-

1425 4215 1562 4274 ritas,
1611 4212 1654 4262 si
1690 4212 1947 4262 Christiani
1985 4208 2279 4261 audientur?
2326 4212 2395 4262 An
2422 4214 2532 4277 qnia

1426 4281 1666 4333 inauditos
1691 4280 1921 4329 dammari
1946 4273 2376 4358 βασιλικώτερον
2402 4280 2533 4329 vide-

1424 4357 1503 4401 tur
1535 4342 1629 4396 καὶ
1663 4342 2142 4411 δεσποτικώτερον,
2183 4348 2364 4411 hacque
2395 4349 2442 4396 in
2478 4361 2531 4396 re

1426 4417 1581 4467 maior
1625 4423 1700 4466 est
1746 4423 1793 4464 et
1842 4415 2049 4465 exertior
2085 4415 2241 4477 legum
2279 4409 2535 4477 potestas?

1425 4485 1562 4549 Atqui
1597 4483 1739 4546 longe
1775 4481 2024 4548 amplioris
2060 4491 2201 4548 atque
2237 4481 2377 4530 etiam
2397 4480 2533 4530 solu-

1425 4552 1562 4602 tioris
1596 4552 1849 4615 potestatis
1898 4558 1973 4600 est
2007 4550 2327 4599 innocentiam
2363 4559 2534 4612 quam-

1424 4620 1493 4670 vis
1528 4619 1739 4670 auditam
1772 4633 1829 4669 ac
1857 4617 2111 4684 probatam
2135 4617 2379 4666 damnare.
2416 4613 2533 4677 (fle-

1423 4686 1569 4748 rald.)
