3263 5311
1303 1257 1415 1322 DE

602 1465 2109 1586 IDOLOLATRIA.

376 1960 718 2062 Principale
760 1981 984 2043 crimen
1027 1983 1260 2063 generis
1310 1982 1583 2061 humani,
1656 2001 1923 2046 summus
1991 1982 2238 2047 ¹saeculi
2302 1991 2519 2061 reatus,
2557 2004 2662 2062 cap.
2699 2006 2732 2049 ι.

206 2086 327 2142 tota
367 2096 575 2155 causa?
616 2082 819 2145 iudicii
862 2083 1209 2149 idololatria.
1273 2083 1421 2147 Nam
1464 2086 1575 2147 etsi
1618 2103 1786 2148 suam
1830 2085 2088 2164 speciem
2117 2092 2277 2147 tenet
2304 2104 2522 2149 unum-

205 2183 475 2262 quodque
517 2180 812 2260 affictum,
857 2185 969 2247 etsi
1013 2204 1124 2247 suo
1166 2182 1476 2266 'quoqueb
1518 2187 1761 2248 nomine
1801 2185 2016 2248 iudicio
2059 2186 2419 2263 destinatur,
2463 2187 2526 2249 in

199 2281 562 2346 idololatriae
600 2293 796 2347 tamen
841 2285 1087 2347 erimine
1130 2288 1500 2367 expungitur.
1588 2287 1806 2349 Omitte
1849 2287 2085 2362 titulos,
2128 2284 2380 2367 'opera‘
2420 2306 2546 2359 re-,

196 2403 520 2463 cognosce,
562 2385 898 2448 idololatres
939 2387 1113 2450 ⁴item
1156 2388 1448 2450 homicida
1490 2396 1598 2451 est.
1667 2389 1916 2462 Quaeris
1951 2404 2136 2468 quem
2163 2386 2524 2451 “occiderit?

197 2485 270 2546 Si
320 2486 461 2564 quid
501 2487 573 2547 ad
612 2488 781 2567 elogii
825 2488 1248 2550 ambitionem⁴¹
1287 2491 1442 2563 facit,
1484 2507 1609 2551 non
1652 2498 2013 2564 extraneum,
2056 2508 2169 2551 nec
2198 2489 2523 2563 inimicum,

201 2587 312 2648 sed
354 2587 581 2668 ‘ipsum
623 2609 709 2652 se.
798 2589 1027 2664 Quibus
1069 2589 1350 2658 insidiis?
1393 2590 1612 2653 erroris
1656 2590 1771 2653 sui.
1854 2592 2025 2665 ⁷Quo
2071 2589 2234 2653 telo?
2299 2593 2525 2655 offensa

205 2688 320 2750 dei.
405 2691 561 2764 Quot
599 2691 837 2772 plagis?
881 2701 1171 2774 quotquot
1210 2693 1576 2756 idololatriis.
1652 2693 1767 2765 Qui
1807 2701 1984 2775 negat
2022 2692 2371 2754 idololatren
2411 2711 2521 2772 pe-

204 2788 391 2867 risse,
448 2792 501 2854 is
563 2793 838 2873 ⁸negabit
890 2794 1237 2856 idololatren
1278 2794 1662 2856 homicidium
1702 2792 1939 2856 secisse.
2022 2792 2310 2854 ”Proinde
2352 2792 2521 2854 adul-

186 2891 417 2953 -terium
458 2902 517 2956 et
558 2903 829 2975 stuprum
872 2896 935 2957 in
977 2895 1184 2958 eodem
1228 2913 1654 2976 recognoscas3
1698 2913 1833 2954 nam
1869 2892 1968 2973 qui
2010 2892 2170 2954 salsis
2215 2893 2360 2954 deis,
2388 2911 2520 2953 ser-

215 2991 309 3066 vit,
349 2995 478 3055 sine
517 2996 694 3057 dubio
740 2995 966 3058 adulter
1009 3005 1102 3059 est
1141 2996 1479 3071 ¹⁰veritatis,
1520 2996 1657 3075 quia
1702 3013 1876 3056 omne
1919 2993 2132 3058 falsum
2172 2992 2524 3054 adulterium

222 3101 322 3155 est.
406 3094 506 3157 Sic
546 3105 603 3157 et
641 3098 680 3129 ¹¹
698 3097 765 3158 in
808 3105 1014 3178 stupro
1057 3098 1359 3177 mergitur.
1449 3096 1597 3169 Quis
1642 3094 1800 3157 enim
1847 3093 2164 3156 immundis
2217 3092 2523 3172 spiritibus
2567 3135 2570 3138 >

159 3191 166 3198 ’
224 3192 646 3276 ”cooperator0
683 3215 809 3259 non
852 3198 1328 3280 ”conspurcatus
1394 3204 1454 3259 et
1504 3203 1920 3276 constupratus
1986 3192 2251 3258 incedit?
2335 3192 2525 3273 Atque

142 3363 146 3378 1
224 3294 353 3357 adeo
392 3299 719 3378 scripturae
766 3307 1003 3364 sanctae
1045 3302 1235 3381 stupri
1274 3298 1557 3363 vocabulo
1600 3294 1880 3360 utuntur‘
1917 3296 1978 3358 in
2020 3293 2382 3357 idololatriae
2416 3313 2521 3357 ex.-

222 3397 598 3474 prohratione.
654 3399 898 3463 Fraudis
941 3399 1210 3464 condicio
1254 3419 1323 3464 ea
1364 3401 1405 3434 ¹⁴
1418 3409 1526 3472 est,
1572 3398 1804 3479 opinor,
1851 3398 1903 3459 si
1947 3397 2081 3478 quis
2124 3396 2379 3458 alienum
2419 3416 2520 3457 ra-

344 3515 455 3583 C·p.'
486 3519 526 3569 1.
598 3518 647 3568 1.
682 3519 861 3570 saeculi
892 3518 991 3583 Αβ.
1131 3520 1180 3571 2.
1219 3520 1441 3586 quodque
1474 3519 1551 3571 Fr.
1587 3518 1763 3579 lunius,
1809 3518 1898 3568 Ῑοε.
1935 3518 2154 3581 Scaliger.
2292 3513 2339 3565 3.
2375 3531 2524 3581 opera

220 3582 421 3637 Lochias.
490 3601 670 3650 operas
705 3588 815 3638 libri
847 3605 1015 3638 omnes.
1115 3588 1166 3639 4.
1201 3589 1314 3639 item
1350 3605 1445 3652 eqo.
1517 3587 1643 3637 idem
1682 3587 1791 3636 libri
1823 3601 1994 3636 omnes.
2131 3584 2180 3635 5.
2217 3584 2436 3634 occident
2469 3584 2522 3634 B.

218 3649 264 3700 6.
296 3654 443 3717 ipsum
478 3670 534 3704 se
568 3655 652 3705 Ab.
721 3655 931 3719 seipsum
964 3657 1148 3721 reliqui.
1250 3655 1297 3716 Ἰ.
1335 3655 1463 3721 quod
1499 3655 1594 3705 telo
1629 3652 1742 3719 Αφ.
1864 3652 1911 3704 8.
1947 3653 2132 3722 negavit
2164 3655 2216 3704 A.
2319 3652 2367 3702 9.
2406 3651 2523 3700 Per-

218 3719 317 3769 inde
351 3722 394 3771 C.
522 3722 603 3772 10.
640 3722 862 3785 veritatis,
899 3723 1007 3788 quia
1044 3738 1186 3774 omne
1221 3724 1397 3773 falsum
1432 3721 1718 3773 adulterium
1754 3729 1827 3770 est
1861 3736 1950 3771 ont.
1976 3725 2027 3772 A.
2079 3737 2084 3742 ·
2133 3720 2211 3771 11.
2245 3719 2294 3768 iu
2329 3735 2417 3770 om.
2440 3721 2525 3768 Ab.

220 3786 291 3838 12.
323 3799 608 3854 cooperator
641 3789 802 3853 Aqu.
871 3799 1096 3855 operatus
1140 3791 1286 3841 BCab.
1426 3789 1502 3840 13.
1552 3796 1900 3854 conspurgatus
1935 3793 1986 3839 Α.
2126 3788 2204 3838 14.
2240 3794 2314 3835 est
2347 3801 2435 3836 om.
2471 3789 2525 3835 A.

275 3873 456 3937 cap.1.
528 3890 574 3925 a.
626 3882 725 3924 tota
760 3870 925 3939 causa]
981 3875 1120 3934 Quod
1170 3876 1217 3926 iu
1267 3890 1323 3926 se
1407 3872 1599 3939 saepius
1622 3873 1831 3922 occurrit
1850 3872 1978 3935 apud
1994 3871 2358 3922 Tertullianum.
2392 3870 2522 3933 Apo·

211 3942 536 4005 complectitur
583 3941 773 4002 omnia,
833 3956 954 4007 quae
1002 3943 1051 3992 iu
1098 3943 1321 3993 iudicium
1406 3941 1500 4004 tog.
1538 3956 1641 4004 cap.
1678 3941 1726 3989 7.
1763 3947 1809 3989 et
1841 3940 1967 3989 Natt.
2004 3941 2039 3999 l,
2075 3939 2122 3989 7.
2174 3945 2525 4003 ‚2quantacum-

207 4009 400 4058 venient.
480 4010 571 4059 lllo
629 4010 855 4060 nimirum
904 4011 1116 4075 supremi
1160 4011 1321 4062 iudicii
1407 4024 1500 4074 que
1552 4008 1672 4057 illud
1730 4009 1975 4057 ambitione
2039 4006 2210 4056 diffusa
2270 4004 2384 4055 sit.“
2451 4005 2524 4054 De

211 4076 307 4127 die.
361 4077 569 4139 (Rigalt.)
1404 4078 1555 4130 leiun.
1606 4091 1711 4139 cap.
1751 4073 1829 4124 17.
1880 4074 2020 4136 „lllis
2066 4075 2251 4126 mabilio
2304 4073 2525 4137 corporis

280 4143 328 4193 b.
380 4143 584 4209 quoque]
635 4145 977 4209 Qualecunqne
1022 4145 1071 4196 id
1105 4147 1181 4198 sit.
1250 4146 1320 4196 De
1404 4144 1667 4209 suppetit.“
1746 4143 1816 4192 De
1865 4142 2031 4191 Anima
2094 4157 2197 4206 cap.
2250 4140 2332 4190 25.
2389 4148 2526 4201 „tota

214 4211 355 4264 verbo
405 4227 648 4278 mpuqere
700 4214 764 4263 cf.
816 4227 939 4278 qnae
996 4213 1213 4265 adnotavi
1259 4214 1320 4265 ad
1401 4213 1579 4262 ventris
1614 4213 1800 4262 ambitio
1835 4209 2107 4274 pulsetur.“
2173 4209 2240 4258 De
2274 4209 2397 4271 virg.
2431 4208 2523 4258 Ve-

220 4269 455 4343 Seorpiac.
494 4295 587 4346 cap.
626 4282 711 4332 10.
1404 4280 1534 4330 land.
1570 4294 1672 4343 cap.
1697 4278 1744 4328 8.
1780 4277 2095 4338 „natunliter
2120 4284 2522 4339 consecutusoen·

281 4364 319 4398 c.
362 4346 529 4413 opera]
573 4351 656 4401 Sic
691 4347 1044 4399 restituendum
1079 4355 1197 4399 erat.
1250 4349 1324 4400 Cf.
1406 4350 1621 4399 hittonem
1656 4345 1992 4410 capillorum.“

226 4413 381 4466 initium
416 4420 575 4484 capitis
608 4417 840 4470 secundi.
1473 4429 1518 4466 e.
1550 4410 1858 4479 cooperator]
1897 4412 2123 4463 Revocavi
2142 4413 2382 4476 antiquam
2403 4410 2525 4459 scri-

278 4485 318 4535 d.
344 4486 478 4552 elogii
508 4480 865 4550 ambitionem]
919 4485 1022 4543 Quo
1058 4484 1183 4534 enim
1220 4497 1323 4533 am·-
1405 4490 1609 4550 pturam.
1681 4483 1894 4545 Nequam
1948 4487 1995 4530 et
2046 4480 2275 4530 immundi
2326 4478 2524 4542 spiritus

229 4551 323 4613 ptius
349 4557 568 4623 elogium,
607 4570 676 4606 eo
712 4553 909 4617 gravius
945 4552 1069 4601 solet
1104 4565 1212 4601 esse
1236 4552 1324 4600 de-
1407 4559 1668 4614 operontur
1699 4548 1894 4598 diaholo
1930 4557 1976 4598 et
2010 4549 2246 4608 serviunt,
2293 4546 2405 4597 item
2440 4543 2558 4608 qul.-

233 4617 360 4678 llttntu.
422 4629 489 4681 De
548 4639 680 4678 voce
735 4622 945 4683 elafium
998 4620 1092 4671 dixi
1143 4620 1203 4669 ad
1256 4619 1324 4669 De
1405 4619 1504 4669 illis
1538 4625 1651 4668 sunt
1684 4623 2037 4681 cooperatores.

230 4689 365 4751 Corona
405 4715 512 4766 cap.
574 4697 630 4747 5.
730 4689 937 4743 Ambitio
987 4702 1076 4753 pro
1144 4687 1323 4738 ambitu
1473 4687 1507 4736 f.
1544 4680 1765 4750 utuntur]
1800 4684 1874 4735 Cr.
1907 4683 2077 4734 Ezech-
2111 4680 2274 4732 xxm.

2120 4762 2198 4817 5*
