<?xml version="1.0" encoding="UTF-8"?>
<!DOCTYPE html PUBLIC "-//W3C//DTD XHTML 1.0 Transitional//EN"
    "http://www.w3.org/TR/xhtml1/DTD/xhtml1-transitional.dtd">
<html xmlns="http://www.w3.org/1999/xhtml" xml:lang="en" lang="en">
 <head>
  <title>
</title>
<meta http-equiv="Content-Type" content="text/html;charset=utf-8" />
  <meta name='ocr-system' content='tesseract 3.04.00' />
  <meta name='ocr-capabilities' content='ocr_page ocr_carea ocr_par ocr_line ocrx_word'/>
</head>
<body>
  <div class='ocr_page' id='page_1' title='image "./quintiseptimiif04tertgoog_0940.png"; bbox 0 0 3263 5311; ppageno 0'>
   <div class='ocr_carea' id='block_1_1' title="bbox 69 64 74 389">
    <p class='ocr_par' dir='ltr' id='par_1_1' title="bbox 69 64 74 389">
     <span class='ocr_line' id='line_1_1' title="bbox 69 64 74 389; baseline 0 4922"><span class='ocrx_word' id='word_1_1' title='bbox 69 64 74 389; x_wconf 95' lang='lat' dir='ltr'><strong> </strong></span> 
     </span>
    </p>
   </div>
   <div class='ocr_carea' id='block_1_2' title="bbox 714 429 2546 495">
    <p class='ocr_par' dir='ltr' id='par_1_2' title="bbox 714 429 2546 495">
     <span class='ocr_line' id='line_1_2' title="bbox 714 429 2546 495; baseline -0.008 -1"><span class='ocrx_word' id='word_1_2' title='bbox 714 429 856 494; x_wconf 67' lang='lat'><strong>900¹</strong></span> <span class='ocrx_word' id='word_1_3' title='bbox 1222 436 1425 495; x_wconf 67' lang='lat' dir='ltr'><strong>omnm</strong></span> <span class='ocrx_word' id='word_1_4' title='bbox 1469 440 1732 485; x_wconf 68' lang='lat' dir='ltr'><strong>aarum</strong></span> <span class='ocrx_word' id='word_1_5' title='bbox 1772 439 2107 484; x_wconf 63' lang='lat' dir='ltr'><strong>nonnus</strong></span> <span class='ocrx_word' id='word_1_6' title='bbox 2153 439 2546 483; x_wconf 63' lang='lat' dir='ltr'><strong>reunitum!</strong></span> 
     </span>
    </p>
   </div>
   <div class='ocr_carea' id='block_1_3' title="bbox 713 582 3083 2587">
    <p class='ocr_par' dir='ltr' id='par_1_3' title="bbox 713 582 3083 2587">
     <span class='ocr_line' id='line_1_3' title="bbox 714 582 3071 674; baseline -0.004 -16"><span class='ocrx_word' id='word_1_7' title='bbox 714 594 871 659; x_wconf 88' lang='lat' dir='ltr'><strong>derit</strong></span> <span class='ocrx_word' id='word_1_8' title='bbox 910 598 1262 674; x_wconf 86' lang='lat' dir='ltr'><strong>parentum·</strong></span> <span class='ocrx_word' id='word_1_9' title='bbox 1304 589 1764 672; x_wconf 79' lang='lat' dir='ltr'><strong>procrastinatio</strong></span> <span class='ocrx_word' id='word_1_10' title='bbox 1819 607 1894 652; x_wconf 84' lang='lat' dir='ltr'><strong>ex</strong></span> <span class='ocrx_word' id='word_1_11' title='bbox 1949 588 2240 669; x_wconf 76' lang='lat' dir='ltr'><strong>angustiis</strong></span> <span class='ocrx_word' id='word_1_12' title='bbox 2294 582 2399 651; x_wconf 76' lang='lat' dir='ltr'><strong>vel&#39;</strong></span> <span class='ocrx_word' id='word_1_13' title='bbox 2446 586 2907 667; x_wconf 66' lang='lat' dir='ltr'>scrupulositate</span> <span class='ocrx_word' id='word_1_14' title='bbox 2963 584 3071 649; x_wconf 84' lang='lat' dir='ltr'><strong>de-</strong></span> 
     </span>
     <span class='ocr_line' id='line_1_4' title="bbox 713 687 3063 772; baseline -0.005 -13"><span class='ocrx_word' id='word_1_15' title='bbox 713 693 1039 768; x_wconf 82' lang='lat' dir='ltr'><strong>scendens,</strong></span> <span class='ocrx_word' id='word_1_16' title='bbox 1093 692 1312 755; x_wconf 79' lang='lat' dir='ltr'><strong>viderit</strong></span> <span class='ocrx_word' id='word_1_17' title='bbox 1351 699 1412 755; x_wconf 86' lang='lat' dir='ltr'><strong>et</strong></span> <span class='ocrx_word' id='word_1_18' title='bbox 1452 690 1652 772; x_wconf 85' lang='lat' dir='ltr'><strong>ipsum</strong></span> <span class='ocrx_word' id='word_1_19' title='bbox 1694 689 2096 753; x_wconf 76' lang='lat' dir='ltr'><strong>continentiae</strong></span> <span class='ocrx_word' id='word_1_20' title='bbox 2136 697 2363 751; x_wconf 81' lang='lat' dir='ltr'><strong>votum.</strong></span> <span class='ocrx_word' id='word_1_21' title='bbox 2460 687 2618 751; x_wconf 80' lang='lat' dir='ltr'><strong>Nihil</strong></span> <span class='ocrx_word' id='word_1_22' title='bbox 2672 688 2937 768; x_wconf 75' lang='lat' dir='ltr'><strong>pertinet</strong></span> <span class='ocrx_word' id='word_1_23' title='bbox 2995 688 3063 749; x_wconf 82' lang='lat' dir='ltr'><strong>ad</strong></span> 
     </span>
     <span class='ocr_line' id='line_1_5' title="bbox 716 788 3065 874; baseline -0.004 -16"><span class='ocrx_word' id='word_1_24' title='bbox 716 803 968 859; x_wconf 89' lang='lat' dir='ltr'><strong>aetatem</strong></span> <span class='ocrx_word' id='word_1_25' title='bbox 1031 812 1139 856; x_wconf 90' lang='lat' dir='ltr'><strong>sua</strong></span> <span class='ocrx_word' id='word_1_26' title='bbox 1192 792 1382 874; x_wconf 89' lang='lat' dir='ltr'><strong>spatia</strong></span> <span class='ocrx_word' id='word_1_27' title='bbox 1445 798 1787 855; x_wconf 87' lang='lat' dir='ltr'><strong>currentem</strong></span> <span class='ocrx_word' id='word_1_28' title='bbox 1854 808 2081 873; x_wconf 78' lang='lat' dir='ltr'><strong>suaque</strong></span> <span class='ocrx_word' id='word_1_29' title='bbox 2134 789 2331 852; x_wconf 86' lang='lat' dir='ltr'><strong>debita</strong></span> <span class='ocrx_word' id='word_1_30' title='bbox 2396 789 2719 852; x_wconf 78' lang='lat' dir='ltr'><strong>maturitati</strong></span> <span class='ocrx_word' id='word_1_31' title='bbox 2754 788 3065 850; x_wconf 82' lang='lat' dir='ltr'><strong>luentem.</strong></span> 
     </span>
     <span class='ocr_line' id='line_1_6' title="bbox 713 889 3068 970; baseline -0.003 -12"><span class='ocrx_word' id='word_1_32' title='bbox 713 896 840 959; x_wconf 77' lang='lat' dir='ltr'><strong>Alia</strong></span> <span class='ocrx_word' id='word_1_33' title='bbox 883 896 948 958; x_wconf 93' lang='lat' dir='ltr'><strong>in</strong></span> <span class='ocrx_word' id='word_1_34' title='bbox 989 894 1221 957; x_wconf 89' lang='lat' dir='ltr'><strong>occulto</strong></span> <span class='ocrx_word' id='word_1_35' title='bbox 1265 902 1487 968; x_wconf 84' lang='lat' dir='ltr'><strong>mater,</strong></span> <span class='ocrx_word' id='word_1_36' title='bbox 1531 900 1775 967; x_wconf 87' lang='lat' dir='ltr'><strong>natura,</strong></span> <span class='ocrx_word' id='word_1_37' title='bbox 1818 898 1881 954; x_wconf 89' lang='lat' dir='ltr'><strong>et</strong></span> <span class='ocrx_word' id='word_1_38' title='bbox 1921 890 2072 953; x_wconf 86' lang='lat' dir='ltr'><strong>alius</strong></span> <span class='ocrx_word' id='word_1_39' title='bbox 2118 889 2236 952; x_wconf 62' lang='grc' dir='ltr'><strong>ι*ἱιι</strong></span> <span class='ocrx_word' id='word_1_40' title='bbox 2279 890 2482 954; x_wconf 83' lang='lat' dir='ltr'><strong>latenti</strong></span> <span class='ocrx_word' id='word_1_41' title='bbox 2524 899 2725 970; x_wconf 87' lang='lat' dir='ltr'><strong>pater,</strong></span> <span class='ocrx_word' id='word_1_42' title='bbox 2770 897 3068 969; x_wconf 72' lang='lat' dir='ltr'><strong>tempmr,</strong></span> 
     </span>
     <span class='ocr_line' id='line_1_7' title="bbox 713 988 3067 1075; baseline -0.003 -16"><span class='ocrx_word' id='word_1_43' title='bbox 713 997 892 1060; x_wconf 85' lang='lat' dir='ltr'><strong>ffliam</strong></span> <span class='ocrx_word' id='word_1_44' title='bbox 935 1013 1102 1058; x_wconf 89' lang='lat' dir='ltr'><strong>suam</strong></span> <span class='ocrx_word' id='word_1_45' title='bbox 1154 995 1385 1075; x_wconf 79' lang='lat' dir='ltr'><strong>legibus</strong></span> <span class='ocrx_word' id='word_1_46' title='bbox 1441 994 1570 1056; x_wconf 87' lang='lat' dir='ltr'><strong>suis</strong></span> <span class='ocrx_word' id='word_1_47' title='bbox 1623 993 1995 1055; x_wconf 75' lang='lat' dir='ltr'><strong>maritarunt.</strong></span> <span class='ocrx_word' id='word_1_48' title='bbox 2096 991 2314 1071; x_wconf 79' lang='lat' dir='ltr'><strong>Aspice</strong></span> <span class='ocrx_word' id='word_1_49' title='bbox 2378 1001 2631 1072; x_wconf 77' lang='lat' dir='ltr'><strong>nuptam</strong></span> <span class='ocrx_word' id='word_1_50' title='bbox 2677 988 2799 1052; x_wconf 86' lang='lat' dir='ltr'><strong>iam&#39;</strong></span> <span class='ocrx_word' id='word_1_51' title='bbox 2857 990 3067 1053; x_wconf 73' lang='lat' dir='ltr'><strong>“illam</strong></span> 
     </span>
     <span class='ocr_line' id='line_1_8' title="bbox 713 1091 3068 1177; baseline -0.003 -17"><span class='ocrx_word' id='word_1_52' title='bbox 713 1108 876 1161; x_wconf 86' lang='lat' dir='ltr'><strong>tuam</strong></span> <span class='ocrx_word' id='word_1_53' title='bbox 917 1095 1236 1177; x_wconf 77' lang='lat' dir='ltr'><strong>virginem,</strong></span> <span class='ocrx_word' id='word_1_54' title='bbox 1301 1104 1362 1158; x_wconf 87' lang='lat' dir='ltr'><strong>et</strong></span> <span class='ocrx_word' id='word_1_55' title='bbox 1402 1094 1657 1157; x_wconf 88' lang='lat' dir='ltr'><strong>animam</strong></span> <span class='ocrx_word' id='word_1_56' title='bbox 1704 1092 2167 1174; x_wconf 62' lang='lat' dir='ltr'><strong>¹&#39;expectatione</strong></span> <span class='ocrx_word' id='word_1_57' title='bbox 2222 1100 2284 1155; x_wconf 90' lang='lat' dir='ltr'><strong>et</strong></span> <span class='ocrx_word' id='word_1_58' title='bbox 2337 1110 2578 1155; x_wconf 74' lang='lat' dir='ltr'><strong>carnem</strong></span> <span class='ocrx_word' id='word_1_59' title='bbox 2622 1091 3068 1171; x_wconf 70' lang='lat' dir='ltr'><strong>“transfigura-</strong></span> 
     </span>
     <span class='ocr_line' id='line_1_9' title="bbox 713 1192 3073 1275; baseline -0.002 -14"><span class='ocrx_word' id='word_1_60' title='bbox 713 1200 911 1273; x_wconf 88' lang='lat' dir='ltr'><strong>tione,</strong></span> <span class='ocrx_word' id='word_1_61' title='bbox 977 1197 1071 1259; x_wconf 90' lang='lat' dir='ltr'><strong>cui</strong></span> <span class='ocrx_word' id='word_1_62' title='bbox 1124 1206 1190 1258; x_wconf 90' lang='lat' dir='ltr'><strong>tu</strong></span> <span class='ocrx_word' id='word_1_63' title='bbox 1245 1196 1572 1259; x_wconf 91' lang='lat' dir='ltr'><strong>secundum</strong></span> <span class='ocrx_word' id='word_1_64' title='bbox 1634 1213 1811 1275; x_wconf 87' lang='lat' dir='ltr'><strong>paras</strong></span> <span class='ocrx_word' id='word_1_65' title='bbox 1852 1194 2154 1256; x_wconf 86' lang='lat' dir='ltr'><strong>maritum.</strong></span> <span class='ocrx_word' id='word_1_66' title='bbox 2240 1192 2365 1255; x_wconf 90' lang='lat' dir='ltr'><strong>lam</strong></span> <span class='ocrx_word' id='word_1_67' title='bbox 2422 1202 2483 1255; x_wconf 90' lang='lat' dir='ltr'><strong>et</strong></span> <span class='ocrx_word' id='word_1_68' title='bbox 2537 1212 2650 1254; x_wconf 79' lang='lat' dir='ltr'><strong>vox</strong></span> <span class='ocrx_word' id='word_1_69' title='bbox 2702 1192 3073 1256; x_wconf 72' lang='lat' dir='ltr'><strong>obsolefacta</strong></span> 
     </span>
     <span class='ocr_line' id='line_1_10' title="bbox 717 1293 3073 1376; baseline -0.004 -13"><span class='ocrx_word' id='word_1_70' title='bbox 717 1308 866 1374; x_wconf 56' lang='lat' dir='ltr'><strong>ests,</strong></span> <span class='ocrx_word' id='word_1_71' title='bbox 925 1307 986 1361; x_wconf 89' lang='lat' dir='ltr'><strong>et</strong></span> <span class='ocrx_word' id='word_1_72' title='bbox 1027 1295 1292 1359; x_wconf 88' lang='lat' dir='ltr'><strong>membra</strong></span> <span class='ocrx_word' id='word_1_73' title='bbox 1335 1296 1627 1376; x_wconf 90' lang='lat' dir='ltr'><strong>completa</strong></span> <span class='ocrx_word' id='word_1_74' title='bbox 1674 1303 1845 1370; x_wconf 87' lang='lat' dir='ltr'><strong>sunt,</strong></span> <span class='ocrx_word' id='word_1_75' title='bbox 1913 1305 1976 1357; x_wconf 89' lang='lat' dir='ltr'><strong>et</strong></span> <span class='ocrx_word' id='word_1_76' title='bbox 2025 1294 2223 1375; x_wconf 89' lang='lat' dir='ltr'><strong>pudor</strong></span> <span class='ocrx_word' id='word_1_77' title='bbox 2281 1293 2594 1374; x_wconf 53' lang='lat' dir='ltr'><strong>“tabique</strong></span> <span class='ocrx_word' id='word_1_78' title='bbox 2635 1293 2948 1368; x_wconf 73' lang='lat' dir='ltr'><strong>vestitur‘,</strong></span> <span class='ocrx_word' id='word_1_79' title='bbox 3015 1303 3073 1355; x_wconf 88' lang='lat' dir='ltr'><strong>et</strong></span> 
     </span>
     <span class='ocr_line' id='line_1_11' title="bbox 714 1392 3077 1478; baseline -0.003 -14"><span class='ocrx_word' id='word_1_80' title='bbox 714 1418 954 1464; x_wconf 85' lang='lat' dir='ltr'><strong>menses</strong></span> <span class='ocrx_word' id='word_1_81' title='bbox 995 1399 1215 1462; x_wconf 87' lang='lat' dir='ltr'><strong>tributa</strong></span> <span class='ocrx_word' id='word_1_82' title='bbox 1245 1395 1690 1478; x_wconf 78' lang='lat' dir='ltr'><strong>¹¹⁵&#39;dependunt·,</strong></span> <span class='ocrx_word' id='word_1_83' title='bbox 1721 1392 1807 1458; x_wconf 73' lang='lat' dir='ltr'><strong>&#39;ac</strong></span> <span class='ocrx_word' id='word_1_84' title='bbox 1848 1404 1911 1459; x_wconf 90' lang='lat' dir='ltr'><strong>tu</strong></span> <span class='ocrx_word' id='word_1_85' title='bbox 1955 1395 2265 1458; x_wconf 82' lang='lat' dir='ltr'><strong>mulierem</strong></span> <span class='ocrx_word' id='word_1_86' title='bbox 2306 1412 2492 1474; x_wconf 83' lang='lat' dir='ltr'><strong>negas</strong></span> <span class='ocrx_word' id='word_1_87' title='bbox 2536 1413 2714 1474; x_wconf 88' lang='lat' dir='ltr'><strong>quam</strong></span> <span class='ocrx_word' id='word_1_88' title='bbox 2755 1394 3077 1457; x_wconf 84' lang='lat' dir='ltr'><strong>muliebria</strong></span> 
     </span>
     <span class='ocr_line' id='line_1_12' title="bbox 715 1496 3077 1582; baseline -0.003 -18"><span class='ocrx_word' id='word_1_89' title='bbox 715 1503 838 1582; x_wconf 87' lang='lat' dir='ltr'><strong>pati</strong></span> <span class='ocrx_word' id='word_1_90' title='bbox 881 1497 1071 1563; x_wconf 74' lang='lat' dir='ltr'><strong>dicis?</strong></span> <span class='ocrx_word' id='word_1_91' title='bbox 1158 1498 1223 1560; x_wconf 89' lang='lat' dir='ltr'><strong>Si</strong></span> <span class='ocrx_word' id='word_1_92' title='bbox 1268 1497 1615 1578; x_wconf 79' lang='lat' dir='ltr'><strong>congressio</strong></span> <span class='ocrx_word' id='word_1_93' title='bbox 1674 1496 1784 1560; x_wconf 83' lang='lat' dir='ltr'><strong>viri</strong></span> <span class='ocrx_word' id='word_1_94' title='bbox 1842 1497 2151 1559; x_wconf 86' lang='lat' dir='ltr'><strong>mulierem</strong></span> <span class='ocrx_word' id='word_1_95' title='bbox 2206 1496 2376 1569; x_wconf 76' lang='lat' dir='ltr'><strong>lacit,</strong></span> <span class='ocrx_word' id='word_1_96' title='bbox 2441 1513 2565 1556; x_wconf 92' lang='lat' dir='ltr'><strong>non</strong></span> <span class='ocrx_word' id='word_1_97' title='bbox 2621 1503 2902 1576; x_wconf 80' lang='lat' dir='ltr'><strong>tegantur</strong></span> <span class='ocrx_word' id='word_1_98' title='bbox 2960 1497 3077 1558; x_wconf 83' lang='lat' dir='ltr'><strong>nisi</strong></span> 
     </span>
     <span class='ocr_line' id='line_1_13' title="bbox 714 1596 3075 1683; baseline -0.002 -19"><span class='ocrx_word' id='word_1_99' title='bbox 714 1612 859 1683; x_wconf 85' lang='lat' dir='ltr'><strong>post</strong></span> <span class='ocrx_word' id='word_1_100' title='bbox 899 1602 1090 1682; x_wconf 80' lang='lat' dir='ltr'><strong>ipsam</strong></span> <span class='ocrx_word' id='word_1_101' title='bbox 1133 1598 1475 1680; x_wconf 86' lang='lat' dir='ltr'><strong>nuptiarum</strong></span> <span class='ocrx_word' id='word_1_102' title='bbox 1518 1598 1886 1678; x_wconf 85' lang='lat' dir='ltr'><strong>passionem.</strong></span> <span class='ocrx_word' id='word_1_103' title='bbox 1957 1596 2175 1677; x_wconf 80' lang='lat' dir='ltr'><strong>Atquin</strong></span> <span class='ocrx_word' id='word_1_104' title='bbox 2220 1596 2398 1659; x_wconf 84' lang='lat' dir='ltr'><strong>etiam</strong></span> <span class='ocrx_word' id='word_1_105' title='bbox 2443 1596 2599 1678; x_wconf 90' lang='lat' dir='ltr'><strong>apud</strong></span> <span class='ocrx_word' id='word_1_106' title='bbox 2643 1598 2925 1660; x_wconf 80' lang='lat' dir='ltr'><strong>ethnicos</strong></span> <span class='ocrx_word' id='word_1_107' title='bbox 2973 1617 3075 1660; x_wconf 76' lang='lat' dir='ltr'><strong>ve-</strong></span> 
     </span>
     <span class='ocr_line' id='line_1_14' title="bbox 716 1698 3075 1779; baseline -0.002 -15"><span class='ocrx_word' id='word_1_108' title='bbox 716 1703 868 1765; x_wconf 87' lang='lat' dir='ltr'><strong>latae</strong></span> <span class='ocrx_word' id='word_1_109' title='bbox 912 1701 985 1763; x_wconf 89' lang='lat' dir='ltr'><strong>ad</strong></span> <span class='ocrx_word' id='word_1_110' title='bbox 1028 1701 1219 1762; x_wconf 83' lang='lat' dir='ltr'><strong>virum</strong></span> <span class='ocrx_word' id='word_1_111' title='bbox 1259 1700 1579 1762; x_wconf 87' lang='lat' dir='ltr'><strong>ducuntur.</strong></span> <span class='ocrx_word' id='word_1_112' title='bbox 1690 1698 1756 1760; x_wconf 93' lang='lat' dir='ltr'><strong>Si</strong></span> <span class='ocrx_word' id='word_1_113' title='bbox 1811 1706 2009 1760; x_wconf 90' lang='lat' dir='ltr'><strong>autem</strong></span> <span class='ocrx_word' id='word_1_114' title='bbox 2068 1698 2142 1760; x_wconf 89' lang='lat' dir='ltr'><strong>ad</strong></span> <span class='ocrx_word' id='word_1_115' title='bbox 2198 1698 2726 1779; x_wconf 86' lang='lat' dir='ltr'><strong>desponsationem</strong></span> <span class='ocrx_word' id='word_1_116' title='bbox 2781 1698 3075 1769; x_wconf 77' lang='lat' dir='ltr'><strong>velantur,</strong></span> 
     </span>
     <span class='ocr_line' id='line_1_15' title="bbox 716 1798 3081 1884; baseline -0.002 -19"><span class='ocrx_word' id='word_1_117' title='bbox 716 1805 855 1884; x_wconf 85' lang='lat' dir='ltr'><strong>quia</strong></span> <span class='ocrx_word' id='word_1_118' title='bbox 908 1810 970 1865; x_wconf 90' lang='lat' dir='ltr'><strong>et</strong></span> <span class='ocrx_word' id='word_1_119' title='bbox 1021 1818 1275 1881; x_wconf 85' lang='lat' dir='ltr'><strong>corpore</strong></span> <span class='ocrx_word' id='word_1_120' title='bbox 1327 1807 1392 1861; x_wconf 89' lang='lat' dir='ltr'><strong>et</strong></span> <span class='ocrx_word' id='word_1_121' title='bbox 1446 1799 1663 1879; x_wconf 87' lang='lat' dir='ltr'><strong>spiritu</strong></span> <span class='ocrx_word' id='word_1_122' title='bbox 1718 1799 1984 1861; x_wconf 90' lang='lat' dir='ltr'><strong>masculo</strong></span> <span class='ocrx_word' id='word_1_123' title='bbox 2039 1799 2254 1861; x_wconf 85' lang='lat' dir='ltr'><strong>mixtae</strong></span> <span class='ocrx_word' id='word_1_124' title='bbox 2309 1807 2455 1860; x_wconf 90' lang='lat' dir='ltr'><strong>sunt</strong></span> <span class='ocrx_word' id='word_1_125' title='bbox 2514 1817 2625 1879; x_wconf 90' lang='lat' dir='ltr'><strong>per</strong></span> <span class='ocrx_word' id='word_1_126' title='bbox 2686 1798 2969 1861; x_wconf 81' lang='lat' dir='ltr'><strong>osculum</strong></span> <span class='ocrx_word' id='word_1_127' title='bbox 3022 1809 3081 1861; x_wconf 88' lang='lat' dir='ltr'><strong>et</strong></span> 
     </span>
     <span class='ocr_line' id='line_1_16' title="bbox 717 1898 3081 1981; baseline -0.001 -17"><span class='ocrx_word' id='word_1_128' title='bbox 717 1902 1023 1975; x_wconf 87' lang='lat' dir='ltr'><strong>dexteras,</strong></span> <span class='ocrx_word' id='word_1_129' title='bbox 1086 1918 1199 1981; x_wconf 87' lang='lat' dir='ltr'><strong>per</strong></span> <span class='ocrx_word' id='word_1_130' title='bbox 1239 1917 1391 1979; x_wconf 85' lang='lat' dir='ltr'><strong>quae</strong></span> <span class='ocrx_word' id='word_1_131' title='bbox 1432 1900 1692 1979; x_wconf 88' lang='lat' dir='ltr'><strong>primum</strong></span> <span class='ocrx_word' id='word_1_132' title='bbox 1748 1899 2187 1980; x_wconf 71' lang='lat' dir='ltr'><strong>”resignarunt</strong></span> <span class='ocrx_word' id='word_1_133' title='bbox 2238 1898 2530 1979; x_wconf 85' lang='lat' dir='ltr'><strong>pudorem</strong></span> <span class='ocrx_word' id='word_1_134' title='bbox 2582 1898 2918 1979; x_wconf 50' lang='lat' dir='ltr'><strong>”spiritum</strong></span> <span class='ocrx_word' id='word_1_135' title='bbox 2973 1919 3081 1981; x_wconf 83' lang='lat' dir='ltr'><strong>per</strong></span> 
     </span>
     <span class='ocr_line' id='line_1_17' title="bbox 716 1999 3077 2084; baseline -0 -20"><span class='ocrx_word' id='word_1_136' title='bbox 716 2018 1044 2084; x_wconf 41' lang='lat' dir='ltr'><strong>commune·</strong></span> <span class='ocrx_word' id='word_1_137' title='bbox 1072 2000 1475 2063; x_wconf 87' lang='lat' dir='ltr'><strong>conscientiae</strong></span> <span class='ocrx_word' id='word_1_138' title='bbox 1516 2001 1737 2082; x_wconf 79' lang='lat' dir='ltr'><strong>pignus</strong></span> <span class='ocrx_word' id='word_1_139' title='bbox 1779 2019 1900 2082; x_wconf 83' lang='lat' dir='ltr'><strong>quo</strong></span> <span class='ocrx_word' id='word_1_140' title='bbox 1943 2007 2129 2062; x_wconf 88' lang='lat' dir='ltr'><strong>totam</strong></span> <span class='ocrx_word' id='word_1_141' title='bbox 2174 1999 2567 2062; x_wconf 85' lang='lat' dir='ltr'><strong>condixerunt</strong></span> <span class='ocrx_word' id='word_1_142' title='bbox 2594 2000 3077 2072; x_wconf 79' lang='lat' dir='ltr'><strong>confusionem·.</strong></span> 
     </span>
     <span class='ocr_line' id='line_1_18' title="bbox 715 2101 3079 2183; baseline -0.001 -19"><span class='ocrx_word' id='word_1_143' title='bbox 715 2111 937 2183; x_wconf 77' lang='lat' dir='ltr'><strong>quanto</strong></span> <span class='ocrx_word' id='word_1_144' title='bbox 981 2102 1169 2181; x_wconf 81' lang='lat' dir='ltr'><strong>magis</strong></span> <span class='ocrx_word' id='word_1_145' title='bbox 1214 2110 1452 2182; x_wconf 87' lang='lat' dir='ltr'><strong>tempus</strong></span> <span class='ocrx_word' id='word_1_146' title='bbox 1496 2102 1627 2165; x_wconf 90' lang='lat' dir='ltr'><strong>illas</strong></span> <span class='ocrx_word' id='word_1_147' title='bbox 1672 2102 1921 2178; x_wconf 80' lang='lat' dir='ltr'><strong>velabit,</strong></span> <span class='ocrx_word' id='word_1_148' title='bbox 1966 2102 2099 2163; x_wconf 89' lang='lat' dir='ltr'><strong>sine</strong></span> <span class='ocrx_word' id='word_1_149' title='bbox 2139 2118 2259 2180; x_wconf 87' lang='lat' dir='ltr'><strong>quo</strong></span> <span class='ocrx_word' id='word_1_150' title='bbox 2302 2101 2619 2180; x_wconf 68' lang='lat' dir='ltr'><strong>sponsari*</strong></span> <span class='ocrx_word' id='word_1_151' title='bbox 2655 2119 2780 2163; x_wconf 90' lang='lat' dir='ltr'><strong>non</strong></span> <span class='ocrx_word' id='word_1_152' title='bbox 2812 2109 3079 2183; x_wconf 81' lang='lat' dir='ltr'><strong>possunt</strong></span> 
     </span>
     <span class='ocr_line' id='line_1_19' title="bbox 719 2199 3083 2284; baseline 0 -20"><span class='ocrx_word' id='word_1_153' title='bbox 719 2212 781 2266; x_wconf 89' lang='lat' dir='ltr'><strong>et</strong></span> <span class='ocrx_word' id='word_1_154' title='bbox 823 2221 942 2284; x_wconf 85' lang='lat' dir='ltr'><strong>quo</strong></span> <span class='ocrx_word' id='word_1_155' title='bbox 985 2208 1236 2282; x_wconf 84' lang='lat' dir='ltr'><strong>urgente</strong></span> <span class='ocrx_word' id='word_1_156' title='bbox 1282 2203 1413 2265; x_wconf 88' lang='lat' dir='ltr'><strong>sine</strong></span> <span class='ocrx_word' id='word_1_157' title='bbox 1457 2202 1845 2283; x_wconf 83' lang='lat' dir='ltr'><strong>sponsalibus</strong></span> <span class='ocrx_word' id='word_1_158' title='bbox 1888 2202 2152 2282; x_wconf 79' lang='lat' dir='ltr'><strong>virgines</strong></span> <span class='ocrx_word' id='word_1_159' title='bbox 2195 2201 2481 2264; x_wconf 83' lang='lat' dir='ltr'><strong>desinunt</strong></span> <span class='ocrx_word' id='word_1_160' title='bbox 2521 2199 2707 2264; x_wconf 72' lang='lat' dir='ltr'><strong>esse?</strong></span> <span class='ocrx_word' id='word_1_161' title='bbox 2810 2201 3083 2283; x_wconf 80' lang='lat' dir='ltr'><strong>Tempus</strong></span> 
     </span>
     <span class='ocr_line' id='line_1_20' title="bbox 715 2301 3079 2382; baseline 0.001 -17"><span class='ocrx_word' id='word_1_162' title='bbox 715 2302 890 2365; x_wconf 90' lang='lat' dir='ltr'><strong>etiam</strong></span> <span class='ocrx_word' id='word_1_163' title='bbox 933 2303 1152 2364; x_wconf 86' lang='lat' dir='ltr'><strong>ethnici</strong></span> <span class='ocrx_word' id='word_1_164' title='bbox 1197 2303 1550 2378; x_wconf 85' lang='lat' dir='ltr'><strong>observant,</strong></span> <span class='ocrx_word' id='word_1_165' title='bbox 1595 2312 1666 2365; x_wconf 90' lang='lat' dir='ltr'><strong>ut</strong></span> <span class='ocrx_word' id='word_1_166' title='bbox 1706 2322 1780 2365; x_wconf 83' lang='lat' dir='ltr'><strong>ex</strong></span> <span class='ocrx_word' id='word_1_167' title='bbox 1820 2302 1953 2382; x_wconf 83' lang='lat' dir='ltr'><strong>lege</strong></span> <span class='ocrx_word' id='word_1_168' title='bbox 1992 2310 2239 2364; x_wconf 87' lang='lat' dir='ltr'><strong>naturae</strong></span> <span class='ocrx_word' id='word_1_169' title='bbox 2280 2301 2410 2364; x_wconf 90' lang='lat' dir='ltr'><strong>iura</strong></span> <span class='ocrx_word' id='word_1_170' title='bbox 2452 2322 2559 2364; x_wconf 89' lang='lat' dir='ltr'><strong>sua</strong></span> <span class='ocrx_word' id='word_1_171' title='bbox 2603 2302 2906 2366; x_wconf 83' lang='lat' dir='ltr'><strong>aetatibus</strong></span> <span class='ocrx_word' id='word_1_172' title='bbox 2938 2305 3079 2367; x_wconf 84' lang='lat' dir='ltr'><strong>red-</strong></span> 
     </span>
     <span class='ocr_line' id='line_1_21' title="bbox 714 2402 3079 2484; baseline 0 -18"><span class='ocrx_word' id='word_1_173' title='bbox 714 2405 875 2466; x_wconf 86' lang='lat' dir='ltr'><strong>dant.</strong></span> <span class='ocrx_word' id='word_1_174' title='bbox 961 2403 1110 2465; x_wconf 85' lang='lat' dir='ltr'><strong>Nam</strong></span> <span class='ocrx_word' id='word_1_175' title='bbox 1155 2404 1404 2466; x_wconf 75' lang='lat' dir='ltr'><strong>feminas</strong></span> <span class='ocrx_word' id='word_1_176' title='bbox 1448 2403 1690 2484; x_wconf 86' lang='lat' dir='ltr'><strong>quidem</strong></span> <span class='ocrx_word' id='word_1_177' title='bbox 1743 2421 1777 2465; x_wconf 94' lang='lat' dir='ltr'><strong>a</strong></span> <span class='ocrx_word' id='word_1_178' title='bbox 1821 2403 2134 2465; x_wconf 88' lang='lat' dir='ltr'><strong>duodecim</strong></span> <span class='ocrx_word' id='word_1_179' title='bbox 2189 2402 2397 2477; x_wconf 85' lang='lat' dir='ltr'><strong>annis,</strong></span> <span class='ocrx_word' id='word_1_180' title='bbox 2460 2402 2791 2465; x_wconf 89' lang='lat' dir='ltr'><strong>masculum</strong></span> <span class='ocrx_word' id='word_1_181' title='bbox 2850 2423 3007 2466; x_wconf 75' lang='lat' dir='ltr'><strong>vero</strong></span> <span class='ocrx_word' id='word_1_182' title='bbox 3046 2424 3079 2466; x_wconf 88' lang='lat' dir='ltr'><strong>a</strong></span> 
     </span>
     <span class='ocr_line' id='line_1_22' title="bbox 715 2502 3081 2587; baseline 0.001 -22"><span class='ocrx_word' id='word_1_183' title='bbox 715 2503 951 2566; x_wconf 87' lang='lat' dir='ltr'><strong>duobus</strong></span> <span class='ocrx_word' id='word_1_184' title='bbox 996 2502 1248 2584; x_wconf 87' lang='lat' dir='ltr'><strong>amplius</strong></span> <span class='ocrx_word' id='word_1_185' title='bbox 1285 2503 1358 2566; x_wconf 92' lang='lat' dir='ltr'><strong>ad</strong></span> <span class='ocrx_word' id='word_1_186' title='bbox 1389 2504 1625 2585; x_wconf 79' lang='lat' dir='ltr'><strong>negotia</strong></span> <span class='ocrx_word' id='word_1_187' title='bbox 1655 2502 1931 2578; x_wconf 86' lang='lat' dir='ltr'><strong>mittunt,</strong></span> <span class='ocrx_word' id='word_1_188' title='bbox 1973 2503 2347 2583; x_wconf 80' lang='lat' dir='ltr'><strong>pubertatem</strong></span> <span class='ocrx_word' id='word_1_189' title='bbox 2376 2504 2439 2567; x_wconf 89' lang='lat' dir='ltr'><strong>iu</strong></span> <span class='ocrx_word' id='word_1_190' title='bbox 2468 2503 2672 2578; x_wconf 86' lang='lat' dir='ltr'><strong>annis,</strong></span> <span class='ocrx_word' id='word_1_191' title='bbox 2718 2522 2851 2567; x_wconf 91' lang='lat' dir='ltr'><strong>non</strong></span> <span class='ocrx_word' id='word_1_192' title='bbox 2884 2516 3081 2587; x_wconf 71' lang='lat' dir='ltr'><strong>spon·</strong></span> 
     </span>
    </p>
   </div>
   <div class='ocr_carea' id='block_1_4' title="bbox 717 2689 3089 2823">
    <p class='ocr_par' dir='ltr' id='par_1_4' title="bbox 717 2689 3089 2823">
     <span class='ocr_line' id='line_1_23' title="bbox 717 2689 3089 2754; baseline 0 -13"><span class='ocrx_word' id='word_1_193' title='bbox 717 2689 796 2741; x_wconf 81' lang='lat'><strong>15.</strong></span> <span class='ocrx_word' id='word_1_194' title='bbox 833 2689 1033 2740; x_wconf 85' lang='lat' dir='ltr'><strong>malenti</strong></span> <span class='ocrx_word' id='word_1_195' title='bbox 1065 2689 1152 2741; x_wconf 60' lang='lat' dir='ltr'><strong>AB.</strong></span> <span class='ocrx_word' id='word_1_196' title='bbox 1261 2689 1340 2741; x_wconf 77' lang='lat'><strong>16.</strong></span> <span class='ocrx_word' id='word_1_197' title='bbox 1377 2691 1424 2741; x_wconf 89' lang='lat' dir='ltr'><strong>in</strong></span> <span class='ocrx_word' id='word_1_198' title='bbox 1464 2691 1596 2741; x_wconf 89' lang='lat' dir='ltr'><strong>illam</strong></span> <span class='ocrx_word' id='word_1_199' title='bbox 1633 2690 1757 2742; x_wconf 76' lang='lat' dir='ltr'><strong>ABG.</strong></span> <span class='ocrx_word' id='word_1_200' title='bbox 1841 2692 1889 2741; x_wconf 91' lang='lat' dir='ltr'><strong>in</strong></span> <span class='ocrx_word' id='word_1_201' title='bbox 1928 2689 2009 2741; x_wconf 87' lang='lat' dir='ltr'><strong>illa</strong></span> <span class='ocrx_word' id='word_1_202' title='bbox 2044 2692 2095 2741; x_wconf 76' lang='lat' dir='ltr'><strong>A.</strong></span> <span class='ocrx_word' id='word_1_203' title='bbox 2115 2707 2174 2741; x_wconf 81' lang='grc' dir='ltr'><strong>ιιι.</strong></span> <span class='ocrx_word' id='word_1_204' title='bbox 2197 2707 2287 2742; x_wconf 80' lang='lat' dir='ltr'><strong>sec.</strong></span> <span class='ocrx_word' id='word_1_205' title='bbox 2417 2690 2489 2740; x_wconf 78' lang='lat'><strong>17.</strong></span> <span class='ocrx_word' id='word_1_206' title='bbox 2528 2692 2925 2754; x_wconf 70' lang='lat' dir='ltr'><strong>expectationem</strong></span> <span class='ocrx_word' id='word_1_207' title='bbox 2962 2693 3089 2745; x_wconf 61' lang='lat' dir='ltr'><strong>att</strong></span> 
     </span>
     <span class='ocr_line' id='line_1_24' title="bbox 717 2756 3085 2823; baseline 0.002 -16"><span class='ocrx_word' id='word_1_208' title='bbox 717 2756 797 2808; x_wconf 87' lang='lat'><strong>18.</strong></span> <span class='ocrx_word' id='word_1_209' title='bbox 833 2759 1307 2820; x_wconf 74' lang='lat' dir='ltr'><strong>transfigurationem</strong></span> <span class='ocrx_word' id='word_1_210' title='bbox 1338 2758 1461 2809; x_wconf 70' lang='lat' dir='ltr'><strong>Aac.</strong></span> <span class='ocrx_word' id='word_1_211' title='bbox 1570 2757 1694 2808; x_wconf 69' lang='lat'><strong>1812.</strong></span> <span class='ocrx_word' id='word_1_212' title='bbox 1733 2760 1899 2823; x_wconf 85' lang='lat' dir='ltr'><strong>utique</strong></span> <span class='ocrx_word' id='word_1_213' title='bbox 1934 2760 2108 2810; x_wconf 67' lang='lat' dir='ltr'><strong>Ludos.</strong></span> <span class='ocrx_word' id='word_1_214' title='bbox 2140 2761 2269 2809; x_wconf 77' lang='lat' dir='ltr'><strong>dela</strong></span> <span class='ocrx_word' id='word_1_215' title='bbox 2296 2757 2457 2809; x_wconf 81' lang='lat' dir='ltr'><strong>Cerdo.</strong></span> <span class='ocrx_word' id='word_1_216' title='bbox 2567 2758 2645 2809; x_wconf 92' lang='grc'><strong>19.</strong></span> <span class='ocrx_word' id='word_1_217' title='bbox 2682 2759 2985 2823; x_wconf 76' lang='lat' dir='ltr'><strong>dependunt</strong></span> <span class='ocrx_word' id='word_1_218' title='bbox 3019 2763 3085 2822; x_wconf 54' lang='lat' dir='ltr'><strong>d„</strong></span> 
     </span>
    </p>
   </div>
   <div class='ocr_carea' id='block_1_5' title="bbox 711 2824 3086 2958">
    <p class='ocr_par' dir='ltr' id='par_1_5' title="bbox 711 2824 3086 2958">
     <span class='ocr_line' id='line_1_25' title="bbox 713 2824 3086 2889; baseline 0.001 -13"><span class='ocrx_word' id='word_1_219' title='bbox 713 2826 829 2876; x_wconf 84' lang='lat' dir='ltr'><strong>Petr.</strong></span> <span class='ocrx_word' id='word_1_220' title='bbox 848 2824 1133 2876; x_wconf 73' lang='lat' dir='ltr'><strong>ciacconius.</strong></span> <span class='ocrx_word' id='word_1_221' title='bbox 1205 2826 1476 2878; x_wconf 70' lang='lat' dir='ltr'><strong>defundunt</strong></span> <span class='ocrx_word' id='word_1_222' title='bbox 1498 2826 1588 2877; x_wconf 76' lang='lat' dir='ltr'><strong>los.</strong></span> <span class='ocrx_word' id='word_1_223' title='bbox 1605 2827 1830 2889; x_wconf 70' lang='lat' dir='ltr'><strong>Scaliyer.</strong></span> <span class='ocrx_word' id='word_1_224' title='bbox 1903 2825 2170 2876; x_wconf 76' lang='lat' dir='ltr'><strong>detendunt</strong></span> <span class='ocrx_word' id='word_1_225' title='bbox 2202 2827 2414 2878; x_wconf 64' lang='lat' dir='ltr'><strong>Aestate.</strong></span> <span class='ocrx_word' id='word_1_226' title='bbox 2449 2827 2569 2877; x_wconf 76' lang='lat' dir='ltr'><strong>liber</strong></span> <span class='ocrx_word' id='word_1_227' title='bbox 2585 2828 2911 2878; x_wconf 63' lang='lat' dir='ltr'><strong>Diaiounsia.</strong></span> <span class='ocrx_word' id='word_1_228' title='bbox 3003 2827 3086 2878; x_wconf 75' lang='grc'><strong>20.</strong></span> 
     </span>
     <span class='ocr_line' id='line_1_26' title="bbox 711 2892 2029 2958; baseline 0.001 -16"><span class='ocrx_word' id='word_1_229' title='bbox 711 2893 1017 2954; x_wconf 75' lang='lat' dir='ltr'><strong>resignarent</strong></span> <span class='ocrx_word' id='word_1_230' title='bbox 1050 2892 1099 2941; x_wconf 86' lang='lat' dir='ltr'><strong>B.</strong></span> <span class='ocrx_word' id='word_1_231' title='bbox 1206 2892 1288 2943; x_wconf 88' lang='grc'><strong>21.</strong></span> <span class='ocrx_word' id='word_1_232' title='bbox 1325 2893 1526 2958; x_wconf 80' lang='lat' dir='ltr'><strong>spiritua</strong></span> <span class='ocrx_word' id='word_1_233' title='bbox 1563 2895 1628 2956; x_wconf 70' lang='grc'><strong>(1.,</strong></span> <span class='ocrx_word' id='word_1_234' title='bbox 1667 2894 1798 2944; x_wconf 75' lang='lat' dir='ltr'><strong>Fulv-</strong></span> <span class='ocrx_word' id='word_1_235' title='bbox 1822 2893 2029 2943; x_wconf 72' lang='lat' dir='ltr'><strong>Ursinus.</strong></span> 
     </span>
    </p>
   </div>
   <div class='ocr_carea' id='block_1_6' title="bbox 707 3021 3099 3630">
    <p class='ocr_par' dir='ltr' id='par_1_6' title="bbox 707 3021 3095 3497">
     <span class='ocr_line' id='line_1_27' title="bbox 781 3021 3091 3094; baseline 0.003 -19"><span class='ocrx_word' id='word_1_236' title='bbox 781 3040 827 3076; x_wconf 92' lang='lat' dir='ltr'><strong>o.</strong></span> <span class='ocrx_word' id='word_1_237' title='bbox 863 3024 1034 3076; x_wconf 81' lang='lat' dir='ltr'><strong>viderit</strong></span> <span class='ocrx_word' id='word_1_238' title='bbox 1066 3021 1348 3091; x_wconf 88' lang='lat' dir='ltr'><strong>parentum]</strong></span> <span class='ocrx_word' id='word_1_239' title='bbox 1401 3026 1690 3078; x_wconf 67' lang='lat' dir='ltr'><strong>particulam</strong></span> <span class='ocrx_word' id='word_1_240' title='bbox 1738 3036 1836 3090; x_wconf 73' lang='lat' dir='ltr'><strong>cut,</strong></span> <span class='ocrx_word' id='word_1_241' title='bbox 2008 3035 2043 3077; x_wconf 85' lang='lat' dir='ltr'><strong>t.</strong></span> <span class='ocrx_word' id='word_1_242' title='bbox 2080 3027 2387 3088; x_wconf 74' lang='lat' dir='ltr'><strong>resignarunt</strong></span> <span class='ocrx_word' id='word_1_243' title='bbox 2422 3028 2657 3091; x_wconf 80' lang='lat' dir='ltr'><strong>pudorem</strong></span> <span class='ocrx_word' id='word_1_244' title='bbox 2704 3026 2922 3092; x_wconf 76' lang='lat' dir='ltr'><strong>spiritu]</strong></span> <span class='ocrx_word' id='word_1_245' title='bbox 2978 3032 3091 3094; x_wconf 66' lang='lat' dir='ltr'><strong>spi·</strong></span> 
     </span>
     <span class='ocr_line' id='line_1_28' title="bbox 714 3088 3089 3158; baseline 0.001 -14"><span class='ocrx_word' id='word_1_246' title='bbox 714 3107 857 3158; x_wconf 82' lang='lat' dir='ltr'><strong>quam</strong></span> <span class='ocrx_word' id='word_1_247' title='bbox 894 3093 1006 3143; x_wconf 87' lang='lat' dir='ltr'><strong>libri</strong></span> <span class='ocrx_word' id='word_1_248' title='bbox 1043 3101 1226 3143; x_wconf 79' lang='lat' dir='ltr'><strong>veteres</strong></span> <span class='ocrx_word' id='word_1_249' title='bbox 1262 3088 1481 3144; x_wconf 79' lang='lat' dir='ltr'><strong>inserudt</strong></span> <span class='ocrx_word' id='word_1_250' title='bbox 1527 3103 1638 3145; x_wconf 81' lang='lat' dir='ltr'><strong>ante</strong></span> <span class='ocrx_word' id='word_1_251' title='bbox 1672 3108 1838 3145; x_wconf 76' lang='lat' dir='ltr'><strong>vocem</strong></span> <span class='ocrx_word' id='word_1_252' title='bbox 1939 3096 2052 3156; x_wconf 75' lang='lat' dir='ltr'><strong>ritu,</strong></span> <span class='ocrx_word' id='word_1_253' title='bbox 2092 3108 2182 3157; x_wconf 88' lang='lat' dir='ltr'><strong>pro</strong></span> <span class='ocrx_word' id='word_1_254' title='bbox 2218 3109 2316 3158; x_wconf 85' lang='lat' dir='ltr'><strong>quo</strong></span> <span class='ocrx_word' id='word_1_255' title='bbox 2354 3095 2586 3156; x_wconf 74' lang='lat' dir='ltr'><strong>Rigaltius</strong></span> <span class='ocrx_word' id='word_1_256' title='bbox 2634 3109 2746 3145; x_wconf 85' lang='lat' dir='ltr'><strong>cum</strong></span> <span class='ocrx_word' id='word_1_257' title='bbox 2787 3097 2971 3146; x_wconf 70' lang='lat' dir='ltr'><strong>Fulvio</strong></span> <span class='ocrx_word' id='word_1_258' title='bbox 2996 3100 3089 3147; x_wconf 72' lang='lat' dir='ltr'><strong>Ur-</strong></span> 
     </span>
     <span class='ocr_line' id='line_1_29' title="bbox 707 3161 3091 3226; baseline 0.002 -15"><span class='ocrx_word' id='word_1_259' title='bbox 707 3168 968 3226; x_wconf 68' lang='lat' dir='ltr'><strong>parentino,</strong></span> <span class='ocrx_word' id='word_1_260' title='bbox 1022 3170 1180 3210; x_wconf 87' lang='lat' dir='ltr'><strong>natam</strong></span> <span class='ocrx_word' id='word_1_261' title='bbox 1230 3168 1349 3224; x_wconf 83' lang='lat' dir='ltr'><strong>puto</strong></span> <span class='ocrx_word' id='word_1_262' title='bbox 1399 3174 1456 3210; x_wconf 83' lang='lat' dir='ltr'><strong>ex</strong></span> <span class='ocrx_word' id='word_1_263' title='bbox 1504 3161 1690 3226; x_wconf 72' lang='lat' dir='ltr'><strong>syllaba</strong></span> <span class='ocrx_word' id='word_1_264' title='bbox 1738 3170 1834 3224; x_wconf 72' lang='lat' dir='ltr'><strong>ont,</strong></span> <span class='ocrx_word' id='word_1_265' title='bbox 1941 3161 2049 3210; x_wconf 85' lang='lat' dir='ltr'><strong>sino</strong></span> <span class='ocrx_word' id='word_1_266' title='bbox 2086 3161 2236 3211; x_wconf 86' lang='lat' dir='ltr'><strong>edidit</strong></span> <span class='ocrx_word' id='word_1_267' title='bbox 2268 3164 2475 3226; x_wconf 72' lang='lat' dir='ltr'><strong>spiritus,</strong></span> <span class='ocrx_word' id='word_1_268' title='bbox 2531 3163 2716 3226; x_wconf 86' lang='lat' dir='ltr'><strong>accipio</strong></span> <span class='ocrx_word' id='word_1_269' title='bbox 2764 3177 2863 3226; x_wconf 86' lang='lat' dir='ltr'><strong>pro</strong></span> <span class='ocrx_word' id='word_1_270' title='bbox 2906 3164 3091 3215; x_wconf 73' lang='lat' dir='ltr'><strong>dativo.</strong></span> 
     </span>
     <span class='ocr_line' id='line_1_30' title="bbox 712 3228 3091 3293; baseline 0.002 -17"><span class='ocrx_word' id='word_1_271' title='bbox 712 3242 740 3277; x_wconf 93' lang='lat' dir='ltr'><strong>a</strong></span> <span class='ocrx_word' id='word_1_272' title='bbox 777 3229 1009 3289; x_wconf 78' lang='lat' dir='ltr'><strong>magistro</strong></span> <span class='ocrx_word' id='word_1_273' title='bbox 1035 3230 1393 3293; x_wconf 75' lang='lat' dir='ltr'><strong>⁸superscripta,</strong></span> <span class='ocrx_word' id='word_1_274' title='bbox 1446 3229 1528 3292; x_wconf 78' lang='lat' dir='ltr'><strong>qui</strong></span> <span class='ocrx_word' id='word_1_275' title='bbox 1579 3243 1673 3292; x_wconf 87' lang='lat' dir='ltr'><strong>pro</strong></span> <span class='ocrx_word' id='word_1_276' title='bbox 1706 3232 1839 3280; x_wconf 73' lang='lat' dir='ltr'><strong>eide-</strong></span> <span class='ocrx_word' id='word_1_277' title='bbox 1940 3228 2187 3292; x_wconf 55' lang='lat' dir='ltr'><strong>nunquan</strong></span> <span class='ocrx_word' id='word_1_278' title='bbox 2219 3230 2419 3293; x_wconf 86' lang='lat' dir='ltr'><strong>proprie</strong></span> <span class='ocrx_word' id='word_1_279' title='bbox 2456 3238 2532 3279; x_wconf 79' lang='lat' dir='ltr'><strong>est</strong></span> <span class='ocrx_word' id='word_1_280' title='bbox 2564 3229 2773 3288; x_wconf 77' lang='lat' dir='ltr'><strong>solvere,</strong></span> <span class='ocrx_word' id='word_1_281' title='bbox 2812 3229 3007 3282; x_wconf 80' lang='lat' dir='ltr'><strong>deinde</strong></span> <span class='ocrx_word' id='word_1_282' title='bbox 3043 3240 3091 3281; x_wconf 81' lang='lat' dir='ltr'><strong>et</strong></span> 
     </span>
     <span class='ocr_line' id='line_1_31' title="bbox 710 3294 3087 3359; baseline 0.002 -13"><span class='ocrx_word' id='word_1_283' title='bbox 710 3297 808 3346; x_wconf 73' lang='lat' dir='ltr'><strong>n‘nt</strong></span> <span class='ocrx_word' id='word_1_284' title='bbox 843 3294 1011 3344; x_wconf 88' lang='lat' dir='ltr'><strong>maluit</strong></span> <span class='ocrx_word' id='word_1_285' title='bbox 1028 3297 1254 3345; x_wconf 63' lang='lat' dir='ltr'><strong>viduant.</strong></span> <span class='ocrx_word' id='word_1_286' title='bbox 1305 3296 1556 3359; x_wconf 60' lang='lat' dir='ltr'><strong>Aeminius</strong></span> <span class='ocrx_word' id='word_1_287' title='bbox 1579 3296 1838 3347; x_wconf 79' lang='lat' dir='ltr'><strong>Rhenanus</strong></span> <span class='ocrx_word' id='word_1_288' title='bbox 1939 3295 2123 3344; x_wconf 72' lang='lat' dir='ltr'><strong>violare</strong></span> <span class='ocrx_word' id='word_1_289' title='bbox 2157 3302 2208 3345; x_wconf 88' lang='lat' dir='ltr'><strong>et</strong></span> <span class='ocrx_word' id='word_1_290' title='bbox 2241 3297 2454 3356; x_wconf 88' lang='lat' dir='ltr'><strong>laedere,</strong></span> <span class='ocrx_word' id='word_1_291' title='bbox 2506 3311 2597 3347; x_wconf 87' lang='lat' dir='ltr'><strong>nec</strong></span> <span class='ocrx_word' id='word_1_292' title='bbox 2632 3298 2786 3346; x_wconf 87' lang='lat' dir='ltr'><strong>semel</strong></span> <span class='ocrx_word' id='word_1_293' title='bbox 2828 3300 2933 3349; x_wconf 83' lang='lat' dir='ltr'><strong>bae</strong></span> <span class='ocrx_word' id='word_1_294' title='bbox 2970 3315 3087 3350; x_wconf 76' lang='lat' dir='ltr'><strong>een·</strong></span> 
     </span>
     <span class='ocr_line' id='line_1_32' title="bbox 710 3362 3095 3429; baseline 0.001 -17"><span class='ocrx_word' id='word_1_295' title='bbox 710 3370 842 3413; x_wconf 81' lang='lat' dir='ltr'><strong>recte</strong></span> <span class='ocrx_word' id='word_1_296' title='bbox 878 3362 1083 3426; x_wconf 82' lang='lat' dir='ltr'><strong>explicat</strong></span> <span class='ocrx_word' id='word_1_297' title='bbox 1115 3363 1396 3413; x_wconf 80' lang='lat' dir='ltr'><strong>tenuitatem</strong></span> <span class='ocrx_word' id='word_1_298' title='bbox 1433 3363 1713 3414; x_wconf 72' lang='lat' dir='ltr'><strong>facultatum</strong></span> <span class='ocrx_word' id='word_1_299' title='bbox 1749 3378 1837 3415; x_wconf 84' lang='lat' dir='ltr'><strong>aen</strong></span> <span class='ocrx_word' id='word_1_300' title='bbox 1939 3363 2085 3412; x_wconf 82' lang='lat' dir='ltr'><strong>tantia</strong></span> <span class='ocrx_word' id='word_1_301' title='bbox 2122 3377 2181 3411; x_wconf 92' lang='lat' dir='ltr'><strong>eo</strong></span> <span class='ocrx_word' id='word_1_302' title='bbox 2218 3365 2363 3419; x_wconf 78' lang='lat' dir='ltr'><strong>verbo</strong></span> <span class='ocrx_word' id='word_1_303' title='bbox 2399 3378 2516 3414; x_wconf 83' lang='lat' dir='ltr'><strong>usus</strong></span> <span class='ocrx_word' id='word_1_304' title='bbox 2553 3371 2627 3414; x_wconf 74' lang='lat' dir='ltr'><strong>est</strong></span> <span class='ocrx_word' id='word_1_305' title='bbox 2656 3365 2963 3429; x_wconf 73' lang='lat' dir='ltr'><strong>Septimius.</strong></span> <span class='ocrx_word' id='word_1_306' title='bbox 3012 3368 3095 3418; x_wconf 66' lang='grc' dir='ltr'><strong>Εἴ.</strong></span> 
     </span>
     <span class='ocr_line' id='line_1_33' title="bbox 714 3429 3093 3497; baseline 0.002 -17"><span class='ocrx_word' id='word_1_307' title='bbox 714 3431 1032 3480; x_wconf 71' lang='lat' dir='ltr'><strong>fortunarum.</strong></span> <span class='ocrx_word' id='word_1_308' title='bbox 1938 3430 2007 3478; x_wconf 77' lang='lat' dir='ltr'><strong>Ad</strong></span> <span class='ocrx_word' id='word_1_309' title='bbox 2044 3429 2168 3481; x_wconf 82' lang='lat' dir='ltr'><strong>Natt.</strong></span> <span class='ocrx_word' id='word_1_310' title='bbox 2204 3430 2242 3492; x_wconf 88' lang='grc' dir='ltr'><strong>Ι,</strong></span> <span class='ocrx_word' id='word_1_311' title='bbox 2279 3430 2327 3480; x_wconf 75' lang='grc'><strong>5.</strong></span> <span class='ocrx_word' id='word_1_312' title='bbox 2400 3431 2465 3481; x_wconf 80' lang='lat' dir='ltr'><strong>De</strong></span> <span class='ocrx_word' id='word_1_313' title='bbox 2503 3431 2635 3482; x_wconf 85' lang='lat' dir='ltr'><strong>Orat.</strong></span> <span class='ocrx_word' id='word_1_314' title='bbox 2688 3446 2799 3497; x_wconf 79' lang='lat' dir='ltr'><strong>cap.</strong></span> <span class='ocrx_word' id='word_1_315' title='bbox 2832 3433 2935 3484; x_wconf 75' lang='lat'><strong>22.</strong></span> <span class='ocrx_word' id='word_1_316' title='bbox 3020 3435 3093 3484; x_wconf 73' lang='lat' dir='ltr'><strong>na</strong></span> 
     </span>
    </p>

    <p class='ocr_par' dir='ltr' id='par_1_7' title="bbox 713 3494 3099 3630">
     <span class='ocr_line' id='line_1_34' title="bbox 781 3494 3091 3564; baseline 0.003 -19"><span class='ocrx_word' id='word_1_317' title='bbox 781 3511 841 3564; x_wconf 87' lang='lat' dir='ltr'><strong>p.</strong></span> <span class='ocrx_word' id='word_1_318' title='bbox 867 3504 916 3547; x_wconf 89' lang='lat' dir='ltr'><strong>et</strong></span> <span class='ocrx_word' id='word_1_319' title='bbox 949 3497 1076 3547; x_wconf 85' lang='lat' dir='ltr'><strong>alius</strong></span> <span class='ocrx_word' id='word_1_320' title='bbox 1113 3497 1163 3546; x_wconf 91' lang='lat' dir='ltr'><strong>in</strong></span> <span class='ocrx_word' id='word_1_321' title='bbox 1200 3496 1366 3548; x_wconf 88' lang='lat' dir='ltr'><strong>latenti</strong></span> <span class='ocrx_word' id='word_1_322' title='bbox 1414 3503 1569 3560; x_wconf 88' lang='lat' dir='ltr'><strong>pater,</strong></span> <span class='ocrx_word' id='word_1_323' title='bbox 1616 3494 1836 3562; x_wconf 84' lang='lat' dir='ltr'><strong>tempus]</strong></span> <span class='ocrx_word' id='word_1_324' title='bbox 1940 3496 2121 3546; x_wconf 81' lang='lat' dir='ltr'><strong>Paenit.</strong></span> <span class='ocrx_word' id='word_1_325' title='bbox 2141 3511 2244 3561; x_wconf 87' lang='lat' dir='ltr'><strong>cap.</strong></span> <span class='ocrx_word' id='word_1_326' title='bbox 2261 3497 2309 3547; x_wconf 84' lang='lat'><strong>5.</strong></span> <span class='ocrx_word' id='word_1_327' title='bbox 2357 3498 2426 3548; x_wconf 86' lang='lat' dir='ltr'><strong>De</strong></span> <span class='ocrx_word' id='word_1_328' title='bbox 2463 3499 2604 3549; x_wconf 84' lang='lat' dir='ltr'><strong>Cultu</strong></span> <span class='ocrx_word' id='word_1_329' title='bbox 2642 3499 2777 3550; x_wconf 77' lang='lat' dir='ltr'><strong>Fem.</strong></span> <span class='ocrx_word' id='word_1_330' title='bbox 2816 3501 2858 3561; x_wconf 84' lang='lat' dir='ltr'><strong>t,</strong></span> <span class='ocrx_word' id='word_1_331' title='bbox 2888 3503 2938 3551; x_wconf 94' lang='grc'><strong>1.</strong></span> <span class='ocrx_word' id='word_1_332' title='bbox 2990 3502 3091 3552; x_wconf 76' lang='lat' dir='ltr'><strong>Lu·</strong></span> 
     </span>
     <span class='ocr_line' id='line_1_35' title="bbox 713 3563 3099 3630; baseline 0.003 -16"><span class='ocrx_word' id='word_1_333' title='bbox 713 3563 788 3614; x_wconf 86' lang='lat' dir='ltr'><strong>Cl.</strong></span> <span class='ocrx_word' id='word_1_334' title='bbox 835 3577 958 3627; x_wconf 85' lang='lat' dir='ltr'><strong>quae</strong></span> <span class='ocrx_word' id='word_1_335' title='bbox 1006 3578 1155 3628; x_wconf 84' lang='lat' dir='ltr'><strong>supra</strong></span> <span class='ocrx_word' id='word_1_336' title='bbox 1204 3564 1441 3628; x_wconf 74' lang='lat' dir='ltr'><strong>adscripsi</strong></span> <span class='ocrx_word' id='word_1_337' title='bbox 1487 3579 1544 3614; x_wconf 81' lang='lat' dir='ltr'><strong>ex</strong></span> <span class='ocrx_word' id='word_1_338' title='bbox 1592 3565 1718 3615; x_wconf 88' lang='lat' dir='ltr'><strong>libro</strong></span> <span class='ocrx_word' id='word_1_339' title='bbox 1769 3565 1837 3616; x_wconf 85' lang='lat' dir='ltr'><strong>De</strong></span> <span class='ocrx_word' id='word_1_340' title='bbox 1939 3563 2087 3613; x_wconf 84' lang='lat' dir='ltr'><strong>cilina</strong></span> <span class='ocrx_word' id='word_1_341' title='bbox 2126 3567 2355 3629; x_wconf 59' lang='lat' dir='ltr'><strong>signum</strong></span> <span class='ocrx_word' id='word_1_342' title='bbox 2386 3569 2609 3630; x_wconf 51' lang='lat' dir='ltr'><strong>supinam</strong></span> <span class='ocrx_word' id='word_1_343' title='bbox 2663 3567 2786 3618; x_wconf 80' lang='lat' dir='ltr'><strong>dixit</strong></span> <span class='ocrx_word' id='word_1_344' title='bbox 2828 3569 3099 3620; x_wconf 55' lang='lat' dir='ltr'><strong>denum</strong></span> 
     </span>
    </p>
   </div>
   <div class='ocr_carea' id='block_1_7' title="bbox 711 3631 3097 3837">
    <p class='ocr_par' dir='ltr' id='par_1_8' title="bbox 711 3631 3097 3837">
     <span class='ocr_line' id='line_1_36' title="bbox 715 3631 3097 3700; baseline 0.002 -18"><span class='ocrx_word' id='word_1_345' title='bbox 715 3631 963 3682; x_wconf 81' lang='lat' dir='ltr'><strong>oratioue.</strong></span> <span class='ocrx_word' id='word_1_346' title='bbox 1938 3631 2157 3681; x_wconf 79' lang='lat' dir='ltr'><strong>illaesam</strong></span> <span class='ocrx_word' id='word_1_347' title='bbox 2195 3639 2245 3681; x_wconf 90' lang='lat' dir='ltr'><strong>et</strong></span> <span class='ocrx_word' id='word_1_348' title='bbox 2278 3633 2550 3684; x_wconf 76' lang='lat' dir='ltr'><strong>inviolatam</strong></span> <span class='ocrx_word' id='word_1_349' title='bbox 2588 3635 2670 3684; x_wconf 85' lang='lat' dir='ltr'><strong>lib.</strong></span> <span class='ocrx_word' id='word_1_350' title='bbox 2684 3636 2789 3686; x_wconf 82' lang='lat' dir='ltr'><strong>Sat.</strong></span> <span class='ocrx_word' id='word_1_351' title='bbox 2810 3637 2979 3687; x_wconf 70' lang='lat' dir='ltr'><strong>uix.</strong></span> <span class='ocrx_word' id='word_1_352' title='bbox 3005 3652 3097 3700; x_wconf 75' lang='lat' dir='ltr'><strong>ap.</strong></span> 
     </span>
     <span class='ocr_line' id='line_1_37' title="bbox 781 3693 2548 3763; baseline 0.002 -15"><span class='ocrx_word' id='word_1_353' title='bbox 781 3713 827 3763; x_wconf 87' lang='lat' dir='ltr'><strong>q.</strong></span> <span class='ocrx_word' id='word_1_354' title='bbox 865 3711 952 3748; x_wconf 78' lang='lat' dir='ltr'><strong>vox</strong></span> <span class='ocrx_word' id='word_1_355' title='bbox 996 3697 1296 3750; x_wconf 77' lang='lat' dir='ltr'><strong>obsoleiacta</strong></span> <span class='ocrx_word' id='word_1_356' title='bbox 1344 3693 1442 3763; x_wconf 78' lang='lat' dir='ltr'><strong>est]</strong></span> <span class='ocrx_word' id='word_1_357' title='bbox 1493 3699 1566 3751; x_wconf 74' lang='lat' dir='ltr'><strong>CI.</strong></span> <span class='ocrx_word' id='word_1_358' title='bbox 1603 3700 1674 3751; x_wconf 77' lang='lat' dir='ltr'><strong>Ad</strong></span> <span class='ocrx_word' id='word_1_359' title='bbox 1709 3699 1835 3750; x_wconf 75' lang='lat' dir='ltr'><strong>Natt-</strong></span> <span class='ocrx_word' id='word_1_360' title='bbox 1935 3698 2145 3749; x_wconf 83' lang='lat' dir='ltr'><strong>Nonium</strong></span> <span class='ocrx_word' id='word_1_361' title='bbox 2182 3713 2230 3762; x_wconf 86' lang='lat' dir='ltr'><strong>p.</strong></span> <span class='ocrx_word' id='word_1_362' title='bbox 2254 3700 2368 3749; x_wconf 75' lang='lat'><strong>171.</strong></span> <span class='ocrx_word' id='word_1_363' title='bbox 2406 3701 2548 3752; x_wconf 75' lang='lat' dir='ltr'><strong>llere.</strong></span> 
     </span>
     <span class='ocr_line' id='line_1_38' title="bbox 711 3764 3091 3837; baseline 0.003 -22"><span class='ocrx_word' id='word_1_364' title='bbox 711 3765 773 3828; x_wconf 85' lang='lat'><strong>11,</strong></span> <span class='ocrx_word' id='word_1_365' title='bbox 801 3764 881 3816; x_wconf 90' lang='grc'><strong>12.</strong></span> <span class='ocrx_word' id='word_1_366' title='bbox 2006 3781 2053 3815; x_wconf 88' lang='grc' dir='ltr'><strong>ιι.</strong></span> <span class='ocrx_word' id='word_1_367' title='bbox 2104 3767 2423 3818; x_wconf 75' lang='lat' dir='ltr'><strong>condixerunt</strong></span> <span class='ocrx_word' id='word_1_368' title='bbox 2472 3766 2846 3837; x_wconf 76' lang='lat' dir='ltr'><strong>confusionem]</strong></span> <span class='ocrx_word' id='word_1_369' title='bbox 2916 3772 3091 3830; x_wconf 75' lang='lat' dir='ltr'><strong>Quam</strong></span> 
     </span>
    </p>
   </div>
   <div class='ocr_carea' id='block_1_8' title="bbox 703 3817 3107 4703">
    <p class='ocr_par' dir='ltr' id='par_1_9' title="bbox 709 3817 3103 4105">
     <span class='ocr_line' id='line_1_39' title="bbox 778 3817 3097 3899; baseline 0.003 -16"><span class='ocrx_word' id='word_1_370' title='bbox 778 3848 820 3883; x_wconf 88' lang='lat' dir='ltr'><strong>r.</strong></span> <span class='ocrx_word' id='word_1_371' title='bbox 859 3839 907 3882; x_wconf 88' lang='lat' dir='ltr'><strong>et</strong></span> <span class='ocrx_word' id='word_1_372' title='bbox 940 3832 1099 3896; x_wconf 86' lang='lat' dir='ltr'><strong>pudor</strong></span> <span class='ocrx_word' id='word_1_373' title='bbox 1118 3832 1294 3897; x_wconf 85' lang='lat' dir='ltr'><strong>ubique</strong></span> <span class='ocrx_word' id='word_1_374' title='bbox 1316 3817 1540 3899; x_wconf 82' lang='lat' dir='ltr'><strong>vestitur]</strong></span> <span class='ocrx_word' id='word_1_375' title='bbox 1575 3832 1687 3897; x_wconf 85' lang='lat' dir='ltr'><strong>lpse</strong></span> <span class='ocrx_word' id='word_1_376' title='bbox 1706 3833 1834 3884; x_wconf 77' lang='lat' dir='ltr'><strong>libro</strong></span> <span class='ocrx_word' id='word_1_377' title='bbox 1936 3847 2093 3897; x_wconf 88' lang='lat' dir='ltr'><strong>prope</strong></span> <span class='ocrx_word' id='word_1_378' title='bbox 2128 3834 2258 3894; x_wconf 80' lang='lat' dir='ltr'><strong>dixit,</strong></span> <span class='ocrx_word' id='word_1_379' title='bbox 2309 3835 2479 3886; x_wconf 80' lang='lat' dir='ltr'><strong>Totam</strong></span> <span class='ocrx_word' id='word_1_380' title='bbox 2526 3838 2853 3889; x_wconf 71' lang='lat' dir='ltr'><strong>condixerunt</strong></span> <span class='ocrx_word' id='word_1_381' title='bbox 2904 3849 3097 3890; x_wconf 73' lang='lat' dir='ltr'><strong>eom-</strong></span> 
     </span>
     <span class='ocr_line' id='line_1_40' title="bbox 711 3898 3103 3970; baseline 0.004 -21"><span class='ocrx_word' id='word_1_382' title='bbox 711 3898 779 3950; x_wconf 81' lang='lat' dir='ltr'><strong>De</strong></span> <span class='ocrx_word' id='word_1_383' title='bbox 797 3900 965 3950; x_wconf 79' lang='lat' dir='ltr'><strong>Anima</strong></span> <span class='ocrx_word' id='word_1_384' title='bbox 1003 3914 1108 3963; x_wconf 87' lang='lat' dir='ltr'><strong>cap.</strong></span> <span class='ocrx_word' id='word_1_385' title='bbox 1132 3898 1248 3959; x_wconf 84' lang='grc'><strong>38,</strong></span> <span class='ocrx_word' id='word_1_386' title='bbox 1253 3899 1496 3960; x_wconf 75' lang='lat' dir='ltr'><strong>,vestitior</strong></span> <span class='ocrx_word' id='word_1_387' title='bbox 1529 3915 1674 3951; x_wconf 78' lang='lat' dir='ltr'><strong>sexus</strong></span> <span class='ocrx_word' id='word_1_388' title='bbox 1708 3910 1798 3952; x_wconf 81' lang='lat' dir='ltr'><strong>est.</strong></span> <span class='ocrx_word' id='word_1_389' title='bbox 1803 3901 1837 3926; x_wconf 88' lang='grc'><strong>**</strong></span> <span class='ocrx_word' id='word_1_390' title='bbox 1935 3901 2111 3951; x_wconf 75' lang='lat' dir='ltr'><strong>melias</strong></span> <span class='ocrx_word' id='word_1_391' title='bbox 2146 3902 2289 3952; x_wconf 81' lang='lat' dir='ltr'><strong>conio</strong></span> <span class='ocrx_word' id='word_1_392' title='bbox 2357 3902 2417 3952; x_wconf 78' lang='lat' dir='ltr'><strong>lna</strong></span> <span class='ocrx_word' id='word_1_393' title='bbox 2438 3903 2819 3967; x_wconf 77' lang='lat' dir='ltr'><strong>impudentiam!</strong></span> <span class='ocrx_word' id='word_1_394' title='bbox 2860 3908 3103 3970; x_wconf 71' lang='lat' dir='ltr'><strong>(Rigalt.)</strong></span> 
     </span>
     <span class='ocr_line' id='line_1_41' title="bbox 709 3967 3099 4034; baseline 0.004 -18"><span class='ocrx_word' id='word_1_395' title='bbox 709 3968 925 4030; x_wconf 78' lang='lat' dir='ltr'><strong>(Rigalt.)</strong></span> <span class='ocrx_word' id='word_1_396' title='bbox 993 3967 1219 4018; x_wconf 57' lang='lat' dir='ltr'><strong>&amp;dorem</strong></span> <span class='ocrx_word' id='word_1_397' title='bbox 1262 3981 1353 4030; x_wconf 85' lang='lat' dir='ltr'><strong>pro</strong></span> <span class='ocrx_word' id='word_1_398' title='bbox 1406 3968 1635 4032; x_wconf 87' lang='lat' dir='ltr'><strong>pudendo</strong></span> <span class='ocrx_word' id='word_1_399' title='bbox 1671 3969 1837 4034; x_wconf 82' lang='lat' dir='ltr'><strong>posuit</strong></span> <span class='ocrx_word' id='word_1_400' title='bbox 2004 3984 2042 4018; x_wconf 81' lang='lat' dir='ltr'><strong>v.</strong></span> <span class='ocrx_word' id='word_1_401' title='bbox 2059 3970 2285 4032; x_wconf 82' lang='lat' dir='ltr'><strong>sponsari</strong></span> <span class='ocrx_word' id='word_1_402' title='bbox 2328 3971 2425 4021; x_wconf 75' lang='lat' dir='ltr'><strong>vet.</strong></span> <span class='ocrx_word' id='word_1_403' title='bbox 2443 3970 2694 4023; x_wconf 75' lang='lat' dir='ltr'><strong>onomast.</strong></span> <span class='ocrx_word' id='word_1_404' title='bbox 2710 3973 2929 4024; x_wconf 82' lang='lat' dir='ltr'><strong>Latino·</strong></span> <span class='ocrx_word' id='word_1_405' title='bbox 2936 3978 3099 4027; x_wconf 79' lang='lat' dir='ltr'><strong>Grae—</strong></span> 
     </span>
     <span class='ocr_line' id='line_1_42' title="bbox 710 4033 2933 4132; baseline 0.003 -47"><span class='ocrx_word' id='word_1_406' title='bbox 710 4035 1037 4085; x_wconf 80' lang='lat' dir='ltr'><strong>Tertullianus</strong></span> <span class='ocrx_word' id='word_1_407' title='bbox 1073 4035 1215 4084; x_wconf 86' lang='lat' dir='ltr'><strong>etiam</strong></span> <span class='ocrx_word' id='word_1_408' title='bbox 1253 4033 1322 4084; x_wconf 85' lang='lat' dir='ltr'><strong>De</strong></span> <span class='ocrx_word' id='word_1_409' title='bbox 1357 4035 1577 4099; x_wconf 84' lang='lat' dir='ltr'><strong>Spectac.</strong></span> <span class='ocrx_word' id='word_1_410' title='bbox 1615 4050 1722 4100; x_wconf 87' lang='lat' dir='ltr'><strong>cap.</strong></span> <span class='ocrx_word' id='word_1_411' title='bbox 1750 4036 1832 4087; x_wconf 88' lang='lat'><strong>21.</strong></span> <span class='ocrx_word' id='word_1_412' title='bbox 1936 4049 2063 4085; x_wconf 86' lang='lat' dir='ltr'><strong>cnm</strong></span> <span class='ocrx_word' id='word_1_413' title='bbox 2082 4051 2179 4132; x_wconf 36' lang='grc' dir='ltr'><strong>ιρὰ</strong></span> <span class='ocrx_word' id='word_1_414' title='bbox 2187 4036 2383 4088; x_wconf 80' lang='lat' dir='ltr'><strong>Vulcan.</strong></span> <span class='ocrx_word' id='word_1_415' title='bbox 2419 4054 2468 4102; x_wconf 89' lang='lat' dir='ltr'><strong>p.</strong></span> <span class='ocrx_word' id='word_1_416' title='bbox 2474 4038 2616 4090; x_wconf 79' lang='grc'><strong>14.3</strong></span> <span class='ocrx_word' id='word_1_417' title='bbox 2656 4041 2933 4105; x_wconf 76' lang='lat' dir='ltr'><strong>„‚Sponso</strong></span> 
     </span>
    </p>

    <p class='ocr_par' dir='ltr' id='par_1_10' title="bbox 703 4096 3107 4703">
     <span class='ocr_line' id='line_1_43' title="bbox 777 4096 3103 4169; baseline 0.005 -18"><span class='ocrx_word' id='word_1_418' title='bbox 777 4116 818 4151; x_wconf 86' lang='lat' dir='ltr'><strong>a.</strong></span> <span class='ocrx_word' id='word_1_419' title='bbox 855 4116 1050 4152; x_wconf 85' lang='lat' dir='ltr'><strong>menses</strong></span> <span class='ocrx_word' id='word_1_420' title='bbox 1072 4102 1248 4152; x_wconf 85' lang='lat' dir='ltr'><strong>tributa</strong></span> <span class='ocrx_word' id='word_1_421' title='bbox 1275 4098 1578 4169; x_wconf 88' lang='lat' dir='ltr'><strong>dependunt]</strong></span> <span class='ocrx_word' id='word_1_422' title='bbox 1615 4105 1697 4153; x_wconf 90' lang='lat' dir='ltr'><strong>Sic</strong></span> <span class='ocrx_word' id='word_1_423' title='bbox 1721 4118 1834 4154; x_wconf 87' lang='lat' dir='ltr'><strong>cor·</strong></span> <span class='ocrx_word' id='word_1_424' title='bbox 1936 4096 2156 4152; x_wconf 49' lang='grc' dir='ltr'><strong>0*τεῦωό</strong></span> <span class='ocrx_word' id='word_1_425' title='bbox 2250 4105 2435 4156; x_wconf 84' lang='lat' dir='ltr'><strong>Paulin.</strong></span> <span class='ocrx_word' id='word_1_426' title='bbox 2469 4107 2579 4157; x_wconf 80' lang='lat' dir='ltr'><strong>Nol.</strong></span> <span class='ocrx_word' id='word_1_427' title='bbox 2618 4108 2783 4158; x_wconf 84' lang='lat' dir='ltr'><strong>Garm-</strong></span> <span class='ocrx_word' id='word_1_428' title='bbox 2820 4109 3013 4168; x_wconf 71' lang='lat' dir='ltr'><strong>XVlll.</strong></span> <span class='ocrx_word' id='word_1_429' title='bbox 3030 4110 3103 4162; x_wconf 65' lang='lat'><strong>4³</strong></span> 
     </span>
     <span class='ocr_line' id='line_1_44' title="bbox 709 4167 3101 4239; baseline 0.004 -20"><span class='ocrx_word' id='word_1_430' title='bbox 709 4171 832 4220; x_wconf 72' lang='lat' dir='ltr'><strong>rexit</strong></span> <span class='ocrx_word' id='word_1_431' title='bbox 864 4169 994 4219; x_wconf 72' lang='lat' dir='ltr'><strong>Fulv.</strong></span> <span class='ocrx_word' id='word_1_432' title='bbox 1033 4167 1256 4219; x_wconf 79' lang='lat' dir='ltr'><strong>Ursinus.</strong></span> <span class='ocrx_word' id='word_1_433' title='bbox 1335 4170 1393 4220; x_wconf 82' lang='lat' dir='ltr'><strong>Et</strong></span> <span class='ocrx_word' id='word_1_434' title='bbox 1425 4179 1589 4231; x_wconf 85' lang='lat' dir='ltr'><strong>recte;</strong></span> <span class='ocrx_word' id='word_1_435' title='bbox 1635 4169 1749 4221; x_wconf 87' lang='lat' dir='ltr'><strong>licet</strong></span> <span class='ocrx_word' id='word_1_436' title='bbox 1785 4180 1835 4222; x_wconf 86' lang='lat' dir='ltr'><strong>et</strong></span> <span class='ocrx_word' id='word_1_437' title='bbox 1934 4171 2031 4232; x_wconf 72' lang='lat' dir='ltr'><strong>„Et</strong></span> <span class='ocrx_word' id='word_1_438' title='bbox 2076 4173 2218 4222; x_wconf 77' lang='lat' dir='ltr'><strong>variis</strong></span> <span class='ocrx_word' id='word_1_439' title='bbox 2264 4174 2474 4223; x_wconf 85' lang='lat' dir='ltr'><strong>animam</strong></span> <span class='ocrx_word' id='word_1_440' title='bbox 2533 4184 2811 4239; x_wconf 56' lang='lat' dir='ltr'><strong>sponsam&amp;</strong></span> <span class='ocrx_word' id='word_1_441' title='bbox 2882 4179 3101 4228; x_wconf 59' lang='lat' dir='ltr'><strong>dotibus</strong></span> 
     </span>
     <span class='ocr_line' id='line_1_45' title="bbox 711 4236 3107 4306; baseline 0.005 -20"><span class='ocrx_word' id='word_1_442' title='bbox 711 4238 961 4302; x_wconf 66' lang='lat' dir='ltr'><strong>defendunt</strong></span> <span class='ocrx_word' id='word_1_443' title='bbox 995 4238 1117 4286; x_wconf 83' lang='lat' dir='ltr'><strong>tueri</strong></span> <span class='ocrx_word' id='word_1_444' title='bbox 1144 4236 1322 4299; x_wconf 78' lang='lat' dir='ltr'><strong>possis.</strong></span> <span class='ocrx_word' id='word_1_445' title='bbox 1376 4238 1535 4300; x_wconf 84' lang='lat' dir='ltr'><strong>Saepe</strong></span> <span class='ocrx_word' id='word_1_446' title='bbox 1554 4237 1681 4287; x_wconf 85' lang='lat' dir='ltr'><strong>enim</strong></span> <span class='ocrx_word' id='word_1_447' title='bbox 1701 4240 1832 4303; x_wconf 84' lang='lat' dir='ltr'><strong>apud</strong></span> <span class='ocrx_word' id='word_1_448' title='bbox 1933 4239 2178 4290; x_wconf 83' lang='lat' dir='ltr'><strong>adstant.“</strong></span> <span class='ocrx_word' id='word_1_449' title='bbox 2227 4239 2406 4291; x_wconf 81' lang='lat' dir='ltr'><strong>Paulus</strong></span> <span class='ocrx_word' id='word_1_450' title='bbox 2424 4241 2525 4303; x_wconf 72' lang='lat' dir='ltr'><strong>big.</strong></span> <span class='ocrx_word' id='word_1_451' title='bbox 2546 4243 2711 4304; x_wconf 76' lang='grc' dir='ltr'>ΧΧΙΙΙ,</span> <span class='ocrx_word' id='word_1_452' title='bbox 2734 4242 2886 4302; x_wconf 80' lang='grc'><strong>2,38</strong></span> <span class='ocrx_word' id='word_1_453' title='bbox 2930 4247 3107 4306; x_wconf 69' lang='lat' dir='ltr'><strong>„inde</strong></span> 
     </span>
     <span class='ocr_line' id='line_1_46' title="bbox 708 4303 3103 4377; baseline 0.005 -24"><span class='ocrx_word' id='word_1_454' title='bbox 708 4303 1058 4354; x_wconf 79' lang='lat' dir='ltr'><strong>Tertullianum</strong></span> <span class='ocrx_word' id='word_1_455' title='bbox 1096 4305 1144 4353; x_wconf 89' lang='lat' dir='ltr'><strong>id</strong></span> <span class='ocrx_word' id='word_1_456' title='bbox 1179 4304 1378 4356; x_wconf 78' lang='lat' dir='ltr'><strong>verbnm</strong></span> <span class='ocrx_word' id='word_1_457' title='bbox 1411 4305 1660 4366; x_wconf 49' lang='lat' dir='ltr'><strong>significat,</strong></span> <span class='ocrx_word' id='word_1_458' title='bbox 1690 4307 1835 4356; x_wconf 78' lang='lat' dir='ltr'><strong>adse-</strong></span> <span class='ocrx_word' id='word_1_459' title='bbox 1936 4306 2191 4357; x_wconf 84' lang='lat' dir='ltr'><strong>oriundam</strong></span> <span class='ocrx_word' id='word_1_460' title='bbox 2248 4322 2449 4359; x_wconf 86' lang='lat' dir='ltr'><strong>uxorem</strong></span> <span class='ocrx_word' id='word_1_461' title='bbox 2501 4309 2679 4360; x_wconf 84' lang='lat' dir='ltr'><strong>ducere</strong></span> <span class='ocrx_word' id='word_1_462' title='bbox 2732 4325 2839 4361; x_wconf 88' lang='lat' dir='ltr'><strong>non</strong></span> <span class='ocrx_word' id='word_1_463' title='bbox 2899 4322 3103 4377; x_wconf 77' lang='lat' dir='ltr'><strong>potest,</strong></span> 
     </span>
     <span class='ocr_line' id='line_1_47' title="bbox 708 4370 3099 4441; baseline 0.005 -21"><span class='ocrx_word' id='word_1_464' title='bbox 708 4385 821 4421; x_wconf 82' lang='lat' dir='ltr'><strong>rere</strong></span> <span class='ocrx_word' id='word_1_465' title='bbox 854 4370 925 4420; x_wconf 80' lang='lat' dir='ltr'><strong>vel</strong></span> <span class='ocrx_word' id='word_1_466' title='bbox 961 4370 1216 4421; x_wconf 79' lang='lat' dir='ltr'><strong>vindicare.</strong></span> <span class='ocrx_word' id='word_1_467' title='bbox 1290 4371 1364 4421; x_wconf 79' lang='lat' dir='ltr'><strong>ct.</strong></span> <span class='ocrx_word' id='word_1_468' title='bbox 1413 4373 1556 4422; x_wconf 83' lang='lat' dir='ltr'><strong>etiam</strong></span> <span class='ocrx_word' id='word_1_469' title='bbox 1595 4373 1664 4422; x_wconf 84' lang='lat' dir='ltr'><strong>De</strong></span> <span class='ocrx_word' id='word_1_470' title='bbox 1699 4372 1833 4424; x_wconf 87' lang='lat' dir='ltr'><strong>Orat.</strong></span> <span class='ocrx_word' id='word_1_471' title='bbox 1937 4377 2152 4438; x_wconf 80' lang='lat' dir='ltr'><strong>quamvis</strong></span> <span class='ocrx_word' id='word_1_472' title='bbox 2170 4389 2395 4439; x_wconf 69' lang='lat' dir='ltr'><strong>sponsore</strong></span> <span class='ocrx_word' id='word_1_473' title='bbox 2412 4391 2508 4426; x_wconf 90' lang='lat' dir='ltr'><strong>non</strong></span> <span class='ocrx_word' id='word_1_474' title='bbox 2527 4378 2927 4441; x_wconf 79' lang='lat' dir='ltr'><strong>prohibeatur-⁸⁸</strong></span> <span class='ocrx_word' id='word_1_475' title='bbox 2966 4382 3099 4432; x_wconf 75' lang='lat' dir='ltr'><strong>Ter-</strong></span> 
     </span>
     <span class='ocr_line' id='line_1_48' title="bbox 710 4437 3103 4510; baseline 0.005 -22"><span class='ocrx_word' id='word_1_476' title='bbox 710 4452 815 4501; x_wconf 88' lang='lat' dir='ltr'><strong>cap.</strong></span> <span class='ocrx_word' id='word_1_477' title='bbox 839 4437 920 4488; x_wconf 82' lang='lat'><strong>22.</strong></span> <span class='ocrx_word' id='word_1_478' title='bbox 1004 4439 1183 4488; x_wconf 78' lang='lat' dir='ltr'><strong>Auctor</strong></span> <span class='ocrx_word' id='word_1_479' title='bbox 1231 4439 1461 4490; x_wconf 83' lang='lat' dir='ltr'><strong>carminis</strong></span> <span class='ocrx_word' id='word_1_480' title='bbox 1508 4440 1751 4491; x_wconf 87' lang='lat' dir='ltr'><strong>Sodomae</strong></span> <span class='ocrx_word' id='word_1_481' title='bbox 1787 4457 1830 4491; x_wconf 80' lang='lat' dir='ltr'><strong>v.</strong></span> <span class='ocrx_word' id='word_1_482' title='bbox 1932 4442 2040 4492; x_wconf 86' lang='lat' dir='ltr'><strong>tull.</strong></span> <span class='ocrx_word' id='word_1_483' title='bbox 2075 4443 2199 4492; x_wconf 78' lang='lat' dir='ltr'><strong>infra</strong></span> <span class='ocrx_word' id='word_1_484' title='bbox 2236 4457 2343 4507; x_wconf 81' lang='lat' dir='ltr'><strong>cap.</strong></span> <span class='ocrx_word' id='word_1_485' title='bbox 2364 4443 2491 4500; x_wconf 72' lang='lat'><strong>16,</strong></span> <span class='ocrx_word' id='word_1_486' title='bbox 2496 4445 2593 4504; x_wconf 83' lang='lat' dir='ltr'><strong>‚lili</strong></span> <span class='ocrx_word' id='word_1_487' title='bbox 2627 4450 2887 4510; x_wconf 71' lang='lat' dir='ltr'><strong>sponsasti</strong></span> <span class='ocrx_word' id='word_1_488' title='bbox 2924 4459 3103 4498; x_wconf 70' lang='lat' dir='ltr'><strong>matu-</strong></span> 
     </span>
     <span class='ocr_line' id='line_1_49' title="bbox 711 4505 3107 4571; baseline 0.004 -16"><span class='ocrx_word' id='word_1_489' title='bbox 711 4505 805 4556; x_wconf 79' lang='lat'><strong>125</strong></span> <span class='ocrx_word' id='word_1_490' title='bbox 825 4520 901 4571; x_wconf 86' lang='lat' dir='ltr'><strong>sq.</strong></span> <span class='ocrx_word' id='word_1_491' title='bbox 938 4506 1160 4567; x_wconf 83' lang='lat' dir='ltr'><strong>„Dicitur</strong></span> <span class='ocrx_word' id='word_1_492' title='bbox 1194 4513 1266 4556; x_wconf 87' lang='lat' dir='ltr'><strong>et</strong></span> <span class='ocrx_word' id='word_1_493' title='bbox 1276 4507 1436 4557; x_wconf 74' lang='lat' dir='ltr'><strong>vivens</strong></span> <span class='ocrx_word' id='word_1_494' title='bbox 1471 4508 1607 4558; x_wconf 84' lang='lat' dir='ltr'><strong>alio</strong></span> <span class='ocrx_word' id='word_1_495' title='bbox 1593 4523 1690 4560; x_wconf 78' lang='lat' dir='ltr'><strong>iam</strong></span> <span class='ocrx_word' id='word_1_496' title='bbox 1718 4523 1830 4558; x_wconf 85' lang='lat' dir='ltr'><strong>cor-</strong></span> <span class='ocrx_word' id='word_1_497' title='bbox 1932 4509 2123 4558; x_wconf 85' lang='lat' dir='ltr'><strong>ritatem</strong></span> <span class='ocrx_word' id='word_1_498' title='bbox 2183 4513 2366 4560; x_wconf 83' lang='lat' dir='ltr'><strong>tuam.“</strong></span> <span class='ocrx_word' id='word_1_499' title='bbox 2466 4512 2539 4562; x_wconf 77' lang='lat' dir='ltr'><strong>Cf.</strong></span> <span class='ocrx_word' id='word_1_500' title='bbox 2601 4512 2789 4564; x_wconf 78' lang='lat' dir='ltr'><strong>Bartbii</strong></span> <span class='ocrx_word' id='word_1_501' title='bbox 2842 4516 3107 4566; x_wconf 64' lang='lat' dir='ltr'><strong>Adeam-</strong></span> 
     </span>
     <span class='ocr_line' id='line_1_50' title="bbox 703 4574 2440 4642; baseline 0.005 -21"><span class='ocrx_word' id='word_1_502' title='bbox 703 4587 827 4635; x_wconf 83' lang='lat' dir='ltr'><strong>pore</strong></span> <span class='ocrx_word' id='word_1_503' title='bbox 861 4587 1005 4624; x_wconf 79' lang='lat' dir='ltr'><strong>sexus</strong></span> <span class='ocrx_word' id='word_1_504' title='bbox 1040 4574 1294 4626; x_wconf 74' lang='lat' dir='ltr'><strong>Muniflcos</strong></span> <span class='ocrx_word' id='word_1_505' title='bbox 1342 4576 1489 4627; x_wconf 82' lang='lat' dir='ltr'><strong>solito</strong></span> <span class='ocrx_word' id='word_1_506' title='bbox 1536 4576 1831 4642; x_wconf 76' lang='lat' dir='ltr'><strong>dispungere</strong></span> <span class='ocrx_word' id='word_1_507' title='bbox 1930 4574 2072 4639; x_wconf 74' lang='lat' dir='ltr'><strong>xtu,</strong></span> <span class='ocrx_word' id='word_1_508' title='bbox 2098 4575 2183 4627; x_wconf 84' lang='lat'><strong>21.</strong></span> <span class='ocrx_word' id='word_1_509' title='bbox 2219 4593 2267 4642; x_wconf 89' lang='lat' dir='ltr'><strong>p.</strong></span> <span class='ocrx_word' id='word_1_510' title='bbox 2292 4578 2440 4630; x_wconf 84' lang='grc'><strong>1909.</strong></span> 
     </span>
     <span class='ocr_line' id='line_1_51' title="bbox 704 4641 1205 4703; baseline 0.009 -14"><span class='ocrx_word' id='word_1_511' title='bbox 704 4641 940 4703; x_wconf 69' lang='lat' dir='ltr'><strong>sanguine</strong></span> <span class='ocrx_word' id='word_1_512' title='bbox 975 4643 1205 4694; x_wconf 52' lang='lat' dir='ltr'><strong>menses?</strong></span> 
     </span>
    </p>
   </div>
  </div>
 </body>
</html>
