3263 5311
1154 434 1227 478 ou
1270 416 1680 482 motou‘rnn.
2501 424 2580 487 69

226 584 527 645 incendat
568 583 673 644 au't
716 583 976 645 immolet
1016 591 1117 645 aut
1155 582 1515 664 “polluceatb
1572 595 1674 649 aut
1726 587 1912 649 sacris
1975 586 2261 668 aliquibus
2303 595 2405 650 sut
2443 590 2578 651 'sa-

226 685 531 746 cerdotiis
576 682 902 762 obligetur,
966 685 1456 763 quemadmodum
1511 688 1563 748 si
1618 686 1750 767 quis
1789 687 2082 750 existimet
2124 686 2472 753 adulterium
2515 691 2578 752 in

231 786 467 847 osculis
514 795 575 846 et
618 786 679 845 in
725 785 1086 865 amplexibus
1130 795 1188 847 et
1231 787 1291 848 in
1334 787 1461 867 ipsa
1502 789 1695 851 carnis
1738 789 2159 869 congressione
2199 791 2577 865 cuneandum,

233 896 339 948 aut
385 882 781 948 homicidium
824 885 884 946 in
927 886 1052 947 sola
1096 888 1397 965 sauguinis
1438 889 1790 969 profusione
1831 900 1891 952 et
1931 890 1994 952 in
2021 890 2249 952 animae
2278 890 2584 972 ereptione

236 988 663 1069 reputandum.
726 986 1020 1061 tat-enim,
1064 988 1338 1051 dontinus
1381 1008 1556 1069 quam
1598 991 1899 1055 extensius
1943 992 2058 1053 ista
2099 991 2393 1071 disponat,
2435 994 2580 1055 certi

138 1108 147 1114 ‘
235 1108 475 1161 sumuS,
523 1107 658 1150 eum
701 1087 1047 1149 adulterium
1091 1089 1265 1150 etiam
1309 1090 1370 1150 in
1411 1090 1883 1171 concupiscentia
1924 1091 2212 1171 designat.
2256 1092 2310 1154 si
2345 1094 2578 1155 oculum

234 1191 380 1270 quis
424 1190 744 1269 impegerit
796 1189 1109 1252 libidinose
1171 1198 1231 1251 et
1286 1190 1540 1255 animam
1602 1192 1985 1255 commoverit
2044 1193 2369 1273 impudice,
2441 1211 2721 1259 cumuauu
2741 1214 2787 1266 v,
2811 1219 2869 1261 υ

232 1291 630 1353 homicidium
698 1291 881 1361 etiam
939 1291 1000 1351 in
1062 1290 1243 1352 verbo
1316 1292 1605 1356 maledicti
1666 1294 1756 1355 vel
1819 1294 2098 1357 ‘convicii
2154 1293 2372 1357 iudicat
2412 1303 2472 1356 et
2512 1294 2574 1357 in
2640 1285 2802 1338 ⁸¹¹·23·

234 1394 416 1457 omni
476 1378 705 1472 impetu
768 1392 891 1453 irae
953 1399 1015 1453 et
1077 1392 1137 1453 in
1199 1392 1593 1473 'neglegentia
1650 1394 1905 1461 enitatis
1960 1396 2022 1458 in
2063 1397 2325 1458 trau-em.
2411 1395 2577 1461 Sicut

231 1494 597 1554 ”lohannes
638 1493 813 1555 docet
854 1493 1205 1556 homicidam
1250 1512 1387 1556 esse
1444 1496 1549 1574 qui
1603 1495 1795 1558 oderit
1845 1498 2102 1558 mtrem.
2187 1497 2462 1578 Alioquin
2512 1498 2574 1560 in
2608 1480 2650 1559 1'.'
2674 1516 2737 1560 ιο.
2765 1517 2835 1570 ιιι,

230 1595 477 1657 modico
521 1593 885 1657 consisteret
925 1603 985 1657 et
1025 1594 1239 1658 diaboli
1280 1596 1579 1675 ingenim
1626 1597 1704 1658 de
1753 1597 1974 1661 malitia
2039 1604 2098 1660 et
2139 1599 2287 1665 ¹²dei
2350 1596 2573 1661 domiui
2659 1586 2732 1628 ¹⁶'

228 1697 311 1757 de
356 1695 695 1775 disciplina,
740 1714 857 1775 qua
899 1715 1011 1758 nos
1054 1698 1337 1763 adversus
1381 1692 1598 1759 diaboli
1643 1698 2068 1762 ¹²altitudines·
2108 1698 2368 1775 ¹³munit,
2412 1701 2465 1761 si
2507 1700 2596 1762 in-

228 1798 329 1860 his
370 1806 607 1858 tantum
650 1795 876 1859 delictis
920 1797 1342 1873 iudicaremur,
1406 1817 1553 1878 quae
1609 1800 1787 1861 etiam
1849 1800 2121 1862 nationes
2185 1800 2572 1863 dem-everunt

226 1897 611 1959 vindioenda.
703 1898 1017 1971 Quomodo
1082 1898 1399 1965 abundabit
1459 1900 1683 1962 iustitia
1743 1909 1950 1963 nostra
2014 1914 2193 1981 super
2233 1901 2466 1965 Scribas
2507 1911 2570 1966 et
2593 1888 2608 1903 ⁴

225 1998 627 2072 Pharisaeos,
686 2006 752 2059 ut
793 1997 1067 2061 dominus
1110 2000 1520 2081 praescripsit,
1584 2001 1702 2062 nisi
1745 2001 2158 2064 abundantiam
2199 2003 2568 2065 adversariae

221 2102 379 2174 eius,
426 2100 491 2161 id
538 2107 635 2160 est
674 2099 1016 2173 iniustitiae,
1057 2100 1580 2181 perspexerimus?
1614 2100 1617 2101 ⁷
1668 2102 1840 2174 Quod
1886 2103 1937 2164 si
1981 2103 2208 2183 ¹*caput
2245 2103 2567 2166 iniustitiae

219 2200 575 2263 idololatria
626 2208 752 2275 est,
824 2200 989 2281 prius
1055 2210 1170 2277 est,
1242 2201 1328 2263 uti
1391 2202 1672 2265 adversus
1737 2202 2151 2265 abundantiam
2205 2204 2566 2268 idololatriae

214 2300 736 2384 praemuniamur,
781 2300 921 2363 dum
963 2301 1118 2364 illam
1160 2320 1283 2363 non
1326 2302 1518 2365 solum
1558 2304 1674 2366 ¹''in
1715 2304 2037 2367 manifestis
2065 2307 2563 2385 recognoscimus.

412 2434 647 2496 Idolum
674 2435 1022 2517 aliquamdiu
1064 2442 1262 2499 rssro·
1306 2456 1428 2499 non
1471 2446 1613 2500 erat.
1701 2439 2052 2520 Priusquam
2091 2438 2267 2501 huius
2312 2439 2684 2516 monstricap.
2719 2457 2793 2502 ιιι.

222 2538 497 2599 artifices
546 2535 974 2612 'ebullissentb‚
1020 2538 1147 2600 sola
1190 2538 1403 2619 templa
1446 2548 1505 2600 et
1545 2559 1760 2603 vacuae
1813 2541 1987 2603 aedes
2045 2547 2239 2615 erant,
2293 2542 2451 2604 sicut
2502 2543 2565 2605 in

224 2639 595 2702 hodiernum
651 2638 1002 2719 quibusdam
1056 2639 1202 2702 locis
1257 2640 1565 2703 vetustatis
1608 2641 1849 2720 vestigia
1889 2651 2253 2722 permanent.
2341 2642 2566 2706 Tamen

226 2740 575 2803 idololatria
618 2740 916 2819 agebatur,
959 2741 1114 2802 'non
1162 2741 1223 2803 in
1265 2741 1378 2804 isto
1422 2743 1683 2815 nomine,
1729 2743 1939 2826 sedin
1980 2743 2096 2804 isto
2142 2763 2341 2824 opere.
2416 2744 2565 2806 Nam

227 2851 290 2903 et
332 2841 519 2904 bodie
562 2849 724 2904 extra
768 2841 1048 2921 temphun
1092 2851 1149 2903 et
1190 2828 1318 2904 sihe
1362 2829 1519 2905 idolo
1579 2843 1670 2922 agi
1711 2850 1939 2922 potest.
2026 2843 2101 2903 At
2153 2843 2254 2904 ubi
2311 2844 2561 2906 artifices

228 2951 567 3008 statuarum
624 2951 683 3003 et
735 2942 1053 3021 imaginum
1116 2951 1176 3004 et
1231 2944 1425 3005 omnis
1490 2942 1724 3023 generis
1783 2943 2227 3004 simulacrorum
2297 2942 2564 3006 diabolus

232 3043 479 3106 saemnlo
522 3042 746 3122 intulit,
800 3043 949 3104 rude
986 3043 1129 3106 illud
1168 3044 1470 3124 negotium
1512 3044 1800 3105 humanae
1843 3043 2183 3104 calamitatis
2238 3051 2299 3104 et
2346 3061 2567 3106 nomen

237 3145 306 3208 de
348 3144 532 3206 idolis
577 3146 959 3206 consedutum
1015 3153 1108 3207 est
1161 3154 1217 3207 et
1269 3135 1615 3228 profectum.
1701 3141 1957 3205 'Exinde
2021 3142 2136 3205 iam
2192 3152 2367 3226 caput
2417 3146 2566 3208 facta

241 3255 329 3308 est
365 3244 737 3306 idololatriae
779 3264 875 3307 ars
928 3246 1121 3308 omnis
1186 3265 1336 3327 quae
1386 3247 1612 3309 idolum
1675 3244 2094 3326 quoquomodo
2140 3245 2279 3307 edit.
2362 3245 2567 3326 Neque

243 3348 395 3409 enim
422 3346 696 3421 interest,
739 3365 813 3407 an
840 3346 1060 3426 plastes
1090 3348 1344 3427 effingat,
1389 3365 1462 3408 an
1500 3345 1792 3408 ⁴caelator
1832 3345 2188 3427 ⁸exsculpat,
2231 3365 2305 3408 an
2344 3346 2562 3427 ‘phry-

249 3448 339 3525 gio
378 3448 646 3522 detexat,
711 3447 844 3528 quia
899 3467 1009 3510 nec
1060 3448 1135 3510 de
1186 3449 1429 3511 materia
1467 3449 1682 3522 refert,
1738 3466 1813 3510 an
1855 3465 2069 3528 gypso,
2125 3465 2199 3509 an
2242 3447 2563 3526 coloribus,

250 3632 695 3696 6.prolueeatABC.
796 3635 846 3683 7.
881 3635 1158 3688 sacerdotiis
1175 3636 1393 3698 Bm90ab.
1462 3633 1889 3686 sacerdotibusAB.
1992 3633 2041 3684 8.
2062 3634 2255 3684 convicii
2293 3633 2452 3684 iudicii
2486 3634 2561 3685 iu-

251 3701 367 3749 dicat
398 3701 453 3749 B.
504 3705 557 3750 Aa
591 3704 641 3750 in
674 3705 876 3765 moryiue
910 3704 1175 3753 adnotatum
1209 3710 1306 3754 est:
1342 3703 1405 3753 sl.
1442 3701 1579 3751 deest
1613 3702 1804 3751 iudicii:
1891 3702 1940 3752 9.
1976 3701 2273 3763 neglegentis
2291 3702 2563 3753 caritatisA.

257 3767 327 3816 10.
359 3767 603 3817 lohannes
636 3772 687 3818 Δ.
827 3770 905 3819 11.
942 3770 1017 3820 dei
1054 3771 1213 3821 do..s
1248 3769 1499 3834 disciplina
1535 3773 1585 3819 Α.
1654 3769 1731 3820 dei
1783 3769 2047 3820 dominium
2094 3770 2156 3819 de
2201 3767 2452 3830 diseiplins
2487 3770 2562 3819 Fr.

255 3837 417 3886 lum.
525 3834 605 3886 12.
639 3835 911 3892 latitudines
944 3839 987 3888 b.
1022 3839 1151 3890 Folo.
1189 3838 1395 3888 Ursinus.
1503 3836 1581 3888 13.
1618 3835 1773 3886 insuit
1805 3836 1857 3886 B.
1972 3835 2054 3890 14.
2089 3836 2243 3901 capud
2275 3832 2372 3898 Αβ.
2485 3835 2560 3887 15.

257 3902 303 3951 ἰιι
332 3917 412 3951 om.
448 3903 567 3953 Rea.

382 3985 495 4050 Cap.
532 3983 616 4036 nl.
688 3988 731 4035 1.
781 3988 1046 4038 ebulisseut
1077 3985 1291 4053 Amnon.
1427 3986 1475 4035 2.
1511 4001 1608 4035 uon
1657 3987 1751 4035 isto
1791 3987 1988 4035 nomine
2022 3983 2134 4052 Αφ.
2276 3987 2325 4036 3.
2359 3988 2420 4037 Et
2453 3987 2562 4036 inde

266 4054 349 4100 iam
380 4055 427 4102 A.
525 4055 574 4104 4.
611 4055 798 4105 celator
828 4054 925 4120 Ap.
1030 4056 1082 4105 5.
1120 4054 1339 4119 exculpat
1372 4051 1469 4118 Δρ.
1576 4054 1623 4103 6.
1659 4054 2085 4118 phrygriotestexat
2115 4056 2166 4105 A.

266 4187 327 4234 lle
360 4185 556 4249 Specue.
593 4189 798 4257 αμὸθ.
836 4191 1004 4249 „Quae
1038 4199 1150 4241 tune
1184 4197 1362 4255 specto-
1512 4204 1554 4238 e.
1606 4188 1783 4238 diaboli
1830 4183 2126 4253 altitudines]
2171 4188 2453 4255 Apocalyps.
2500 4189 2563 4251 ΙΙ,
2673 4181 2680 4188 ”

264 4254 349 4303 celi
405 4255 650 4311 Μωυσῇ*
726 4259 955 4308 lrenaeus
1008 4260 1161 4322 prael.
1211 4273 1260 4322 p.
1311 4257 1360 4307 4.
1446 4256 1528 4308 24.
1564 4250 1670 4318 „nie
1701 4252 1880 4320 βαθέα
1912 4253 2009 4304 τοῦ
2044 4253 2314 4304 marest*

261 4321 344 4381 (ed.
382 4323 543 4380 arabe)
594 4335 685 4388 „et
733 4328 785 4375 iu
820 4327 1064 4376 latitudine
1098 4342 1259 4376 sensus
1294 4325 1363 4374 tui

262 4389 439 4441 multum
477 4394 856 4448 aedificabis?
922 4394 1122 4443 Termll.
1168 4394 1238 4444 De
1272 4394 1361 4454 Po-
1514 4393 1629 4456 Csp.
1669 4393 1750 4442 lll.
1818 4408 1862 4444 a.
1900 4386 2054 4457 retro]
2094 4392 2168 4442 ct.
2203 4392 2364 4443 adnot.
2399 4392 2460 4442 ud
2493 4392 2562 4441 De

261 4459 367 4510 tient.
410 4479 508 4532 cap.
550 4467 632 4515 11.
689 4463 849 4524 ..Lala
898 4469 1039 4525 atque
1084 4462 1257 4511 diffusa
1291 4469 1364 4510 est
1445 4460 1666 4524 Spectac-
1706 4476 1810 4526 esp.
1845 4460 1894 4510 9.

260 4533 437 4594 operatio
478 4529 663 4585 mali.“
1512 4529 1560 4579 b.
1595 4524 1901 4593 ebullissent]
1942 4528 2016 4578 Cf.
2052 4527 2211 4577 adnot.
2247 4527 2306 4577 sd
2340 4526 2407 4576 Ad
2444 4525 2561 4574 Sca-

298 4598 336 4650 h.
378 4612 453 4655 aut
488 4594 783 4668 polluceat]
835 4595 907 4646 Cl.
946 4595 1105 4645 adnot.
1143 4595 1200 4644 ad
1234 4597 1362 4659 Apo·
1447 4595 1547 4659 pul.
1595 4610 1699 4659 esp.
1735 4595 1785 4646 3.
1831 4596 1898 4646 De
1946 4602 2045 4646 toto
2097 4595 2203 4644 loco
2253 4595 2315 4644 d.
2360 4592 2562 4658 Apolog-

246 4666 317 4735 103.
347 4689 445 4740 cap.
485 4671 577 4724 39.
1447 4677 1550 4727 cap.
1586 4662 1666 4712 25.
