3263 5311
758 376 884 440 300
1264 388 1467 440 ommi
1512 387 1778 431 serrum
1817 386 2148 432 noum-ms
2192 386 2598 430 ‘rauranum

759 542 935 607 laude
973 539 1347 621 pepigerunt.
1432 537 1584 600 Ecce
1629 537 1788 602 enim
1832 545 1893 602 et
1935 545 2368 600 tormentorum
2406 537 2720 600 certamina
2745 547 3070 600 coronantur
3145 545 3154 558 ‘

761 663 799 709 a
840 642 1032 705 vobis.
1098 639 1283 702 Attica
1325 638 1367 672 ³¹
1382 638 1706 701 meretrix·
1745 638 2021 702 carnifice
2062 639 2181 702 iam
2222 639 2462 720 fatigato
2506 648 2808 719 postremo
2842 640 3068 719 linguam

764 763 934 810 suam
960 741 1316 806 ”comesam
1357 739 1423 804 in
1464 740 1672 803 faciem
1694 737 1945 821 'tyranni
1991 740 2307 803 saevientis
2337 740 2384 774 ³⁸
2396 740 2659 820 exspuit,
2702 748 2767 802 ut
2790 739 3066 821 ”exsp-ie·
3135 795 3140 802 .

766 854 860 910 ret
902 853 963 908 et
1002 860 1239 917 vocem,
1306 860 1385 905 ne
1428 842 1772 904 coniuratos
1817 842 2088 904 confiteri
2130 850 2371 922 posset,
2437 842 2546 904 ³⁸si
2589 843 2761 904 etiam
2802 841 2939 904 victa
2974 860 3066 903 vo-

766 948 997 1010 luisset.
1072 944 1235 1007 Zeno
1276 943 1567 1010 ”Eleates
1610 943 1921 1006 consultus
1967 963 2001 1006 a
2044 943 2327 1023 Dionysio
2341 956 2386 1017 ⁰,
2431 943 2709 1023 qztiduam
2734 942 3065 1023 philosoplis

766 1054 1130 1129 praestaret,
1196 1063 1331 1107 cum
1382 1044 1805 1125 respondisset
1855 1044 1900 1078 ³⁷
1913 1053 2317 1126 contemptum
2373 1045 2587 1107 mortis
2605 1091 2622 1119 ,
2690 1042 3065 1124 ”inpassibilis

769 1149 1015 1229 flagellis
1061 1146 1291 1227 tyranni
1317 1145 1646 1210 ”obiectus
1692 1146 2047 1210 sententiam
2091 1165 2260 1208 suam
2305 1148 2379 1208 ad
2408 1155 2662 1210 mortem
2690 1164 2872 1225 usqua
2897 1145 3064 1225 signa·

767 1250 889 1314 bat.
975 1248 1147 1312 Certe
1190 1248 1492 1311 Laconum
1536 1248 1805 1328 flagellat»
1847 1248 1960 1311 sub
2005 1239 2194 1311 oculis
2240 1248 2416 1310 etiam
2459 1247 2817 1310 hortantium
2855 1245 3066 1327 propia-

764 1369 1025 1431 quorum
1092 1348 1364 1412 acerbata
1430 1357 1658 1412 tantum
1711 1349 2062 1412 ⁴⁰honorem
2130 1348 2475 1412 tolerantiae
2541 1348 2743 1411 domui
2804 1349 3070 1411 contem

769 1459 1053 1533 quantum
1097 1450 1401 1531 sanguinis
1443 1450 1483 1486 ⁴¹
1500 1451 1779 1516 fuderint.
1869 1451 1920 1514 Ο
1966 1450 2212 1530 gloriam
2253 1449 2470 1512 licitam
2489 1497 2504 1525 ,
2552 1452 2686 1530 quia
2726 1450 3069 1518 “humanam

770 1554 865 1616 cui
908 1571 1021 1615 nec
1060 1551 1467 1633 praesumptio
1509 1553 1740 1633 perdita
1782 1570 1894 1615 nec
1934 1551 2248 1633 persuasio
2293 1551 2608 1632 desperata
2649 1552 2983 1632 ⁴³reputatur
3023 1548 3072 1610 in

770 1661 1111 1734 contemptu
1155 1654 1369 1715 mortis
1415 1661 1475 1714 et
1516 1653 1898 1716 ⁴⁴atrocitatis
1939 1654 1982 1686 ⁴⁵
1998 1653 2403 1728 omnimodae,
2449 1653 2544 1715 cui
2591 1661 2809 1715 tantum
2848 1671 2948 1734 pro
2982 1668 3070 1731 pa-

770 1756 912 1829 tria,
956 1753 1123 1834 ⁴⁰pro
1166 1751 1448 1834 imperio,
1493 1772 1603 1834 pro
1650 1754 1900 1817 amicitia
1927 1754 2103 1834 ⁴⁷pati
2145 1754 2507 1835 permissum
2553 1763 2645 1817 est
2685 1763 2948 1834 quantum
2982 1767 3071 1831 pro

772 1855 885 1917 deo
928 1873 1053 1916 non
1095 1852 1260 1916 licet!
1326 1854 1402 1917 Et
1442 1863 1642 1916 tamen
1687 1855 1801 1916 illis
1847 1854 2124 1918 omnibus
2151 1855 2310 1918 ‘'bet
2353 1864 2582 1919 statuas
2613 1853 2991 1926 “defunditi3,
3029 1859 3073 1913 et

772 1955 1060 2035 imagines
1104 1955 1150 1988 ⁴⁹
1164 1955 1514 2025 inscribitis,
1571 1965 1631 2018 et
1675 1956 1882 2018 titulos
1926 1956 2185 2019 inciditis
2230 1957 2349 2018 ”in
2394 1959 2818 2020 aeternitatem.
2901 1955 3073 2027 Quan-

773 2065 900 2119 tum
944 2058 1017 2119 de
1060 2057 1499 2120 monumentisff
1543 2056 1801 2138 potestis
1844 2056 2099 2132 scilicet,
2143 2059 2460 2139 praestatis
2506 2068 2571 2121 et
2609 2060 2649 2091 ⁸¹
2666 2057 2778 2138 ipsi
2826 2054 3074 2137 quodam-

773 2158 954 2222 modo
999 2158 1252 2226 mortuis
1297 2159 1819 2222 resurrectionem.
1918 2157 2086 2222 Hanc
2136 2159 2236 2238 qui
2289 2177 2489 2221 veram
2533 2180 2570 2221 a
2614 2160 2725 2222 deo
2771 2165 2979 2238 sperat,
3034 2152 3075 2214 si

772 2277 884 2340 pro
929 2261 1041 2323 deo
1085 2259 1425 2340 ”patiatun
1472 2260 1718 2321 insanus
1764 2267 1874 2322 est.
1962 2258 2081 2321 Sed
2123 2258 2295 2321 ”hoc
2336 2260 2522 2341 agite,
2581 2260 2724 2322 boni
2763 2255 3073 2341 praesides',

772 2361 1052 2423 meliores
1096 2360 1281 2423 multo
1326 2361 1480 2440 apud
1523 2360 1812 2442 populum
1856 2361 1908 2421 si
1951 2361 1992 2393 Μ
2006 2361 2122 2422 illis
2152 2361 2585 2434 “Christianos
2630 2356 3074 2424 immolaveritir.

698 2477 703 2482 ’
772 2480 855 2531 31.
894 2480 1127 2545 quaedam
1166 2480 1389 2530 meretrix
1424 2476 1468 2527 λ.
1578 2480 1661 2530 32.
1699 2495 1942 2531 comesam
1978 2481 2121 2545 ABFs.
2164 2481 2356 2533 vindob.
2428 2496 2702 2533 cumessam
2741 2483 2788 2532 G.
2857 2484 3077 2529 comestam

772 2548 1010 2599 DEobcde.
1047 2549 1221 2613 Erfurt.
1345 2546 1428 2598 33.
1470 2550 1659 2614 exspuit
1693 2543 2018 2612 DEfflabcdes.
2056 2549 2227 2613 Erfurt.
2269 2550 2417 2599 Oxou.
2500 2550 2700 2614 expellit
2731 2548 2883 2600 ABFG.
2922 2543 3077 2594 Vindob-

774 2615 858 2667 34.
895 2615 1159 2681 expelleret
1192 2610 1237 2663 λ.
1359 2614 1442 2666 35.
1479 2617 1667 2667 etiamsi
1702 2611 1747 2663 λ.
1869 2615 1951 2668 36.
1991 2616 2170 2667 eleates
2204 2616 2405 2670 ABEFG.
2524 2618 2610 2669 37.
2659 2624 2890 2669 contemtu
2922 2613 3077 2664 flavere.

774 2683 856 2735 38.
898 2685 1196 2748 inpassibilis
1241 2682 1516 2735 ABDEFGd.
1559 2687 1751 2737 l'indob.
1786 2685 1959 2749 Erfurt.
2008 2685 2195 2735 Panaetii
2229 2685 2356 2736 libri.
2443 2686 2823 2751 impassibilibus
2857 2684 2947 2735 obe.
3005 2680 3077 2729 im·

696 2764 701 2768 ·
767 2753 1049 2818 passibilem
1089 2753 1190 2801 lieri
1225 2746 1272 2798 λ.
1313 2753 1503 2803 Havete.
1569 2753 1789 2803 Ominum
1825 2758 1884 2817 cs.
2003 2751 2085 2802 39.
2137 2752 2356 2803 obiectus
2387 2755 2704 2806 ADEFobcde.
2748 2753 2926 2802 Vindob.
2958 2748 3078 2799 Oxos.

767 2821 1297 2884 Erfurtfflometiilibri.
1366 2820 1582 2870 abiectus
1620 2821 1709 2871 BG.
1777 2821 2023 2871 subiectus
2055 2815 2121 2885 25⁴.
2143 2821 2333 2873 Hoverc.
2435 2822 2521 2874 40.
2561 2823 2720 2872 honor
2748 2828 2820 2871 est
2840 2814 3079 2868 tolerantiae

767 2887 941 2937 deinde
978 2888 1233 2938 conferunt
1268 2888 1352 2937 Da.
1425 2888 1623 2937 honoris
1661 2887 1945 2937 tolerantiae
1981 2888 2144 2938 domui
2167 2888 2318 2948 (domi
2340 2881 2558 2949 flavere-5
2592 2891 2842 2940 conserunt
2864 2882 3077 2935 2„me-

769 2963 951 3005 tantum
1002 2955 1235 3005 honorem
1288 2955 1544 3005 conferunt
1576 2961 1611 3019 Ῑ.
1728 2956 1811 3005 41.
1848 2956 2077 3006 fuderunt
2125 2956 2175 3006 G.
2214 2957 2404 3008 florere.
2521 2958 2606 3008 42.
2647 2960 2847 3007 humana
2879 2949 2922 3001 λ.
3014 2945 3078 2999 43.

768 3021 1026 3088 deputatur
1061 3023 1268 3085 flavere„
1310 3024 1607 3083 <tumninio
1650 3023 1831 3073 Ursino.
1936 3022 2020 3074 44.
2056 3023 2282 3074 atrocitas
2317 3025 2368 3075 f.
2395 3026 2592 3076 vindob.
2694 3024 2777 3074 45.
2813 3021 2935 3072 omni
2963 3014 3077 3068 modo

767 3084 871 3141 aab.
978 3090 1061 3139 46.
1098 3106 1188 3155 pro
1224 3105 1360 3152 agro,
1397 3104 1485 3156 pro
1524 3092 1727 3154 imperio
1762 3085 1809 3137 λ.
1849 3091 2038 3143 flavere.
2162 3090 2245 3141 47.
2293 3092 2392 3156 pati
2440 3108 2532 3143 om.
2568 3088 2616 3140 λ.
2742 3090 2865 3142 4¹11».
2912 3099 3004 3139 cum
3043 3087 3080 3131 el

770 3166 955 3207 statuas
990 3159 1120 3209 Fulv.
1159 3159 1368 3208 Ursinus.
1474 3158 1557 3207 48.
1595 3159 1861 3208 diffunditis
1895 3159 2035 3209 Dabo.
2107 3158 2366 3211 decernitis
2399 3155 2445 3207 λ.
2542 3160 2626 3212 49.
2664 3159 2870 3211 scribitis
2900 3152 2942 3203 λ.
3016 3149 3081 3201 50·

770 3226 818 3274 in
856 3242 945 3275 om.
984 3228 1073 3274 aln-
1154 3226 1236 3275 51.
1274 3226 1395 3288 ipsis
1431 3229 1557 3276 abt-e.
1677 3224 1758 3275 52.
1806 3227 1987 3289 patitur
2029 3227 2083 3276 D.
2189 3225 2270 3278 53.
2320 3228 2413 3277 hoc
2457 3229 2528 3279 vel
2581 3229 2706 3291 agite
2740 3229 2791 3278 F.
2890 3222 2963 3274 54.
3004 3218 3079 3269 illu

770 3309 857 3342 om.
897 3294 949 3342 D.
1021 3291 1131 3340 illos
1166 3293 1216 3342 F.
1322 3292 1404 3342 55.
1444 3294 1731 3344 Christianis
1771 3292 2085 3344 immolaretis
2112 3295 2301 3345 Vindob.
2375 3295 2680 3347 Christianos
2715 3290 3016 3360 ymmolaretia
3039 3283 3080 3336 f.

771 3360 855 3408 Pro
894 3359 1045 3408 multo
1083 3361 1133 3408 in
1170 3360 1219 3409 G.
1258 3366 1324 3409 est
1365 3361 1585 3411 multum.

840 3474 885 3508 n.
924 3459 1072 3509 Attica
1110 3457 1359 3527 meretrix]
1428 3461 1496 3511 De
1549 3464 1643 3513 hoc
1677 3463 1895 3512 Leaenae
2017 3474 2036 3491 ²
2069 3478 2116 3527 p.
2153 3462 2389 3513 Locorum
2427 3461 2646 3530 flagella]
2717 3465 2764 3512 V.
2801 3463 2985 3513 Pausau.
3015 3451 3080 3507 nt.

771 3527 963 3577 fortiter
1009 3528 1136 3577 sacto
1173 3544 1215 3577 v.
1254 3528 1456 3579 Pausan.
1496 3529 1535 3588 l,
1572 3529 1656 3579 23.
1725 3530 1894 3580 Athen.
2001 3531 2082 3591 16,
2132 3530 2181 3579 7.
2231 3531 2385 3581 Daris.
2436 3533 2494 3581 ad
2545 3533 2646 3584 Cic.
2694 3530 2884 3581 Tuscul.
2919 3528 2972 3583 V,
3018 3518 3081 3571 27-

771 3595 1002 3659 Deipaos.
1040 3594 1176 3655 xtu,
1214 3611 1258 3659 p.
1292 3595 1411 3646 596.
1475 3598 1593 3647 Plin.
1633 3598 1752 3647 liist.
1789 3596 1893 3647 Nat.
1998 3598 2153 3647 Haase
2173 3599 2231 3647 ad
2252 3599 2632 3664 Xenoph.Resp.
2656 3601 2829 3650 Lacon.
2864 3612 2908 3661 p.
2923 3592 2981 3644 80
2995 3600 3080 3652 wll·

770 3662 867 3721 vn,
904 3660 985 3713 23.
1024 3671 1072 3713 et
1105 3663 1296 3724 xxxiv,
1332 3664 1383 3715 8.
1422 3664 1521 3714 Cic.
1556 3665 1617 3715 de
1644 3665 1807 3716 Gloria
1845 3679 1893 3728 p.
1998 3664 2199 3715 Mueller
2221 3666 2391 3716 Dorier
2413 3667 2470 3728 ll,
2492 3668 2675 3731 pata,
2698 3667 2758 3716 cf.
2786 3659 3081 3729 l,p.38¹⁹ll‘l·

768 3729 887 3782 488.
942 3731 1094 3781 Orell.
1144 3730 1357 3783 Laetant.
1407 3729 1508 3782 niv.
1560 3734 1676 3782 lnst.
1715 3732 1762 3791 l,
1811 3731 1894 3783 20.
1997 3733 2163 3784 Mauso
2201 3734 2373 3797 Sparta
2411 3735 2449 3795 Ι,
2487 3732 2535 3784 2.
2612 3772 2623 3784 .
2666 3734 2779 3785 183.

769 3798 973 3849 Tertull.
1008 3800 1077 3851 Ad
1114 3800 1305 3863 Martyr.
1341 3814 1448 3865 sap.
1469 3800 1518 3849 4.
1542 3801 1626 3851 ⁸1d.
1663 3801 1733 3850 Ad
1768 3801 1892 3851 Natt.
2066 3817 2114 3866 q.
2149 3801 2211 3851 de
2248 3804 2573 3853 monumentis
2649 3802 2716 3852 De
2753 3802 2791 3850 ri
2827 3800 3083 3848 instrumen-

770 3867 810 3927 Ι,
852 3867 927 3917 18.
2002 3869 2086 3918 tali
2132 3871 2189 3920 de
2236 3870 2613 3934 praepositionis
2661 3870 2753 3920 dixi
2803 3867 2860 3917 ad
2894 3864 2954 3915 De
2984 3858 3083 3924 Spe·

838 3948 887 3984 ο.
924 3930 1175 3999 Dionysio]
1229 3935 1323 3985 Pro
1359 3936 1589 4000 Dionysio
1626 3936 1898 3986 Nearchum
2002 3944 2122 3987 ctae.
2160 3952 2265 4003 cap.
2303 3937 2387 3988 25.
2521 3944 2534 3953 ·
2807 3922 2826 3947 ³

770 4001 1022 4064 appellant
1057 4002 1194 4064 uiog.
1214 4003 1370 4053 Laert.
1402 4004 1478 4064 lx,
1503 4004 1586 4054 25.
1623 4003 1762 4054 Diod.
1798 4004 1894 4054 Sic.
2068 4018 2109 4053 r.
2145 4005 2260 4055 honi
2290 4001 2564 4070 praesides]
2608 4004 2815 4055 Retrahe
2838 3993 3084 4050 seutentiam

771 4067 827 4115 Χ.
862 4082 908 4130 p.
947 4066 1031 4118 62.
1068 4076 1182 4118 tom.
1230 4069 1302 4119 ΙΙΙ.
1352 4071 1429 4120 ed.
1485 4070 1689 4121 wessel.
1743 4071 1897 4121 Valet.
2000 4086 2027 4121 a
2066 4085 2141 4122 me
2179 4071 2240 4122 ad
2262 4072 2463 4122 ’initium
2486 4073 2596 4123 libri
2621 4073 2873 4137 prolatam,
2907 4077 2990 4130 qua
3007 4058 3084 4109 sn·
3193 4090 3194 4093 =

771 4133 958 4184 Maxim.
995 4134 1078 4194 ΙΙΙ,
1114 4134 1183 4194 3.,
1218 4135 1468 4200 Demylum
1505 4148 1674 4189 contra
1704 4137 1895 4188 Plutar-
1998 4139 2120 4190 sebii
2157 4141 2429 4190 auctoritati
2451 4140 2668 4205 adquievi
2693 4134 2964 4190 affirmantia
2979 4129 3085 4191 Apo·

773 4200 894 4251 chus
939 4195 1065 4267 περὶ
1097 4201 1349 4251 Στωικόν
1381 4196 1811 4272 ἐναντιωμάτων
1843 4222 1893 4271 p.
1999 4206 2256 4269 lugeticum
2294 4208 2446 4261 fuisse
2493 4209 2553 4258 ad
2600 4214 2821 4257 senatum
2856 4202 3084 4251 Romanum

776 4267 924 4318 1051.
961 4270 1016 4321 C.
1052 4276 1100 4319 et
1135 4270 1237 4321 adv.
1260 4270 1417 4323 Colot.
1447 4272 1641 4337 Epicur.
1677 4288 1723 4337 p.
1749 4273 1897 4325 1126.
2000 4277 2268 4340 scriptum.¹
2320 4276 2558 4327 Psoesides
2607 4276 2736 4326 enim
2782 4273 2850 4321 vix
2885 4266 2958 4319 alii
2989 4272 3086 4327 pos·
3193 4306 3194 4335 3

772 4335 826 4387 C.
877 4336 1103 4389 Clemens
1155 4337 1286 4387 Alex.
1338 4340 1518 4391 Strom.
1573 4340 1645 4390 tv.
1693 4357 1739 4406 p.
1778 4341 1896 4393 589.
1998 4350 2113 4393 sunt
2163 4342 2212 4392 h.
2250 4341 2283 4393 l.
2329 4343 2551 4406 intellegi
2605 4342 2699 4393 nisi
2755 4334 3086 4405 provinciarum·
3193 4340 3194 4377 ἲ

768 4403 895 4455 rou.
931 4406 1006 4455 ct.
1027 4405 1183 4456 Vates.
1204 4405 1262 4456 ad
1284 4408 1520 4458 ammian.
1546 4408 1759 4459 Marcell.
1781 4411 1896 4472 xlv,
2000 4424 2208 4475 qaorum
2232 4424 2359 4462 unus
2396 4420 2500 4461 erat
2517 4411 2749 4474 Scapula,
2785 4406 2843 4456 ad
2869 4412 2996 4468 quem
3013 4407 3086 4471 139·
3193 4400 3194 4423 ¹

768 4471 819 4523 9.
867 4474 958 4525 alii
995 4473 1393 4537 Diomedontem3
1443 4477 1507 4525 cl.
1548 4476 1685 4539 Βίας.
1733 4478 1893 4529 Laert.
2000 4478 2232 4528 euliarem
2270 4477 2602 4529 Tertullianus
2638 4478 2686 4528 in
2725 4474 2886 4526 eadem
2920 4473 3086 4518 materia

767 4539 802 4590 l.
840 4540 873 4590 1.
908 4541 1050 4592 Adire
1086 4542 1250 4605 possis
1285 4543 1428 4594 etiam
1466 4543 1564 4595 Cic.
1601 4545 1797 4597 Tuscul.
1833 4546 1896 4607 ll,
2000 4544 2218 4595 libellum
2256 4546 2468 4610 scripsit.
2529 4546 2604 4596 ct.
2625 4543 2761 4609 Apol.
2795 4527 3088 4603 cap.9.etug

770 4605 855 4658 22.
891 4617 940 4661 et
974 4610 1034 4661 de
1069 4610 1178 4662 Nat.
1213 4609 1357 4662 Deor.
1396 4610 1479 4675 ΙΙΙ,
1516 4611 1598 4663 33.
2066 4627 2112 4664 s.
2147 4613 2375 4665 meliores
2425 4614 2578 4666 multo
2629 4610 2757 4679 apud
2800 4603 3016 4674 populum
3054 4607 3090 4644 ⁸¹
