3263 5311
2578 374 2604 401 Γ

1172 389 1249 432 ns
1290 386 1705 434 motorum.
2511 370 2613 461 ¹9.)

262 547 451 615 nent3
494 538 613 601 illis
656 537 700 570 ⁴⁴¹
713 545 1056 615 competunt
1097 544 1158 599 et
1197 536 1535 599 testimonia
1578 536 1956 598 tenebrarum
1998 542 2060 596 et
2099 532 2361 613 auspicia
2390 552 2618 613 poena-

259 659 421 702 rum.
512 640 605 700 Tu
633 638 834 701 lumen
879 657 945 698 es
989 637 1192 698 mundi
1236 645 1297 698 et
1337 638 1513 698 arbor
1553 638 1753 699 virens
1797 653 2052 715 semper.
2142 634 2206 697 si
2250 635 2496 714 templis
2511 654 2614 697 re-

257 740 591 813 nuntiasti,
655 758 731 800 ne
772 739 984 800 seceris
1027 738 1309 819 templum
1354 739 1585 801 ianuam
1630 748 1811 799 tuam.
1899 736 2093 797 Minus
2135 735 2281 797 dixi:
2348 736 2402 797 si
2441 735 2613 814 lupa-

257 840 514 901 naribus
579 839 964 913 renuntiasti,
1026 857 1105 901 ne
1166 840 1432 903 indueris
1475 836 1734 901 “domui
1790 844 1923 899 tuae
1985 837 2193 899 faciem
2259 836 2398 898 novi
2441 835 2611 914 lupa-

256 954 491 1001 nanst’.
1516 946 1525 953 “

442 1038 609 1100 Circa
653 1038 840 1100 officia
896 1057 1036 1101 vero
1079 1040 1438 1119 privatarum
1501 1046 1561 1100 et
1612 1037 2051 1099 communium·
2094 1035 2605 1109 'sollemnitatum
2677 1045 2912 1101 cnr-¹¹1¹-

255 1148 335 1201 ut
376 1139 833 1219 togae-puraeb,
899 1148 965 1201 ut
1018 1142 1415 1220 sponsalium,
1479 1149 1545 1201 ut
1587 1138 2003 1219 'nuptialium,
2065 1144 2132 1197 ut
2172 1134 2611 1211 nominalium-3

258 1240 497 1301 nullum
541 1248 743 1319 putem
786 1240 1111 1320 periculum
1156 1242 1458 1302 observari
1501 1241 1575 1301 de
1618 1241 1761 1300 flatu
1802 1237 2221 1309 ’idololatriam
2287 1235 2469 1315 ⁴quae
2512 1236 2609 1298 iu-

260 1340 540 1402 terveuit.
629 1340 852 1401 Causae
896 1341 1053 1403 enim
1097 1350 1241 1404 sunt
1284 1340 1780 1413 considerandae,
1838 1339 2054 1418 quibus
2096 1344 2430 1417 praestatur
2475 1336 2609 1398 offi-

256 1442 447 1502 cium.
534 1439 650 1501 Eas
694 1442 944 1502 mundas
987 1461 1121 1503 esse
1165 1443 1379 1522 opinor
1421 1461 1529 1523 per
1570 1439 1955 1519 semetipsas,
2012 1439 2148 1518 quia
2190 1456 2382 1515 neque
2427 1437 2609 1498 vesti-

256 1550 363 1603 tus
409 1540 595 1602 virilis
639 1558 832 1620 neque
872 1541 1160 1603 ‘anulus‘
1202 1553 1303 1605 aut
1345 1543 1682 1604 coniunctio
1727 1539 2007 1602 maritalis
2052 1539 2125 1600 de
2168 1537 2412 1599 alicuius
2467 1536 2608 1597 idoli

254 1642 497 1702 honore
539 1641 860 1703 descendit.
944 1642 1180 1703 Nullum
1235 1644 1488 1723 denique
1544 1642 1764 1703 cultum
1819 1660 1854 1702 a
1907 1641 2019 1702 deo
2075 1639 2448 1700 maledictum
2511 1638 2610 1699 in·-

254 1742 460 1815 venio,
506 1742 626 1803 nisi
667 1742 1014 1804 muliebrem
1057 1743 1118 1803 in
1164 1744 1311 1805 viro.
1398 1744 1740 1806 Maledictus
1784 1742 1973 1815 enim,
2018 1739 2228 1820 iuquit,
2275 1739 2469 1800 omnis
2515 1737 2613 1818 qui
2639 1746 2911 1841 flung-1³¹¹.

258 1842 690 1904 muliebribus·
733 1842 1016 1904 induitur.
1105 1843 1268 1923 Toga
1311 1862 1451 1906 vero
1507 1846 1685 1906 etiam
1748 1841 2191 1923 ‘appellationis
2234 1839 2417 1901 virilis
2463 1836 2604 1901 est‘.
2771 1830 2782 1841 ⁸

258 1926 516 2022 Nuptias
560 1960 797 2022 quoque
839 1942 1123 2004 celebrari
1188 1963 1312 2005 non
1370 1943 1556 2023 magis
1612 1945 1761 2006 deus
1827 1942 2104 2024 prohibet
2159 1932 2334 2021 c‘Juam
2390 1958 2610 2002 nomen

260 2043 515 2124 imponi.
583 2043 701 2105 Sed
745 2043 841 2103 bis
885 2045 1402 2106 accommodantur
1444 2045 1747 2106 sacrificia.
1822 2043 1987 2104 ⁷Sim
2031 2051 2270 2104 vocatus
2313 2042 2460 2103 ⁸nec
2500 2041 2609 2105 ad-

260 2143 580 2205 sacrificiiss
622 2144 704 2206 sit
757 2143 963 2205 titulus
1020 2145 1229 2220 officii,
1287 2156 1348 2207 et
1403 2165 1618 2243 operae
1672 2164 1838 2208 meae
1903 2143 2219 2225 expunctio
2290 2141 2611 2222 'quantum
2661 2224 2670 2233 ο

267 2346 350 2396 47.
391 2354 673 2410 competunt
708 2345 979 2396 testimonia
1017 2354 1100 2397 aut
1133 2348 1343 2411 auspicia
1359 2349 1409 2399 A.
1513 2347 1595 2397 48.
1633 2347 1796 2397 domui
1829 2348 1912 2399 Ab.
1982 2344 2114 2395 domi
2146 2346 2334 2410 reliqui.

398 2429 516 2492 Cap.
556 2429 668 2479 xvi.
775 2428 820 2480 1.
857 2429 1230 2480 sollemnitatum
1267 2429 1366 2493 Αβ.
1526 2431 1571 2482 2.
1610 2432 1884 2494 nuptiarum
1922 2432 2046 2493 qu.
2183 2427 2232 2478 3.
2268 2426 2520 2477 idolatriae
2553 2428 2605 2477 Α.

259 2497 309 2546 4.
348 2511 474 2560 quae
510 2512 598 2545 om.
631 2498 685 2546 A.
805 2496 854 2546 5.
890 2498 1064 2547 anulus
1099 2496 1233 2561 ΑβΒ.
1358 2498 1406 2549 6.
1443 2498 1783 2564 appellationis
1815 2499 1933 2549 ABlv.
2003 2495 2328 2561 appellatione
2376 2494 2451 2545 Cu.
2555 2495 2604 2545 7.

257 2565 363 2615 Sim
403 2572 600 2613 vocatus
631 2565 713 2615 Ab.
783 2565 823 2613 si
862 2565 1106 2614 invocatus
1140 2567 1191 2615 B.
1261 2565 1311 2615 Si
1348 2567 1394 2616 in
1430 2577 1594 2617 vocatu
1637 2568 1711 2617 Ca.
1795 2567 1836 2615 si
1867 2567 1958 2615 sim
1993 2572 2187 2614 vocatus
2223 2564 2350 2613 fulv.
2391 2563 2600 2623 Ursinus,

258 2633 327 2682 Lu
361 2632 519 2682 Cerdu-
590 2631 640 2680 Si
680 2646 769 2680 nec
804 2631 852 2682 in
888 2640 1055 2682 vocatu
1088 2633 1315 2693 Latinius,
1351 2635 1426 2684 Fr.
1463 2636 1639 2685 lunius.
1762 2632 1809 2684 8.
1846 2649 1936 2684 nec
1983 2632 2264 2682 adsacrificii
2301 2631 2364 2680 sit
2400 2632 2444 2681 b.
2515 2645 2604 2680 nec

258 2700 323 2758 ad
363 2699 611 2749 sacrificiis
645 2701 708 2748 sit
741 2700 791 2749 A.
864 2715 954 2749 uec
988 2700 1035 2749 in
1072 2703 1317 2752 sacrificiis
1352 2702 1469 2755 BCa.
1503 2704 1634 2753 fulv.
1672 2701 1891 2761 Ursinus,
1939 2703 2004 2751 La
2042 2702 2211 2761 cndu,
2253 2700 2487 2759 Latinius,
2525 2699 2602 2747 Fr.

258 2768 451 2817 huius.
549 2765 600 2815 9.
634 2775 867 2831 quantum
902 2768 994 2817 sibi
1033 2768 1239 2819 libetAb.
1311 2785 1433 2834 quae
1468 2779 1569 2819 tum
1604 2769 1695 2818 sibi
1735 2768 1852 2818 libet
1868 2769 1920 2818 B.
1990 2768 2104 2832 quid
2140 2762 2283 2815 tum?
2316 2766 2357 2814 si
2395 2764 2602 2814 libeth.

1474 2919 1645 2969 aetatis
1669 2917 1857 2966 decimo
1886 2915 2124 2979 septim03
2160 2914 2294 2978 prius
2313 2914 2437 2962 euim
2457 2926 2601 2975 prae-

1476 2985 1636 3035 textati
1696 2992 1845 3033 erant.
1929 2983 2028 3031 Cic.
2075 2982 2223 3044 Epist.
2274 2979 2352 3039 lx,
2411 2978 2494 3029 22.
2540 2981 2601 3029 ad

1473 3054 1695 3102 Atticum.
1734 3052 1805 3100 ct.
1844 3049 1912 3098 De
1938 3050 2144 3098 Corona.
2182 3048 2280 3106 (Fr.
2315 3046 2520 3106 lunius.)

1545 3135 1584 3168 c.
1623 3111 1961 3180 nominalium]
1998 3115 2205 3164 Macrob.
2229 3114 2418 3163 Saturn.
2457 3112 2600 3173 Ι,16.

1475 3188 1597 3248 „Est
1636 3194 1791 3236 autem
1830 3185 1933 3234 dieo
1970 3183 2210 3238 lustricus,
2259 3196 2354 3245 quo
2390 3180 2600 3230 infantes

250 2917 490 2966 Laetam:
538 2916 673 2977 „Nec
705 2917 933 2982 capillum
971 2920 1163 2980 irrufes,
1216 2927 1263 2969 et
1297 2921 1389 2969 ali-

252 2985 377 3049 quid
409 2984 455 3033 ei
484 2984 545 3034 de
575 2987 822 3045 gebennas
850 2985 1038 3047 ignibus
1068 2986 1390 3051 auspiceris.“

324 3067 378 3115 p.
429 3053 537 3100 novi
586 3049 854 3116 lupanaris]
900 3055 1099 3117 Apolog.
1153 3069 1254 3118 cap.
1308 3052 1389 3103 35.

251 3133 388 3180 „cur
424 3118 503 3168 die
539 3118 660 3168 laeto
686 3134 780 3169 non
812 3119 991 3170 laureis
1024 3131 1188 3187 postes
1215 3122 1390 3170 obum-

250 3188 462 3236 bramus
509 3201 598 3235 nec
645 3187 855 3237 lucernis
906 3190 1035 3238 diem
1069 3190 1391 3251 infringimus.

251 3254 474 3303 Honesta
510 3268 591 3302 res
626 3262 700 3304 est
732 3255 1056 3306 sollemnitate
1082 3257 1272 3320 publica
1291 3256 1390 3306 exi-

248 3329 401 3382 gente
449 3322 608 3370 domui
650 3329 759 3372 tuae
806 3325 1001 3374 iadau
1046 3327 1251 3374 habitum
1297 3326 1388 3373 oli-

247 3391 392 3439 cuins
439 3390 550 3436 novi
594 3389 893 3452 lupanaris.“
959 3391 1026 3440 Ad
1064 3392 1203 3441 Uxor.
1241 3391 1301 3449 ll,
1337 3391 1384 3440 6.

246 3464 345 3515 „et
379 3453 612 3517 procedet
646 3456 742 3515 (dei
779 3457 971 3517 ancilla)
1008 3458 1069 3507 de
1104 3460 1243 3508 ianua
1281 3459 1386 3506 lau·
1440 3501 1449 3510 .

246 3528 390 3571 reata
426 3529 476 3571 et
513 3522 773 3582 lucernata,
808 3532 859 3574 ut
892 3529 950 3575 de
970 3542 1087 3576 noue
1112 3527 1386 3577 consistorio

244 3591 505 3639 libidinum
535 3591 883 3653 publicanan.“
919 3592 991 3642 Cf.
1016 3593 1234 3656 Propert.
1254 3593 1384 3654 Eleg.

245 3656 289 3715 1,
352 3655 433 3713 16,
480 3655 528 3704 ¹1.
597 3656 737 3706 Lauri
799 3667 845 3708 et
903 3662 1035 3710 faces
1082 3661 1278 3724 proprie
1326 3659 1384 3708 ad

246 3722 491 3785 nuptialia
542 3726 860 3786 pertinebant.
932 3728 1003 3777 Cf.
1056 3728 1267 3778 Hildebr.
1324 3728 1385 3776 ad

242 3790 397 3853 Apul.
436 3790 622 3840 Metam.
662 3792 731 3851 tv,
770 3791 851 3843 26.
888 3810 934 3856 p.
970 3793 1086 3845 277.

326 3857 445 3920 Cap.
483 3857 593 3907 ΧΠ.
664 3874 708 3909 a.
744 3858 1094 3927 communium]
1136 3863 1195 3912 Ut
1228 3863 1384 3925 priva-

249 3933 336 3972 tae
369 3923 720 3980 sollemnitates
755 3927 993 3988 dicuutur,
1029 3944 1151 3993 quae
1174 3931 1257 3979 uni
1279 3937 1384 3978 tan-

248 3999 360 4040 tum
396 4006 635 4054 personae
661 3995 962 4053 conveniunt,
998 3997 1061 4044 ita
1087 4010 1385 4054 communes,

248 4072 383 4122 quae
417 4059 623 4119 duabus,
658 4069 711 4109 ut
744 4070 856 4110 sunt
876 4064 1086 4126 nuptiae,
1123 4064 1384 4127 sponsalia.

245 4125 341 4184 (La
402 4125 594 4186 Cerda.)
666 4128 739 4177 Cf.
800 4129 1006 4179 casaub.
1073 4132 1133 4181 ad
1186 4135 1384 4182 Sueton.

242 4196 450 4252 August.
486 4208 593 4257 cap.
631 4193 713 4244 53.
786 4232 800 4245 .
837 4195 952 4246 239.

322 4258 370 4307 b.
407 4268 546 4321 togae
583 4277 735 4324 purae
807 4262 858 4312 ld
895 4271 969 4312 est
1003 4263 1198 4313 vestitus
1234 4263 1384 4312 virilis

240 4326 327 4382 (ut
359 4329 782 4392 post‚exponitur)
820 4338 928 4390 toga
963 4338 1207 4393 praetexta
1232 4330 1385 4395 depo-

241 4393 359 4442 sita.
434 4395 543 4444 Erat
588 4404 751 4446 autem
807 4397 924 4445 baec
971 4406 1077 4457 toga
1113 4412 1233 4460 pura
1271 4412 1388 4446 can·

240 4460 376 4520 dida,
432 4477 574 4526 quam
611 4466 809 4512 tirones
840 4463 1138 4512 Liberalibus
1174 4465 1245 4513 vel
1284 4477 1387 4514 ma·

238 4543 367 4588 gnae
405 4544 616 4581 coronae
653 4531 735 4578 die
773 4528 1033 4579 induebant
1069 4531 1275 4593 primum
1309 4531 1386 4580 die

238 4595 447 4648 tirocinii
481 4600 577 4662 sui,
630 4588 918 4649 ὅλόλευκος
948 4588 1220 4660 τήβεννος.
1260 4612 1386 4648 anno

1476 3256 1744 3305 lustrantur
1789 3260 1837 3301 et
1883 3265 2058 3302 nomen
2108 3250 2375 3312 accipiunt;
2422 3248 2507 3297 sed
2559 3249 2599 3296 is

1472 3324 1684 3372 maribus
1732 3335 1920 3376 nonus,
1981 3327 2174 3368 octavus
2233 3324 2308 3365 est
2352 3316 2597 3364 seminis.“

1473 3391 1649 3440 Eadem
1687 3389 1831 3437 babet
1867 3386 2044 3435 Paulus
2080 3385 2205 3433 Diae.
2243 3399 2285 3433 s.
2320 3399 2360 3432 v.
2399 3384 2599 3433 Lusii-ici

1471 3461 1571 3507 dies
1618 3473 1666 3520 p.
1710 3455 1820 3505 120.
1859 3453 2015 3502 Muell.
2054 3453 2212 3502 Gloss.
2250 3452 2348 3499 Vct.
2394 3450 2596 3509 „Nomi-

1472 3526 1614 3579 natia.
1653 3514 2128 3587 ὄνοματοθεσία.“
2177 3519 2248 3568 Cf.
2286 3517 2464 3567 Becker
2483 3517 2596 3567 Gal-

1472 3593 1549 3642 lus
1586 3594 1621 3652 l,
1658 3607 1705 3654 p.
1743 3589 1842 3649 26„
1882 3589 2069 3638 Lobcck
2106 3585 2335 3648 Aglaopb.
2372 3584 2409 3644 l,
2445 3583 2561 3633 434.

1538 3660 1586 3707 d.
1636 3651 1832 3722 anulu's]
1886 3657 1960 3706 Cl'.
1997 3654 2157 3704 Barth.
2203 3654 2426 3702 Adversa.
2473 3651 2513 3709 1,
2548 3652 2598 3731 83

1468 3742 1516 3792 n·
1538 3727 1957 3851 gli-nuliebribus]
1997 3786 2069 3836 Cl'.
2104 3787 2264 3835 adnot.
2302 3784 2359 3833 ad
2387 3783 2456 3831 De
2474 3782 2596 3845 Spe-

1420 3849 1435 3856 *
1470 3870 1587 3911 ctae..
1625 3875 1730 3923 cap.
1773 3857 1848 3906 17.

1540 3929 1570 3976 t'.
1624 3923 1964 3989 appellationis
2001 3920 2147 3969 virilis
2184 3891 2281 3981 esi]
2318 3916 2598 3979 Appellatur

1471 3995 1612 4045 etiam
1649 4002 1758 4055 toga
1793 3990 1961 4049 virilis,
2019 4002 2116 4037 non
2150 3986 2436 4048 simpliciter
2472 3992 2596 4045 toga.

1469 4062 1682 4124 (Rigalt.)
2357 4117 2367 4127 .
2558 4117 2567 4126 .

1538 4144 1583 4192 g.
1631 4118 1940 4188 adsacrificii]
1989 4122 2125 4171 Hunc
2158 4118 2320 4167 locum
2355 4132 2402 4166 in
2439 4129 2596 4166 omni-

1391 4243 1397 4251 .
1469 4198 1558 4246 bus
1595 4196 1733 4245 libris
1767 4193 1907 4243 editis
1943 4187 2386 4252 depravatissimum
2429 4199 2595 4233 emen·

1471 4264 1685 4313 «lavimus
1734 4275 1790 4310 ex
1836 4258 2000 4308 codice
2034 4253 2287 4320 Agobardi.
2357 4252 2596 4300 Emenda-

1472 4332 1651 4381 tioaem
1685 4328 1980 4377 verissimam
2019 4338 2126 4371 esse
2166 4319 2478 4384 probabimus
2515 4331 2596 4366 ex-

1470 4397 1743 4462 plicatione.
1794 4390 2076 4444 Cbristianis
2111 4387 2358 4450 gentilium
2383 4384 2596 4434 dominio

1470 4465 1676 4514 subditis
1723 4458 2140 4525 frequentissimae
2189 4452 2482 4503 occurebant
2518 4465 2598 4499 ra·

1471 4532 1626 4582 tiones
1683 4526 1948 4578 haesitandi
1997 4519 2395 4581 consultandique
2440 4531 2498 4565 an
2552 4521 2599 4563 et

1471 4606 1709 4663 quatenus
1758 4593 2078 4660 potestatibus
2114 4586 2316 4639 ethnicis
2353 4587 2599 4647 imperan-
