3263 5311
1156 480 1233 523 aa
1277 482 1597 527 punicum.
2422 478 2547 544 817

201 623 523 701 excidisse,
569 637 750 708 puto,
793 647 916 692 non
960 630 1098 693 licet
1140 631 1418 707 credere;
1460 642 1563 696 aut
1605 633 1662 696 si
1706 635 1949 700 credere
1988 639 2227 718 quidam
2262 614 2548 722 possunt,

196 727 496 790 debebunt
535 729 812 808 probare.

358 828 645 891 Novimus
688 829 865 911 plane
908 842 966 894 et
1008 832 1106 895 hic
1133 833 1505 914 suspiciones
1537 853 1767 898 eorum.
1822 836 2051 902 Revera
2092 841 2252 904 enim
2299 844 2535 927 ¹suspi-
2574 870 2811 929 cmxm,

190 940 398 993 cantur
438 925 776 1010 apostolum
819 931 1064 995 Paulum
1107 933 1169 996 in
1215 935 1476 998 sectmda
1514 936 1591 999 ad
1635 936 1978 1001 Corinthios
2041 941 2235 1004 eidem
2278 944 2539 1011 semica-

187 1031 303 1094 tori
346 1031 577 1095 veniam
618 1031 860 1095 dedisse
903 1052 1079 1115 quem
1122 1034 1185 1097 in
1226 1035 1417 1116 prima
1459 1036 1795 1101 dedendum
1841 1048 2081 1104 satanae
2124 1041 2188 1104 in
2229 1044 2536 1110 interitum

185 1132 385 1194 carnis
429 1132 859 1213 pronuntiarit,
904 1134 1152 1215 impium
1194 1135 1384 1216 patris
1413 1136 1488 1200 de
1516 1139 1899 1203 matrimonio
1932 1141 2284 1219 haeredem,
2330 1145 2531 1225 'quasi

182 1233 280 1295 vel
322 1232 515 1314 ipsum
555 1242 767 1316 postea
810 1234 1012 1297 stilum
1053 1237 1297 1300 verterit
1335 1236 1639 1302 scribens:
1687 1240 1753 1303 Si
1796 1242 1932 1323 quis
1975 1252 2171 1308 autem
2204 1246 2528 1310 contrista·
2550 1248 2769 1347 ¹1{jori-¹¹1.

177 1335 298 1407 vit,
353 1352 475 1396 non
531 1353 628 1396 me
684 1335 1082 1412 contristavit,
1146 1338 1256 1401 sed
1307 1357 1379 1401 ex
1432 1347 1636 1420 parte,
1704 1359 1783 1404 ne
1839 1361 1948 1404 vos
2003 1362 2251 1408 onerem
2294 1365 2528 1410 omnes.
2627 1324 2671 1334 ⁸
2729 1334 2743 1347 ⁶

175 1434 342 1497 Satis
384 1443 479 1497 est
519 1435 654 1497 talis
699 1436 1025 1517 increpatio
1068 1456 1218 1518 quae
1261 1458 1297 1500 a
1337 1440 1540 1502 multis
1581 1442 1682 1517 fit3
1726 1443 1813 1504 nti
1858 1462 1893 1505 e
1936 1446 2233 1508 contrario
2275 1447 2530 1520 ’malitis

171 1554 288 1597 vos
334 1536 559 1626 donare
603 1544 663 1598 et
704 1536 1046 1613 advocare·,
1106 1559 1183 1602 ne
1238 1541 1396 1603 forte
1451 1541 1883 1608 abundantiore
1919 1528 2172 1609 ’tristitia
2217 1547 2534 1614 devoretur

172 1637 541 1724 eiusmodib.
606 1637 865 1718 Propter
908 1640 1066 1719 quod
1111 1659 1221 1703 oro
1264 1660 1408 1716 vos,
1452 1642 1829 1708 constituatis
1873 1646 1935 1707 in
1965 1664 2101 1710 eum
2132 1647 2527 1716 dilectionem.

168 1739 241 1802 In
293 1731 406 1801 h'oc
450 1731 607 1801 enim
651 1747 712 1801 et
755 1740 1001 1820 scripsi,
1047 1741 1129 1803 uti
1176 1760 1529 1823 cognoscam
1570 1744 1989 1825 probationem
2033 1756 2323 1824 vestram,
2369 1751 2530 1832 quod

165 1840 230 1902 in
285 1839 564 1902 omuibus
608 1839 904 1903 obauditis
948 1842 1114 1904 mihi.
1182 1842 1249 1905 Si
1294 1844 1389 1906 cui
1432 1853 1630 1907 autem
1660 1844 2054 1922 donaveritis,
2101 1855 2161 1910 et
2189 1867 2318 1929 ego.
2374 1850 2526 1915 Nam

164 1950 225 2004 et
271 1960 391 2021 ego
436 1942 490 2004 si
533 1940 707 2021 ⁴quid
752 1941 998 2016 donavi,
1043 1943 1254 2007 donavi
1299 1944 1400 2007 ³in‘
1439 1964 1704 2026 persona
1747 1947 2002 2023 Christi,
2061 1967 2138 2011 ne
2180 1951 2525 2016 fraudemur

159 2063 194 2105 a
239 2052 484 2117 satana,
530 2042 839 2122 ‘quoniam
884 2061 1009 2105 non
1051 2046 1394 2124 ignoramus
1437 2046 1789 2110 iniectiones
1832 2048 2018 2111 eins⁶.
2108 2041 2265 2122 Quid
2308 2051 2407 2114 hic
2448 2052 2524 2117 de

159 2146 562 2218 fornicatore,
609 2143 751 2223 quid
794 2143 869 2205 de
911 2146 1141 2224 paterni
1185 2146 1301 2208 tori
1346 2147 1845 2223 contaminatore,
1892 2149 2035 2230 quid
2079 2149 2152 2213 de
2183 2150 2520 2214 Christiano

157 2247 578 2309 ⁷ethnicorum
641 2244 1069 2325 impudentiam
1133 2264 1530 2327 supergresso
1599 2248 1993 2328 intellegitur,
2069 2268 2200 2312 cum
2264 2252 2522 2330 proinde

155 2349 378 2427 utique
423 2346 658 2426 speciali
699 2347 868 2408 venia
911 2346 1265 2410 absolvisset
1304 2366 1481 2427 qum
1525 2348 1768 2428 speciali
1808 2348 1898 2411 ira
1940 2348 2329 2412 damnasset?
2388 2350 2517 2413 ob-

152 2448 407 2511 scurius
447 2447 766 2510 miseretur
794 2466 968 2528 quam
997 2448 1350 2528 indignatur.
1416 2449 1697 2529 Apertior
1738 2457 1834 2512 est
1873 2450 1937 2511 in
1965 2449 2308 2513 austeritate
2338 2469 2518 2531 quam

148 2550 219 2611 in
252 2549 500 2611 lenitate
515 2547 560 2610 ⁴¹.
623 2549 841 2629 Atquin
884 2549 1111 2612 facilius
1157 2550 1242 2610 ira
1285 2568 1461 2629 quam
1503 2550 1865 2630 indulgentia
1894 2550 2132 2630 obliqua
2162 2559 2274 2614 est.
2328 2552 2516 2632 Magis

147 2650 432 2714 tristiora
474 2650 856 2713 'cunctantur
899 2670 1074 2732 quam
1117 2650 1385 2714 laetiora.
1482 2650 1566 2713 De
1609 2651 1842 2715 modica
1884 2652 2109 2716 scilicet
2150 2652 2515 2733 indulgentia

143 2753 480 2833 agebatur3
526 2771 708 2832 quae,
755 2752 808 2813 si
852 2753 1039 2827 sorte,
1086 2772 1245 2815 nunc
1287 2754 1730 2825 aestimaretur,
1777 2755 2012 2834 quando
2043 2754 2295 2816 maxima
2325 2771 2509 2832 quae-

142 2874 268 2935 que
318 2872 445 2915 non
492 2854 723 2915 soleant
766 2854 941 2915 etiam
988 2853 1117 2915 sine
1147 2853 1584 2933 praedicatione
1618 2854 1857 2929 donari,
1905 2861 2068 2916 tanto
2098 2854 2303 2916 abest·
2343 2852 2511 2915 ”sine

137 2955 612 3037 significatione.
700 2953 775 3015 Et
819 2962 884 3017 tu
926 2955 1163 3034 quidem
1224 2954 1697 3035 ¹⁰paenitentiam
1750 2954 1983 3015 moechi
2037 2953 2110 3016 ad
2155 2954 2509 3016 exorandam

132 3055 586 3119 fraternitatem
628 3056 691 3116 in
736 3055 1046 3117 ecclesiam
1088 3055 1375 3117 inducens
1425 3054 1462 3087 ¹¹
1477 3054 1906 3117 conciliciatum
1950 3062 2011 3117 et
2039 3053 2516 3118 concineratum‘

128 3177 282 3221 cum
336 3156 632 3219 dedecore
677 3165 733 3217 et
777 3157 1030 3218 horrore
1074 3156 1471 3237 compositum
1530 3156 1570 3187 ¹²
1581 3156 1919 3237 prosternis
1962 3156 2024 3216 in
2068 3155 2329 3218 medium
2372 3164 2508 3219 ante

123 3260 396 3331 viduas,
443 3266 579 3319 ante
619 3256 1038 3338 presbyteroS,
1085 3257 1351 3319 omnium
1395 3254 1718 3318 ¹3lacrimas
1762 3256 2193 3331 invadentem⁸,
2239 3257 2507 3319 omnium

278 3413 410 3475 Cap.
449 3409 572 3459 xm.
646 3412 692 3460 1.
729 3409 1006 3474 suspicatur
1036 3411 1088 3459 A.
1193 3409 1242 3458 2.
1279 3410 1417 3473 quasi
1451 3410 1522 3459 vel
1559 3410 1636 3460 Fr.
1651 3410 1825 3459 Iunius.
1898 3410 2133 3473 quasique
2171 3411 2241 3471 D„
2265 3410 2396 3461 fulv.
2419 3411 2505 3460 Ur-

115 3485 288 3531 sinus.
377 3477 570 3542 quasive
615 3479 736 3528 Aac,
857 3478 903 3527 3.
941 3477 1119 3527 malitis
1154 3492 1253 3540 eqo.
1340 3477 1493 3539 magis
1540 3478 1651 3527 libri
1686 3491 1854 3527 omnes.
1961 3476 2010 3527 4.
2048 3478 2178 3540 quod
2211 3479 2263 3527 Α.
2367 3478 2414 3528 5.
2453 3478 2504 3529 ἰιι

109 3561 359 3613 persona
401 3544 580 3594 Christi
629 3545 716 3595 CB.
753 3546 872 3595 liber
909 3546 1166 3595 clamatis.
1247 3546 1295 3593 in
1331 3544 1522 3594 Christo
1557 3544 1648 3594 AB.
1752 3543 1798 3593 6.
1838 3543 2065 3607 quoniam
2122 3544 2209 3593 GD.
2246 3545 2364 3594 tiber
2403 3545 2501 3597 Cle-

105 3618 320 3667 mentia.
404 3613 532 3676 quod
567 3612 652 3662 AB.
758 3613 806 3662 7.
856 3613 1157 3663 ethnicorum
1207 3611 1550 3676 impudentiam
1592 3613 1679 3663 CD.
1769 3611 2069 3661 ethnicorum
2119 3611 2414 3676 impudentia
2449 3616 2500 3664 A.

107 3684 397 3733 ethnicum
435 3680 729 3745 impudentia
764 3681 816 3731 B.
922 3680 970 3730 8.
1008 3688 1289 3730 coactantur
1321 3681 1373 3729 A,
1477 3680 1523 3730 9.
1563 3679 1659 3729 sive
1693 3679 1745 3729 A.
1839 3678 1915 3728 10.
1954 3678 2275 3744 paenitentiae
2313 3681 2501 3730 moechi

103 3753 172 3802 ad
216 3747 541 3801 exorandum
579 3752 629 3798 Α.
751 3748 829 3797 11.
869 3748 1219 3797 conciliciatum
1261 3748 1365 3809 CB„
1403 3746 1630 3798 Latinius.
1716 3746 2021 3796 conciliatum
2058 3746 2144 3796 AB.
2266 3746 2343 3797 12.
2379 3760 2501 3811 pro-

102 3820 314 3869 sternis
359 3816 437 3877 D„
468 3816 598 3866 Fule.
621 3817 829 3866 Ursinus.
899 3825 1218 3879 prosternens
1255 3816 1442 3879 reliqui.
1536 3813 1613 3864 13.
1654 3813 1881 3863 lacrimas
1918 3813 2217 3862 invadentem
2255 3826 2352 3876 eqo.
2426 3815 2498 3862 la-

102 3887 312 3937 crimas
356 3882 646 3934 suadentem
683 3878 804 3933 ABG.
878 3884 1077 3932 lacinias
1116 3882 1413 3933 invadentem
1451 3882 1525 3943 D„
1563 3882 1694 3931 fulv.
1734 3881 1942 3930 Ursinus.

179 3987 324 4050 Cap.
348 3982 484 4034 xm.
546 3998 590 4032 a.
628 3990 673 4033 et
695 3978 954 4049 advocare]
989 3977 1082 4030 καὶ
1099 3996 1275 4051 παρα·
1447 3998 1488 4030 c.
1525 3981 1809 4031 iniectiones
1830 3981 1977 4040 eius.]
2011 3976 2083 4028 τὰ
2116 3971 2373 4045 νοήματα
2404 3970 2496 4030 αὖ·

94 4049 383 4103 καλέσαι.
422 4050 636 4113 (Rigalt.)
684 4050 759 4101 Cf.
796 4050 960 4100 adnot.
997 4052 1055 4099 ad
1093 4050 1161 4100 De
1185 4052 1274 4100 Pa·
1375 4045 1493 4098 τοῦ.
1531 4047 1745 4110 (Rigalt.)

92 4126 254 4174 tient.
280 4117 505 4184 cap.ll.
554 4118 665 4168 Adv.
681 4118 909 4168 Marcion.
925 4118 998 4177 lv,
1018 4118 1079 4167 14
1105 4118 1274 4179 „Beati
1443 4117 1491 4167 d.
1525 4116 1794 4167 Obscurius
1830 4116 2089 4166 miseretur
2138 4138 2199 4150 -
2237 4140 2305 4150 —
2353 4130 2497 4180 quam

91 4192 191 4256 qni
236 4187 503 4245 esuriunt,
541 4185 767 4251 quoniam
788 4187 882 4250 ipsi
912 4185 1273 4245 saturabuntur,
1375 4186 1422 4234 in
1462 4178 1703 4249 lenitate]
1740 4184 1958 4234 obiectio
1995 4182 2273 4235 adversarii.

88 4261 369 4309 advocare
398 4253 738 4315 languentes,“
771 4255 818 4303 h.
836 4269 878 4303 e.
899 4253 1140 4303 consolari
1167 4253 1273 4303 lan-
1442 4267 1485 4302 e.
1523 4259 1656 4302 tanto
1694 4248 1853 4312 abest]
1912 4251 1962 4301 V.
1998 4265 2122 4315 quae
2168 4249 2389 4301 adnotavi
2437 4250 2499 4300 ad

83 4332 358 4390 gne-tea,
404 4321 473 4371 uti
507 4323 602 4371 iam
639 4322 984 4386 interpretatus
1006 4328 1080 4371 est
1097 4320 1273 4371 Beatus
1372 4319 1442 4369 De
1478 4320 1679 4370 Testim.
1713 4319 1910 4369 Animae
1947 4334 2052 4383 cap.
2078 4321 2123 4367 1.

80 4394 420 4444 Rhenanus.
1444 4388 1476 4437 f.
1516 4387 1870 4437 conciliciatum
1908 4394 1957 4436 et
1992 4380 2377 4450 concineratum]
2442 4382 2494 4432 ln

161 4462 222 4510 b.
272 4458 556 4507 devoretur
599 4453 878 4517 eiusmodi.]
912 4453 1204 4521 καταποθῇ
1239 4446 1268 4503 ὅ
1373 4454 1530 4505 cilicio
1567 4463 1614 4504 et
1652 4457 1831 4513 cinere,
1868 4454 2213 4518 paenitentiam
2250 4451 2495 4515 squalore.

75 4524 411 4577 τοιοῦτος.
448 4522 659 4586 (Rigalt.)
705 4523 773 4573 De
809 4523 1107 4573 substantivo
1145 4526 1269 4573 eiua-
1370 4522 1585 4584 (Rigalt.)
1643 4522 1716 4571 Cl'.
1754 4516 2495 4585 Casp.BarthiiAdveras.XLll,

71 4598 232 4648 modi
277 4592 357 4643 es.
407 4604 529 4653 quae
566 4591 791 4641 adnotata
828 4591 1017 4639 suntad
1041 4590 1107 4639 De
1133 4590 1267 4655 Bapt.
1372 4588 1418 4639 7.
1457 4587 1675 4653 maso.

75 4680 206 4730 cap.
235 4658 340 4711 12·
1436 4671 1483 4720 g.
1523 4657 1741 4707 omnium
1767 4656 1991 4706 lacrimas
2014 4645 2339 4719 invadentem]
2376 4650 2493 4700 Om-

165 4749 742 4793 anuuumon.n.
763 4752 959 4787 eastra.
1001 4739 1178 4786 Tom.1.
2121 4735 2187 4787 52
