3263 5311
982 434 1058 477 ne
1103 436 1254 479 rues
1297 436 1358 479 ui
1403 435 1871 481 sansacu-rmus.
2476 426 2602 489 473

235 581 448 663 Neque
492 578 651 644 enim
678 581 905 662 ¹‘quasi
950 581 1123 647 (δάιε
1167 585 1229 647 in
1273 585 1526 666 aliquam
1568 587 1863 649 civitatem
1905 588 2415 668 transfugiendum
2455 599 2600 665 erat,

238 683 352 746 sed
396 683 565 763 quasi
609 681 828 763 ubique
870 685 1307 748 annuntiaturis
1351 694 1414 748 et
1455 705 1527 749 ex
1555 686 1673 747 hoc
1699 686 1919 767 ubique
1948 690 2397 767 persecutiones
2428 693 2598 754 subi-

238 784 397 848 turis
414 770 446 856 ‚‘
504 784 698 845 donec
749 783 1052 864 replerent
1105 785 1489 849 ”doctrinam
1546 786 1780 849 suam¹·.
1866 787 2162 868 Denique,
2207 790 2341 852 Non
2384 792 2901 862 ”con-nantum.

238 883 654 957 summamus,
721 884 944 964 inquit,
1010 887 1274 950 civitates
1329 887 1592 950 Israelis.
1700 888 1863 950 Adeo
1919 889 2075 951 intra
2140 891 2430 955 terminos
2493 894 2597 956 lu-

238 987 428 1049 daeae
467 986 905 1066 ”praeceptum
948 987 1120 1066 fugae
1163 987 1594 1051 continebatur.
1677 988 1867 1050 Nobis
1909 998 2105 1052 autem
2150 990 2307 1053 nulla
2348 992 2600 1056 Iudaeae

193 1132 200 1136 -
242 1086 582 1169 praefinitio
646 1087 928 1166 competit
987 1089 1445 1166 praedicationis
1501 1090 1562 1151 in
1619 1108 1858 1152 omnem
1920 1091 2038 1153 iam
2103 1110 2340 1155 carnem
2404 1094 2595 1155 effuso

245 1188 462 1270 spiritu
517 1195 746 1250 sancto.
851 1187 1057 1267 ltaque
1097 1188 1320 1251 Paulus
1377 1197 1439 1252 et
1490 1190 1749 1270 apostoli
1802 1191 1921 1270 ipsi
1962 1211 2260 1257 memores
2300 1196 2599 1275 praecepti

247 1289 533 1353 dominici
576 1296 987 1351 contestantur
1029 1287 1173 1351 illud
1228 1290 1383 1369 apud
1424 1291 1645 1364 lsrael,
1700 1310 1877 1371 quem
1933 1293 2049 1354 iam
2105 1292 2428 1356 ”doctrina
2485 1314 2597 1358 sua
2753 1366 2763 1375 ,

245 1390 663 1470 impleverant,
720 1388 902 1451 Vobis
945 1392 1214 1471 oportuit
1253 1391 1370 1452 ”in
1413 1392 1622 1472 primis
1667 1410 2007 1455 sermonem
2050 1394 2144 1455 dei
2190 1394 2375 1468 tradi,
2427 1395 2697 1458 '‘sedAct.
2711 1408 2887 1461 xnus

244 1491 528 1571 quoniam
581 1491 888 1572 repulistis
953 1510 1090 1553 eum
1145 1510 1258 1553 nec
1314 1491 1529 1570 dignos
1584 1511 1693 1554 vos
1750 1502 1989 1555 aeterna
2033 1494 2147 1557 vita
2193 1495 2593 1570 existimastis,

245 1611 386 1655 ecce
427 1592 828 1656 convertimus
874 1611 988 1654 nos
1032 1592 1105 1653 ad
1147 1592 1443 1653 nationes.
1549 1592 1740 1671 Atque
1783 1594 1994 1657 exinde
2036 1596 2307 1656 conversi
2352 1605 2415 1658 et
2456 1597 2593 1677 ipsi,

243 1694 400 1755 sicut
441 1701 854 1755 antecessores
901 1693 1314 1763 instituerant.
1361 1702 1419 1754 et
1462 1693 1524 1754 in
1565 1694 1721 1755 viam
1762 1695 2067 1757 nationum
2112 1695 2388 1760 abierunt
2429 1705 2490 1758 et
2533 1698 2597 1758 in

239 1794 562 1856 ³'civitates
602 1792 1167 1856 ”Samaritanorum
1210 1794 1598 1866 introierunt,
1670 1802 1735 1856 ut
1776 1795 1837 1856 in
1882 1804 2065 1857 totam
2110 1796 2334 1859 scilicet
2377 1805 2595 1860 terram

244 1896 435 1956 exiret
476 1913 664 1956 sonus
710 1913 917 1956 eorum
959 1893 1079 1954 ⁸*et
1121 1894 1184 1955 in
1227 1895 1520 1956 terminos
1566 1894 1733 1956 orbis
1778 1914 1954 1959 voces
2003 1896 2258 1959 eorum‘.
2338 1897 2403 1958 Si
2450 1916 2593 1977 ergo

243 1994 497 2057 cessavit
539 1995 804 2074 exceptio
849 1995 975 2056 viae
1018 1994 1322 2056 nationum
1378 1995 1491 2056 ³⁸et
1533 1995 1876 2058 ⁸“introitus
1913 1997 1975 2058 in
2019 1997 2284 2060 civitates
2329 1998 2592 2061 Samari-

242 2104 552 2169 tanorum,
599 2114 706 2156 cur
748 2114 870 2157 non
915 2095 1242 2157 cessaverit
1284 2104 1344 2156 et
1386 2096 1555 2173 fugae
1597 2105 1975 2176 praeceptum
2004 2097 2227 2177 pariter
2257 2100 2593 2163 emissum?

239 2196 506 2276 Denique
551 2216 620 2257 ex
679 2215 800 2276 quo
855 2204 1117 2258 saturato
1161 2196 1384 2258 lsraele
1440 2197 1693 2275 apostoli
1761 2197 1823 2257 in
1878 2198 2149 2259 nationes
2208 2188 2592 2276 transierunt,

237 2296 408 2359 ”nec
450 2299 728 2375 sugerunt
770 2297 845 2358 de
888 2297 1118 2359 civitate
1164 2297 1226 2358 in
1269 2296 1562 2359 civitatem
1607 2316 1719 2357 nec
1760 2298 1881 2377 pati
1926 2298 2362 2363 dubitaverunt.
2425 2301 2590 2362 “At-

243 2397 428 2478 quin¹⁵
473 2406 534 2459 et
573 2398 823 2470 PauluS‚
889 2398 986 2476 qui
1045 2417 1113 2460 se
1162 2417 1273 2477 per
1314 2416 1550 2458 murum
1593 2408 1979 2460 concesserat
2021 2401 2281 2481 expediri
2328 2402 2402 2464 de
2445 2422 2589 2483 per-

239 2498 578 2569 secutione,
620 2498 795 2577 ³⁹qua
839 2500 910 2559 ad
954 2498 1072 2559 hoc
1114 2506 1352 2577 tempus
1383 2508 1509 2559 erat
1537 2497 1919 2578 “praecepa
1966 2500 2123 2562 idem
2170 2502 2284 2564 iam
2329 2503 2390 2564 in
2426 2503 2589 2565 clau-

239 2598 367 2665 sula
432 2598 610 2661 officii
664 2608 725 2662 ct
789 2600 850 2661 in
915 2599 1429 2662 consummatione
1492 2600 1790 2680 praecepti
1854 2601 2159 2682 discipulis
2231 2621 2592 2683 magnopere

235 2718 318 2770 25.
357 2721 495 2784 quasi
532 2720 689 2772 tacitis
723 2720 950 2770 Latinius.
1065 2718 1147 2774 26.
1199 2719 1416 2769 doctrina
1452 2734 1540 2770 sna
1585 2720 1729 2770 ABae.
1767 2721 1943 2771 Iunius.
2026 2721 2293 2773 doctrinam
2341 2735 2478 2771 suam
2513 2737 2589 2771 re-
2660 2717 2673 2722 ”

234 2789 370 2852 liqui,
412 2788 689 2837 Gorzieusis.
795 2785 878 2836 27.
928 2787 1274 2837 consumabitis
1311 2785 1464 2851 inquit
1499 2795 1669 2836 cuntes
1714 2786 1903 2836 israelis
1937 2789 2024 2838 AB.
2147 2787 2226 2838 28.
2275 2797 2587 2852 praeceptum

234 2880 305 2892 —
339 2878 406 2890 ·-
445 2854 647 2903 iudaeae
682 2869 771 2905 om.
804 2853 894 2904 AB.
990 2853 1072 2904 29.
1110 2854 1376 2904 doctrinam
1413 2868 1549 2902 suam
1584 2854 1674 2904 AB.
1775 2853 1856 2902 3⁰.
1894 2855 1941 2903 in
1978 2855 2151 2918 pennis
2186 2868 2463 2905 sermonem
2499 2856 2587 2905 AB.

237 2919 324 2970 31.
362 2921 449 2971 sed
486 2921 725 2985 quomodo
761 2921 1009 2985 repulistis
1047 2935 1156 2971 cum
1193 2935 1283 2971 nec
1315 2921 1402 2971 AB.
1519 2919 1601 2969 32.
1652 2920 1836 2970 civitate
1867 2921 1956 2970 AB.
2043 2922 2274 2971 civitatem
2311 2925 2360 2973 Α.
2396 2938 2457 2972 m.
2495 2938 2587 2974 see.

237 2987 706 3046 33.,Samaritarum
738 2990 946 3039 Aeabcd.
1034 2987 1114 3038 34.
1152 2996 1200 3037 et
1235 2990 1282 3037 in
1319 2987 1551 3037 terminos
1588 2986 1720 3036 orbis
1755 3002 1897 3036 voces
1934 3002 2099 3037 eorum
2137 2989 2326 3039 om.AB.
2421 2988 2501 3039 35.
2541 2999 2589 3040 et

238 3057 289 3106 in
324 3055 378 3105 B.
412 3071 562 3120 impr.
663 3055 745 3106 36.
783 3057 1009 3105 introitus
1044 3071 1133 3106 om.
1156 3054 1243 3106 AB.
1344 3054 1427 3103 37.
1466 3069 1554 3103 nec
1590 3055 1814 3116 ingerunt
1847 3070 1886 3103 e.
1926 3056 2210 3105 ciacconius.
2281 3064 2328 3106 et
2351 3058 2590 3119 -l'ngerunt

229 3125 420 3188 reliqui.
527 3121 607 3174 38.
645 3125 814 3188 Atquin
852 3123 1112 3174 etJ'aulus
1160 3124 1232 3171 de.
1268 3129 1360 3173 tres
1403 3122 1622 3173 Vaticani.
1712 3121 1884 3185 Atquin
1932 3122 2089 3186 (Atqui
2123 3121 2196 3182 A.)
2244 3122 2419 3173 Paulus
2463 3124 2583 3174 Asa.

234 3191 362 3249 Quin
398 3198 446 3239 et
483 3190 660 3240 Paulus
695 3192 881 3255 reliqui.
986 3189 1067 3240 39.
1105 3191 1264 3255 quoad
1300 3190 1393 3242 hoc
1425 3190 1477 3239 A.
1580 3187 1664 3239 40.
1700 3197 2011 3252 praeceptum
2047 3191 2097 3239 Α.
2134 3205 2194 3239 m.
2231 3206 2322 3241 sec.

1455 3289 1549 3338 ritu
1597 3289 1725 3338 sacri
1774 3303 1929 3354 neque
1966 3284 2083 3353 [deo
2121 3286 2344 3353 neclatis.
2414 3293 2583 3356 Atquin

1456 3356 1550 3405 hoc
1584 3357 1836 3420 asperius,
1872 3357 2002 3420 quod
2040 3357 2219 3419 frigore
2244 3349 2304 3408 'et
2340 3359 2466 3408 fame
2501 3368 2583 3408 aut
2694 3401 2709 3416 ,

230 3298 344 3341 sent
390 3305 481 3341 nec
526 3291 778 3353 fugissent.
848 3291 929 3341 Sic
981 3292 1106 3341 infra
1159 3294 1206 3341 in
1259 3290 1354 3339 ssne

233 3372 340 3421 cap.
361 3358 420 3407 11
448 3358 764 3419 ,‚Ceternm,“
782 3359 933 3422 inquit
950 3359 1029 3420 „si
1052 3372 1163 3421 grex
1189 3359 1354 3420 fugere

231 3425 451 3486 deberet,
487 3439 584 3476 non
621 3426 821 3476 deberet
854 3426 1161 3490 praepositus
1197 3425 1356 3487 gregis

231 3498 383 3554 stare,
449 3494 556 3542 sine
602 3508 746 3544 causa
793 3501 999 3544 staturus
1047 3492 1108 3544 ad
1155 3492 1356 3542 tutelam

229 3559 447 3621 gregis.“

302 3644 345 3692 lr.
385 3641 633 3709 replerent
665 3643 932 3694 doctrinam
972 3638 1155 3708 suam.]
1192 3642 1353 3692 ltain·

231 3709 308 3760 ira
358 3726 462 3774 cap.
510 3710 541 3760 8
607 3711 810 3772 „donec
857 3711 1043 3761 scilicet
1097 3711 1354 3761 doctrinam

231 3791 367 3827 suum
399 3777 666 3841 impleret.“

301 3869 333 3918 i.
371 3884 512 3920 voees
547 3866 762 3936 eorum]
799 3869 976 3921 Psalm.
1012 3869 1241 3930 xvln‚4.

277 3959 348 4022 j.
382 3957 579 4027 Atquin]
613 3965 783 4027 Atquin
802 3961 1038 4027 particula
1057 3960 1355 4012 Tertulliano

237 4026 490 4078 familiaris
537 4037 613 4079 est
645 4043 737 4094 pro
775 4038 1013 4090 attamen,
1063 4036 1229 4079 contra
1264 4042 1357 4093 po-

235 4094 354 4155 tius,
389 4095 554 4157 immo,
591 4097 874 4161 quinimmo.
942 4096 1225 4160 Exemplum
1247 4108 1356 4144 mo-

235 4160 304 4211 do
337 4177 484 4226 snpra
521 4163 779 4214 habuimus
814 4167 1022 4229 „atquin
1055 4162 1358 4227 persecutio-

228 4241 321 4278 nes
356 4244 444 4280 eos
475 4245 713 4294 passuros
748 4231 1056 4295 praedicabat
1077 4237 1126 4280 et
1145 4229 1360 4280 toleran-

230 4295 322 4346 das
357 4297 616 4358 docebat‚“
666 4299 744 4348 rui
776 4298 903 4348 addo
939 4298 1140 4361 Apolog.
1177 4311 1283 4361 cap.
1320 4293 1354 4345 2

227 4364 443 4428 ‚Atquin
475 4365 745 4416 invenimus
780 4365 1142 4430 inquisitionem
1160 4376 1355 4428 quoqne

227 4432 280 4481 in
327 4445 420 4481 nos
463 4431 815 4497 prohibitam.“
884 4431 1004 4483 lbid.
1040 4445 1147 4494 cap.
1183 4430 1231 4481 8.
1285 4428 1355 4481 Ad

225 4497 355 4549 Natt.
391 4498 430 4560 1,
451 4499 486 4550 6
521 4499 694 4562 „nulla
730 4499 806 4550 lex
839 4499 1066 4563 prohibet
1093 4498 1353 4563 inquirere.

221 4565 396 4630 Atquin
426 4582 520 4632 pro
557 4566 746 4628 legibus
765 4565 1195 4640 iacitinquiaitio.“
1232 4564 1354 4613 lbid.

223 4630 264 4693 l,
305 4633 366 4683 15
419 4633 568 4698 „Sed
617 4648 710 4684 nec
755 4647 814 4684 eo
850 4634 1021 4694 distat,
1056 4635 1100 4684 si
1133 4647 1219 4684 vos
1255 4645 1353 4682 non

829 4849 880 4896 δ

1456 3423 1625 3486 bestiis
1680 3418 1793 3487 [eos
1857 3419 2074 3489 obicthis
2127 3433 2208 3474 aut
2258 3426 2480 3487 longiore
2534 3427 2582 3475 in

1457 3490 1598 3555 aquis
1634 3499 1788 3540 morte
1824 3492 2205 3553 summergitis.“
2252 3493 2454 3556 Apolog.
2476 3509 2583 3557 cap.

1457 3556 1518 3607 41
1560 3566 1644 3617 „et
1681 3559 1915 3621 seqnitur,
1943 3566 1994 3607 ut
2015 3572 2186 3608 omnes
2207 3561 2387 3610 saeculi
2409 3560 2583 3624 plagae

1457 3625 1616 3684 nobis,
1654 3627 1698 3674 si
1737 3627 1878 3685 forte,
1916 3627 1962 3674 in
2002 3626 2411 3686 admonitionem,
2448 3627 2583 3677 vobis

1456 3693 1504 3741 in
1554 3693 1916 3755 castigationem
1971 3707 1997 3740 a
2035 3693 2125 3742 deo
2162 3694 2430 3743 obveniant.
2500 3697 2582 3744 At·

1488 3761 1568 3809 uiri
1616 3774 1705 3808 nos
1755 3758 1888 3808 nullo
1944 3760 2089 3809 modo
2139 3759 2429 3810 laedimur.“
2513 3760 2583 3809 Ad

1499 3834 1582 3875 att.
1618 3824 1702 3884 1‚7
1742 3825 1877 3885 „Oro
1914 3841 2016 3884 vos,
2054 3829 2291 3875 extraneis
2328 3826 2455 3875 unde
2490 3839 2583 3875 no·

1455 3894 1588 3954 titia,
1641 3906 1749 3941 cum
1786 3893 1913 3942 enim
1953 3892 2078 3942 licita
2117 3900 2164 3942 et
2198 3894 2320 3942 insta
2359 3892 2585 3956 mysteria

1460 3973 1653 4010 omnem
1722 3960 1955 4009 arbitrum
2013 3967 2289 4009 extraneum
2345 3955 2583 4009 caveant?

1457 4026 1559 4077 Nisi
1595 4025 1774 4076 inlicita
1808 4028 1965 4075 minus
2001 4034 2251 4090 spernunt.
2297 4028 2465 4092 Atquin
2500 4040 2584 4077 ex-

1461 4095 1642 4145 traneis
1688 4101 1785 4143 tam
1836 4094 2061 4155 ignorare
2114 4108 2257 4158 quam
2308 4095 2585 4157 confingere

1461 4164 1614 4224 magis
1652 4159 1934 4224 competit-‘⁴
1983 4160 2101 4210 lbid.
2141 4162 2200 4223 ll,
2237 4161 2269 4211 9
2306 4161 2454 4222 „Pius
2490 4164 2583 4212 Ae-

1460 4243 1577 4278 neas
1629 4229 1693 4278 ol)
1729 4230 1923 4279 unicum
1959 4242 2162 4291 puerum
2200 4236 2248 4277 et
2282 4229 2582 4293 decrepitum

1455 4307 1623 4346 senem
1663 4296 1851 4346 Priamo
1901 4303 1949 4346 et
1982 4293 2263 4360 Astyanacte
2300 4291 2583 4346 destitutis?

1454 4363 1622 4427 Atquin
1670 4363 1899 4414 Romanis
1950 4363 2104 4425 magis
2152 4362 2461 4413 detestandos
2500 4362 2582 4427 qui

1456 4443 1546 4493 pro
1595 4429 1751 4479 salute
1798 4430 2073 4494 principum
2121 4438 2168 4479 et
2202 4429 2375 4480 domus
2412 4442 2581 4479 eorum

1457 4496 1685 4546 adversus
1735 4497 1915 4547 liberos
1953 4504 2001 4547 et
2039 4498 2267 4558 coniuges
2304 4505 2351 4546 et
2386 4490 2579 4560 o[mne]

1456 4562 1631 4626 pignus
1668 4577 1810 4613 sunm
1846 4563 2115 4614 deierant.“
2164 4564 2237 4613 Cr.
2260 4561 2428 4612 Handii
2454 4561 2579 4611 Tur·

1457 4630 1568 4682 tell.
1604 4637 1721 4681 tom.
1756 4631 1796 4694 l,
1831 4646 1878 4694 p.
1916 4630 2016 4681 513
2053 4645 2162 4695 sqq.
