3263 5311
1162 464 1242 509 ns
1283 464 1651 510 nouocms.
2454 456 2577 524 785

229 631 351 677 non
394 614 585 677 deest.
661 611 952 687 Quamdiu
997 615 1374 679 causssimur
1398 634 1672 692 carnem,
1716 619 1855 698 quia
1896 619 2043 683 dixit
2069 622 2347 686 dominus
2367 671 2382 698 ,
2428 624 2581 689 Caro
2608 623 2808 722 xlffifflfi

229 714 506 778 infirma?
578 714 700 777 Sed
741 715 1057 795 praemisit
1097 725 1189 790 et,
1237 716 1500 797 Spiritus
1555 715 1874 800 promptus
1893 767 1908 795 ,
1972 730 2040 782 ut
2090 722 2285 788 vincat
2336 726 2584 805 spiritus
2735 708 2749 730 ⁹
2815 708 2828 720 ⁹

231 835 495 890 carnem,
541 823 607 878 ut
648 815 819 878 cedat
861 816 1023 896 quod
1066 817 1364 880 infirmum
1409 826 1502 880 est
1543 819 1798 883 fortiori.
1884 820 2033 885 Nam
2076 832 2167 898 et,
2214 825 2332 898 Qui
2373 834 2580 907 potest
2604 826 2786 922 1¹1¹}‘i'i‘

229 935 437 999 capere
479 917 707 998 capiat,
750 915 974 998 inquit,
1020 918 1080 978 id
1125 927 1221 982 est
1263 919 1364 1000 qui
1406 923 1531 982 non
1572 928 1810 1001 potest,
1855 922 2139 987 discedat.
2206 925 2492 990 Discessit
2522 938 2582 993 et
2700 910 2713 931 ’
2779 910 2791 923 ’

227 1019 324 1082 ille
378 1019 545 1081 dives
561 1064 579 1092 ,
647 1018 747 1098 qui
804 1037 930 1080 non
986 1027 1226 1100 ceperat
1278 1020 1647 1084 substantiae
1689 1021 2038 1088 dividendae
2082 1027 2285 1107 egenis
2328 1046 2579 1108 praece·-

228 1130 423 1203 ptum,
470 1128 532 1182 et
572 1119 855 1182 dimissus
900 1127 995 1182 est
1034 1121 1364 1184 sententiae
1407 1141 1554 1212 suae
1596 1141 1634 1185 a
1675 1123 1942 1189 domino.
2020 1126 2144 1190 Nec
2184 1128 2318 1191 ideo
2363 1130 2578 1194 duritia
2596 1113 2888 1217 xfflfffin·

229 1220 613 1303 imputabitur
656 1221 891 1284 Christo
933 1222 1014 1285 de
1055 1222 1098 1254 ¹⁶
1109 1223 1337 1285 arbitrii
1392 1224 1795 1306 cuiuscunque
1850 1226 2018 1290 liberi
2077 1228 2118 1262 ¹⁷
2131 1229 2296 1292 vitio.
2404 1231 2577 1309 Eece,
2605 1231 2795 1328 Χῑίῗῑῑὶδ

227 1323 445 1404 inquit,
512 1324 688 1404 posui
734 1333 870 1386 ante
910 1332 971 1387 te
1011 1324 1235 1387 bonum
1280 1333 1341 1387 et
1380 1327 1620 1389 malum.
1728 1327 1897 1408 Elige
1950 1330 2111 1411 quod
2163 1330 2391 1394 bonum
2453 1315 2887 1410 est381fflc3¹lf=¹⁸·

228 1425 279 1489 si
320 1443 443 1486 non
487 1432 694 1505 potes,
740 1424 877 1505 quia
918 1443 1042 1487 non
1084 1426 1173 1487 vis
1218 1428 1432 1507 (posse
1473 1428 1633 1490 enim
1662 1436 1749 1503 te,
1796 1430 1844 1492 si
1875 1430 2058 1504 velis,
2105 1432 2400 1506 ostendit,
2447 1434 2584 1514 quia

227 1527 328 1588 tuo
386 1524 634 1588 arbitrio
676 1535 995 1607 utrumque
1037 1529 1410 1608 proposuit),
1457 1529 1730 1593 discedas
1779 1540 2017 1612 oportet
2044 1532 2118 1595 ab
2150 1552 2221 1596 eo
2257 1533 2425 1597 cuius
2455 1554 2580 1598 non

227 1627 371 1690 sacis
414 1628 800 1690 voluntatem.

395 1729 564 1802 Quae
603 1729 784 1809 igitur
825 1729 924 1792 hic
965 1730 1183 1792 duritia
1225 1739 1430 1794 nostra
1451 1778 1466 1805 ,
1542 1732 1597 1793 si
1652 1750 1775 1795 non
1818 1733 2171 1797 facientibus
2213 1737 2578 1800 voluntatem
2625 1761 2831 1820 capim

228 1829 321 1892 dei
363 1827 823 1894 renuntiamus?
911 1831 1078 1903 Quae
1120 1831 1419 1905 haeresis,
1463 1833 1519 1894 si
1563 1834 1855 1896 secundas
1898 1835 2170 1916 nuptias,
2215 1844 2283 1897 ut
2322 1837 2575 1915 illicitas,

225 1932 382 1994 iuxta
422 1931 779 1996 adulterium
821 1932 1197 1995 iudicamus?
1265 1933 1422 2006 Quid
1468 1934 1599 1997 ¹est
1640 1935 1799 1998 enim
1841 1935 2194 1998 adulterium
2238 1956 2413 2017 quam
2443 1958 2574 2003 ma-

225 2032 565 2095 trimonium
631 2032 947 2096 illicitum?
1030 2033 1210 2096 Notat
1269 2034 1578 2116 apostolus
1648 2055 1754 2100 eos
1811 2038 1913 2118 qui
1970 2037 2034 2098 in
2098 2046 2290 2101 totum
2355 2041 2863 2114 nuberemm.1v,a.

222 2133 645 2214 prohibebant,
692 2136 791 2215 qui
838 2143 898 2197 et
939 2135 1014 2197 de
1057 2135 1204 2198 cibis
1251 2134 1686 2199 interdicebant
1726 2157 1879 2218 quos
1923 2138 2072 2200 deus
2104 2140 2388 2203 condidit.
2454 2141 2579 2205 Nos

220 2254 360 2297 vero
406 2254 527 2297 non
571 2235 759 2315 magis
803 2235 1043 2317 nuptias
1075 2237 1449 2312 auferimus,
1509 2237 1563 2299 si
1610 2238 1905 2301 secundas
1959 2258 2341 2314 reeusamuS,
2403 2261 2578 2320 quam

224 2336 389 2399 cibos
434 2337 860 2418 reprobamus,
903 2337 955 2397 si
1001 2337 1238 2418 saepius
1280 2338 1638 2400 ieiunamus.
1732 2338 1903 2401 Aliud
1935 2349 2031 2400 est
2065 2339 2369 2415 ’auferre,
2417 2334 2599 2406 aliud*

220 2446 590 2518 temperare3
636 2438 792 2500 aliud
838 2447 933 2500 est
972 2438 1163 2518 legem
1206 2457 1329 2501 non
1373 2439 1637 2502 nubendi
1680 2457 1940 2520 ponere,
1986 2440 2143 2503 aliud
2171 2441 2302 2506 ⁸est
2326 2442 2574 2507 modum

217 2538 482 2602 nubendi
528 2547 807 2602 statuere.
895 2539 1076 2602 Plane
1120 2540 1220 2620 qui
1266 2540 1626 2622 exprobrant
1682 2540 1859 2603 nobis
1905 2541 2182 2605 duritiam
2224 2542 2317 2605 vel
2358 2543 2575 2609 haere-

221 2640 336 2704 sim
379 2640 478 2704 ·‘in
522 2642 634 2704 hac
676 2660 851 2705 causa
896 2641 1238 2716 aestimant,
1315 2643 1368 2705 si
1426 2642 1490 2704 in
1534 2650 1761 2705 tantum
1805 2644 2008 2706 fovent
2048 2644 2276 2725 ”caruis
2320 2644 2576 2708 infirmi-

217 2751 433 2818 tatem,
477 2753 547 2806 ut
586 2743 649 2805 in
694 2743 973 2806 nubendo
1016 2743 1362 2823 frequenter
1402 2744 1855 2807 ‘sustinendam
1897 2754 2144 2824 putent,
2191 2764 2298 2808 cur
2324 2746 2482 2809 illam
2512 2747 2575 2808 in

218 2844 330 2906 alia
375 2853 552 2907 causa
588 2863 782 2924 neque
826 2844 1129 2907 sustinent
1169 2864 1364 2926 neque
1404 2845 1578 2907 venia
1621 2845 1854 2919 fovent,
1929 2864 2063 2908 cum
2107 2847 2420 2909 tormentis
2465 2866 2571 2909 ex-

215 2952 478 3025 pugnata
518 2954 610 3007 est
650 2947 712 3008 in
759 2944 1183 3026 negationem?
1259 2946 1474 3026 Utique
1519 2946 1677 3008 enim
1722 2946 1879 3008 illam
1922 2946 2110 3026 magis
2157 2947 2426 3009 excusari
2469 2966 2571 3010 ca·-

213 3046 340 3127 pit·
382 3065 529 3125 quae
571 3048 633 3108 in
676 3048 908 3128 proelio
954 3047 1165 3109 cecidit
1204 3065 1379 3126 quam
1424 3064 1576 3127 quae
1605 3046 1669 3108 in
1697 3046 1988 3121 cubiculo,
2026 3058 2184 3127 'quae
2215 3050 2277 3110 in
2317 3048 2570 3128 equuleo

215 3146 529 3209 succubuit
570 3167 744 3227 quam
790 3167 940 3228 quae
982 3148 1081 3210 'in
1124 3148 1361 3224 lectulo,
1408 3167 1559 3228 quae
1603 3147 1934 3211 crudelitati
1978 3148 2159 3210 cessit
2202 3168 2379 3229 quam
2421 3167 2573 3230 quae

211 3248 477 3325 libidini,
544 3267 694 3328 quae
752 3266 996 3328 gemens
1055 3249 1280 3311 devicta
1337 3258 1432 3311 est
1485 3268 1659 3329 quam
1703 3266 1855 3329 quae
1899 3249 2141 3312 subans.
2250 3249 2370 3312 Sed
2413 3248 2572 3312 illam

199 3350 455 3429 quidem
499 3368 534 3411 a
579 3350 1114 3411 communicatione
1158 3349 1489 3430 depellunt,
1565 3350 1702 3430 quia
1746 3367 1870 3411 non
1923 3349 2211 3438 sustinuit
2250 3350 2315 3411 in
2355 3349 2570 3425 finem3

205 3450 366 3512 hanc
405 3468 548 3512 vero
596 3450 955 3532 suscipiunt,
1001 3451 1167 3530 quasi
1211 3459 1271 3513 et
1311 3451 1458 3513 baec
1499 3450 1853 3514 sustinuerit
1882 3450 1944 3512 in
1973 3450 2204 3513 ⁸fluem.
2267 3450 2568 3530 Propone,

209 3552 354 3631 quid
410 3547 658 3631 utraque
715 3570 837 3614 non
897 3551 1247 3614 sustinuerit
1300 3552 1365 3613 in
1421 3552 1631 3627 finem,
1710 3561 1770 3614 et
1824 3552 2091 3615 invenies
2147 3553 2275 3614 eius
2330 3568 2571 3614 causam

207 3653 623 3715 honestiorem
681 3672 831 3733 quae
892 3652 1194 3715 saevitiam
1249 3672 1423 3732 quam
1482 3672 1634 3733 quae
1687 3654 2025 3733 pudicitiam
2090 3653 2391 3715 sustinere
2446 3670 2569 3713 non

203 3754 426 3835 potuit.
513 3753 590 3815 Et
636 3762 832 3816 tamen
876 3772 990 3816 nec
1033 3760 1335 3815 cruentam
1381 3753 1777 3816 defectionem
1833 3754 2146 3817 infirmitas
2204 3752 2399 3816 carnis
2457 3770 2564 3813 ex-

207 3864 412 3929 cusat,
455 3853 678 3916 nedum
723 3853 1098 3934 impudicam.

381 3955 573 4017 Rideo
618 3964 848 4030 antem,
905 3975 1038 4018 cum
1081 3955 1394 4018 infirmitas
1459 3955 1654 4016 carnis
1714 3952 2066 4035 opponitur,
2134 3970 2283 4032 quae
2340 3969 2570 4014 summa
2604 3955 2839 4012 cap.xvl.

200 4056 496 4119 fortitudo
545 4056 825 4119 ¹dicenda
870 4065 979 4119 est.
1087 4055 1310 4117 Iterum
1366 4054 1592 4117 nubere
1652 4062 1746 4117 est
1796 4071 1897 4116 res
1939 4053 2188 4130 virium3
2248 4070 2567 4132 resurgere

204 4161 292 4225 is.
332 4175 530 4227 arsitrio
565 4174 652 4227 ΑΒ.
763 4174 843 4225 ιτ.
880 4176 1075 4226 servitio
1110 4172 1234 4227 aaa.

349 4243 464 4309 Cap.
500 4245 590 4294 XV.
683 4244 726 4293 1.
768 4245 894 4293 enim
934 4251 1010 4294 est
1040 4244 1129 4293 AB.
1235 4241 1281 4292 2.
1320 4243 1506 4293 referre
1541 4238 1703 4303 (Amo.
1810 4241 1856 4291 3.
1895 4248 1971 4292 est
2005 4256 2092 4293 om.
2131 4242 2179 4291 d.
2281 4239 2328 4290 4.
2382 4240 2429 4289 in
2477 4241 2569 4290 hac

199 4325 357 4363 cansa
394 4313 665 4373 aestimant,
704 4311 745 4360 si
794 4312 913 4363 liber
952 4311 1205 4361 Clementis.
1295 4311 1342 4360 in
1377 4310 1470 4361 bac
1506 4324 1670 4371 causa,
1706 4310 1747 4358 si
1780 4308 2024 4361 Ascabcd.
2146 4308 2193 4357 5.
2233 4308 2392 4359 carnis
2430 4319 2567 4357 mene

193 4378 531 4430 infirmitatem
566 4376 655 4431 AB.
738 4377 784 4428 6.
823 4379 1153 4428 sustinendam
1171 4377 1380 4430 Anonos.
1417 4379 1536 4428 tiber
1550 4377 1808 4441 manentis,
1850 4377 2077 4428 Latinius.
2148 4372 2485 4445 sustinendum=
2520 4375 2565 4427 b.

195 4448 253 4497 7.
291 4446 489 4499 inlectui
524 4447 612 4497 AB.
681 4447 731 4496 in
769 4446 895 4497 lecto
930 4447 981 4495 A.
1011 4462 1068 4496 m.
1099 4461 1192 4497 seo.
1296 4443 1346 4496 8.
1381 4445 1476 4494 fine
1508 4444 1674 4505 Atmc.

346 4514 463 4578 Cap.
501 4513 614 4563 xv1.
691 4514 735 4563 1.
776 4513 978 4564 dicenda
1016 4529 1105 4564 om.
1139 4513 1229 4563 AB.

269 4615 392 4681 Cap.
428 4614 517 4666 XV.
578 4629 620 4665 a.
658 4614 876 4667 excusari
896 4608 1050 4678 capit]
1085 4613 1159 4663 Gt.
1175 4613 1333 4664 adnot.
1431 4614 1501 4731 gd
1536 4612 1607 4731 {le
1642 4611 1782 4744 liugai⁵
1808 4611 1871 4730 ἦῆ
1893 4611 2138 4662 Persecut-
2194 4623 2298 4673 σοι).
2330 4607 2374 4659 1.
2425 4614 2474 4657 et
2507 4607 2568 4659 ad

1472 4695 1536 4745 po
1561 4694 1639 4743 og.
1678 4694 1731 4730 ca
1878 4714 1889 4728 .

274 4771 601 4816 Turonum
616 4780 809 4816 omn.
829 4778 1026 4815 osuin.
1066 4766 1193 4813 Tom.
1208 4765 1246 4810 1.
2189 4759 2256 4810 50
