3263 5311
1120 455 1195 500 nu
1238 456 1648 504 resurrexint.
2425 446 2549 510 65⁷

220 605 618 679 mentionem,
676 624 759 668 ne
796 609 1183 670 retractantes
1241 607 1316 670 de
1358 606 1601 671 residuo
1656 608 1871 672 auxilio
1914 612 2250 690 paenitendi
2298 614 2556 695 spatium

218 708 407 771 adhuc
458 707 839 789 del‘niquendi
894 708 1305 776 dmonstrare
1359 708 1679 772 videamur.
1785 709 1990 785 Absit,
2055 717 2123 776 ut
2172 713 2415 796 'aliquis
2469 716 2553 780 ita

170 807 175 812 ⁴
218 811 668 891 interpretetur,
740 810 915 890 quasi
957 828 1030 872 eo
1075 809 1191 872 sibi
1246 811 1423 874 etiam
1476 829 1637 876 nunc
1687 819 1883 893 pateat
1944 812 2017 875 ad
2071 814 2549 897 delinquendum,

220 912 351 994 quia
393 920 555 992 patet
594 912 670 974 ad
710 911 1163 992 paenmdum,
1208 919 1268 974 et
1306 912 1695 976 redundantia
1736 913 2080 977 clementiae
2103 917 2380 982 caelestis
2409 918 2549 982 libi-

220 1015 420 1077 dinem
462 1013 637 1076 faciat
678 1014 969 1076 humatae
1010 1013 1380 1076 temeritatis.
1475 1012 1665 1076 Nemo
1722 1014 1942 1078 idcirco
1983 1015 2249 1080 deterior
2291 1020 2372 1081 sit
2413 1021 2550 1099 quia

218 1117 365 1180 deus
406 1115 621 1178 melior
658 1123 786 1189 est,
833 1113 1052 1178 totiens
1093 1113 1488 1195 delinquendo
1530 1115 1807 1195 quotiens
1850 1116 2199 1196 ignoscitur.
2271 1117 2546 1183 Ceterum

218 1218 397 1280 finem
438 1217 643 1297 utique
686 1214 968 1279 evadendi
1010 1215 1279 1291 habebit,
1325 1235 1459 1279 eum
1503 1217 1844 1284 offendendi
1883 1236 2007 1280 non
2048 1218 2305 1284 babebit.
2391 1220 2546 1284 Eva-

214 1320 404 1404 simus
458 1317 674 1393 semel3
736 1317 1062 1380 hactenus*
1116 1316 1468 1397 periculosis
1532 1318 1944 1399 nosmetipsos
2008 1321 2363 1395 inseramus,
2432 1323 2549 1388 etsi

217 1422 431 1484 iterum
470 1418 706 1483 evasuri
748 1417 1037 1482 videmur.
1140 1419 1412 1499 Plerique
1455 1420 1793 1500 ⁴naurragio
1837 1421 2069 1484 liberati
2111 1422 2321 1486 exinde
2359 1439 2546 1505 repu-

216 1523 376 1585 dium
421 1530 482 1583 et
521 1521 654 1583 navi
698 1528 759 1583 et
796 1519 944 1582 mari
989 1520 1218 1593 dicunt,
1264 1528 1324 1581 et
1364 1520 1461 1586 dei
1493 1520 1871 1595 beneficium,
1913 1522 2167 1586 salutem
2210 1541 2378 1588 suam
2422 1525 2545 1588 sci-

214 1624 379 1697 licet,
423 1622 709 1685 memoria
748 1620 997 1702 periculi
1038 1622 1353 1684 honorant.
1429 1622 1633 1685 Laudo
1679 1622 1986 1698 timorem,
2027 1624 2211 1705 diligo
2255 1643 2544 1689 verecun-

217 1725 401 1788 diam:
464 1723 678 1786 noltmt
717 1722 933 1786 iterum
988 1722 1219 1785 divinae
1274 1722 1719 1788 misericordiae
1776 1725 1944 1787 oneri
1999 1745 2168 1800 esse3
2228 1727 2550 1790 formidant

215 1826 401 1889 videri
441 1825 767 1888 inciilcare·
811 1824 971 1904 quod
1001 1824 1305 1887 consecuti
1334 1834 1506 1898 sunt,
1553 1825 1747 1888 ⁸bona
1789 1836 1946 1889 certe
1989 1827 2383 1890 sollicitudine
2425 1828 2543 1891 ite-

214 1947 346 1992 rum
386 1925 646 2008 exper‘ui
685 1926 870 1988 vitant
896 1926 1058 2006 quod
1088 1926 1275 1989 semel
1300 1925 1667 1990 ⁶didicerunt
1693 1928 1923 1991 timere.
1991 1928 2076 1990 Ita
2107 1929 2321 1992 modus
2352 1937 2542 1992 teme-

214 2030 403 2093 ritatis
460 2028 699 2092 testatio
756 2036 850 2090 est
900 2027 1156 2090 timoris.
1264 2027 1472 2092 Timor
1513 2037 1707 2100 antem
1751 2028 2013 2091 bominis
2055 2030 2152 2092 dei
2192 2031 2389 2093 honor
2431 2040 2544 2094 est.

218 2133 335 2194 Sed
380 2130 537 2193 enim
578 2128 1089 2212 pervicacissimus
1131 2129 1326 2192 hostis
1388 2129 1486 2191 ille
1525 2147 1828 2209 nunquam
1872 2130 2126 2194 malitiae
2170 2150 2315 2196 suae
2358 2132 2546 2195 otium

213 2233 367 2296 facit.
438 2231 656 2313 Atquin
697 2239 839 2293 tunc
877 2231 1131 2293 maxime
1171 2229 1389 2302 saevit,
1434 2248 1568 2293 cum
1609 2230 1911 2294 hominem
1954 2232 2126 2312 plene
2169 2233 2350 2298 sentit
2389 2234 2543 2297 libe-

210 2343 438 2409 ratum3
480 2342 623 2396 tunc
660 2332 980 2414 plurimum
1022 2331 1392 2405 accendim'r,
1445 2330 1585 2394 dum
1628 2331 2005 2411 extinguitur.
2090 2334 2302 2397 Doleat
2342 2343 2403 2397 et
2442 2338 2540 2397 in-

212 2437 492 2518 gemiscat
526 2453 780 2497 :necesse
833 2441 930 2496 est
981 2433 1147 2496 venia
1199 2441 1577 2513 peccatam
1629 2433 1954 2513 'permissa
2009 2443 2098 2497 tot
2150 2437 2214 2497 in
2268 2436 2544 2500 ⁸homine

212 2537 423 2601 mortis
469 2554 651 2617 opera
705 2536 926 2609 diruta,
992 2542 1084 2602 tot
1140 2533 1381 2597 titulos·¹
1433 2535 1829 2597 damnationis
1884 2545 2046 2599 retro
2102 2557 2245 2601 suae
2310 2557 2538 2601 erasos.

210 2640 412 2712 Dolet,
458 2637 618 2720 quod
654 2639 852 2719 ipsum
897 2644 956 2700 et
996 2635 1236 2717 angelos
1282 2636 1413 2701 eius
1436 2636 1653 2700 Christi
1700 2646 1909 2700 servus
1951 2638 2049 2702 ille
2077 2648 2352 2720 peccator
2378 2639 2807 2709 iudi-lcor.w,s.

212 2752 450 2805 saturus
495 2750 609 2803 est.
694 2740 899 2821 ltaque
940 2740 1254 2812 observat,
1299 2747 1628 2820 oppugnat,
1676 2740 1945 2814 obsidet,
1991 2741 2188 2820 siqua
2217 2741 2414 2835 possit
2440 2750 2542 2807 aut

214 2844 419 2905 oculos
461 2840 973 2921 ⁹concupiscentia
1015 2840 1232 2923 carnali
1276 2840 1484 2911 ferire,
1542 2849 1644 2902 aut
1685 2842 1942 2903 animum
1985 2841 2275 2903 illecebris
2322 2860 2535 2905 saecu—

210 2944 434 3006 laribus
478 2943 743 3015 irretire,
788 2950 887 3004 aut
914 2940 1089 3003 fidein
1122 2950 1390 3002 terrenae
1419 2941 1730 3021 potestatis
1754 2941 2069 3004 formidine
2098 2952 2394 3017 evertere,
2440 2951 2539 3006 aut

213 3064 248 3107 a
292 3044 381 3105 via
425 3053 581 3106 certa
620 3043 920 3124 perversis
952 3042 1423 3104 ¹⁰traditionibus
1467 3041 1857 3122 detorquere3
1898 3062 2020 3104 non
2052 3044 2371 3120 scandalis,
2412 3063 2538 3106 non

207 3146 633 3209 tentationibus
664 3145 878 3207 deficit.
943 3144 1103 3206 Haec
1142 3144 1322 3223 igitur
1361 3162 1583 3205 venena
1614 3145 1739 3206 eius
1769 3143 2083 3224 providens
2113 3145 2260 3208 deus
2281 3193 2296 3217 ,
2342 3146 2539 3208 clausa

202 3250 349 3311 licet
388 3247 793 3327 ignoscentiae
834 3246 1007 3307 ianua
1052 3254 1112 3307 et
1154 3245 1518 3307 intinctionis
1564 3264 1698 3307 sera
1729 3246 2060 3319 obstructa,
2101 3246 2317 3326 aliquid
2349 3247 2539 3309 adbuc

202 3350 478 3431 permisit
532 3355 754 3429 patere.
872 3347 1190 3409 Collocavit
1241 3348 1303 3410 in
1357 3346 1648 3409 vestibulo
1713 3348 2128 3426 paenitentiam
2195 3348 2534 3422 secundam,
2579 3350 2585 3358 “

200 3470 357 3532 quae
393 3448 766 3532 pulsantibus
809 3449 1150 3530 patefaciam
1195 3449 1303 3511 sed
1345 3450 1461 3511 iam
1504 3448 1717 3521 semel,
1765 3449 1900 3528 quia
1943 3448 2058 3510 iam
2092 3450 2388 3524 secundm
2432 3450 2536 3512 sed

202 3552 462 3632 amplius
504 3570 835 3631 nunquam,
881 3551 1018 3631 quia
1059 3551 1329 3630 proxime
1371 3551 1606 3612 frustra.
1711 3550 1844 3611 Non
1889 3550 2044 3612 enim
2091 3560 2151 3612 et
2192 3552 2308 3613 hoc
2349 3551 2537 3614 semel

198 3642 355 3719 satis
400 3650 538 3716 est?
622 3652 822 3717 Habes
868 3653 1028 3732 quod
1072 3652 1187 3713 iam
1232 3652 1409 3712 ¹¹uon
1453 3651 1812 3725 merebaris3
1875 3651 2127 3715 amisisti
2172 3652 2326 3715 euim
2376 3652 2536 3733 quod

199 3774 541 3838 acceperas,
638 3754 717 3816 Si'
753 3754 859 3817 tibi
916 3752 1276 3833 indulgentia
1331 3753 1549 3814 domini
1610 3753 2013 3815 accommodat
2056 3754 2213 3814 unde
2255 3754 2535 3815 restituas

194 3944 252 3995 3.
289 3942 417 3993 alins
447 3943 536 3994 AB.
638 3943 688 3992 4.
726 3942 988 4004 naufragiis
1020 3943 1071 3992 A.
1142 3940 1385 4002 naufragis
1418 3941 1468 3989 B.
1516 3982 1521 3990 .
1557 3940 1602 3989 5.
1643 3948 1689 3989 et
1724 3939 1849 3989 bona
1883 3940 1970 3990 AB.
2056 3938 2105 3988 6.
2143 3940 2423 3989 dedicerant
2448 3941 2537 3991 AB.

196 4014 251 4062 7.
291 4009 533 4075 promissa
567 4010 656 4061 AB.
775 4008 823 4059 8.
874 4011 1114 4059 hominem
1162 4008 1249 4058 AB.
1353 4008 1399 4058 9.
1449 4008 1837 4071 concupiscentie
1869 4008 1957 4057 AB.
2076 4007 2153 4056 10.
2203 4007 2538 4058 traditionibus

196 4081 374 4132 coaed-
444 4078 802 4129 conditionibus
835 4078 922 4128 ΑΒ.
954 4078 1155 4127 Vaticani
1176 4083 1281 4127 tres.
1354 4075 1733 4126 traductionibus
1767 4076 1845 4125 Fr.
1867 4076 2039 4125 [uiuus.
2135 4074 2212 4124 11.
2250 4089 2345 4125 uon
2381 4092 2469 4127 om.
2490 4077 2537 4126 d.

270 4215 323 4263 b.
362 4207 616 4279 hactenus]
634 4212 893 4272 Hactenus,
914 4212 960 4262 id
979 4220 1055 4262 est
1080 4225 1322 4275 uunquam
1493 4227 1532 4261 c.
1574 4206 1839 4277 inculcare]
1889 4211 1962 4261 Cf.
1997 4210 2160 4260 adnot.
2198 4210 2257 4260 ad
2294 4210 2537 4275 Scorpiac.

187 4281 425 4349 posthac.
458 4280 669 4343 (Rigalt.)
722 4279 919 4330 Gradu.
957 4280 1015 4329 nd
1040 4280 1109 4330 De
1129 4279 1323 4329 Exhort.
1426 4293 1529 4343 cap.
1552 4278 1602 4329 6.

190 4352 337 4403 Cast.
372 4347 544 4413 cap.1.
601 4347 691 4397 Alii
727 4350 946 4398 hactenus
980 4350 1182 4409 iungunt
1215 4361 1323 4397 cum
1493 4346 1538 4396 d.
1576 4341 1768 4412 titulos]
1805 4346 1877 4397 (Ξῖ.
1893 4347 2054 4397 adnot.
2082 4346 2137 4395 ad
2151 4346 2472 4410 Apolog.cap.
2493 4347 2536 4395 1.

176 4419 478 4488 periculosis
521 4423 571 4465 et
614 4416 1002 4477 interrogationis
1035 4416 1175 4477 siguo
1209 4429 1325 4465 sen-
1427 4414 1660 4465 pacianus
1696 4414 1728 4463 l.
1753 4416 1786 4462 l.
1842 4429 2014 4479 „quae
2059 4415 2269 4478 posteris
2317 4414 2419 4462 cius
2468 4420 2540 4462 tot

184 4486 402 4540 tentiam
432 4483 675 4535 claudunt.
701 4482 828 4533 'Non
855 4483 1092 4546 improbo.
1139 4484 1325 4533 Pericu-
1424 4483 1583 4531 mulos
1619 4484 1929 4532 damnationis
1965 4482 2209 4545 impressit
2223 4482 2273 4543 ;“
2311 4489 2359 4530 et
2390 4478 2536 4543 paulo

182 4557 319 4609 loeis
347 4553 462 4602 dixit
485 4566 575 4616 pro
592 4552 829 4617 periculis,
848 4550 1125 4600 adiectivum
1148 4548 1324 4614 plurali
1426 4559 1566 4614 post:
1626 4557 1735 4609 „tot
1789 4550 2010 4598 caelestis
2070 4550 2331 4600 clementiae
2377 4549 2538 4598 titulos

184 4627 314 4676 loco
336 4620 636 4670 substantivi.
684 4618 912 4682 Exempla
943 4619 1045 4667 eius
1079 4632 1198 4667 usus
1234 4618 1325 4667 ali·
1427 4618 1617 4667 obiectu
1653 4616 1829 4679 rigoris
1864 4616 2109 4667 eradere.“

181 4698 326 4759 quot
347 4687 592 4738 adduxisti
610 4687 679 4736 De
691 4686 817 4750 Fuga
834 4688 880 4737 in
897 4687 1137 4736 persecut.
1151 4700 1257 4750 cap.
1277 4685 1320 4735 l.

268 4775 592 4821 Tui-uuum
618 4786 721 4822 οη.
734 4785 808 4818 ιο.
824 4784 1021 4819 osuin.
1059 4771 1184 4816 Tom.
1205 4771 1240 4815 1.
2169 4765 2235 4817 42
