3263 5311
738 388 817 449 74
1247 401 1448 452 omn-rt
1492 399 1752 444 semim
1792 400 2118 444 reomaus
2163 400 2549 465 ‘tenuatim

733 551 977 633 spiritus
1033 551 1219 612 saneti
1261 550 1708 614 fabricatoribus
1750 550 2041 613 idolorum
2083 568 2205 612 non
2247 550 2443 613 minus
2505 568 2690 631 quam·
2722 549 3042 614 cultoribus

728 652 1215 726 comminaretur,
1283 652 1356 713 de
1406 652 1539 732 ipso
1597 660 1965 715 sacramento
2018 661 2232 714 nostro
2298 653 2817 731 interpretaremur
2869 653 3042 715 nobis

730 755 1003 817 adversas
1045 772 1179 814 esse
1194 736 1355 814 ''fidei
1398 753 1688 823 eiusmodi
1732 761 1909 814 artes.
1997 753 2308 825 Quomodo
2364 752 2518 813 enim
2583 754 3041 816 renuntiavimus
3074 808 3081 820 .

729 855 964 925 diabolo
1008 861 1070 915 et
1107 853 1328 933 angelis
1372 855 1522 926 eius,
1578 855 1633 915 si
1676 872 1780 915 eos
1822 853 2111 915 facimus?
2199 854 2373 926 Quod
2428 853 2734 933 repudium
2786 855 3041 917 diximus

728 957 879 1032 mis,
922 975 1055 1030 non
1088 955 1220 1017 dico
1265 975 1396 1017 cum
1439 955 1675 1034 quibus,
1718 955 1825 1016 sed
1867 955 1940 1015 de
1989 952 2205 1034 quibus
2238 953 2532 1016 vivimus?
2575 954 2762 1026 Quam
2807 956 3008 1018 diseor

727 1058 884 1120 diam
925 1056 1290 1136 suscepimus
1346 1056 1410 1116 in
1464 1075 1604 1129 eos,
1660 1055 1871 1135 quibus
1928 1055 2341 1117 exhibitionis·
2381 1064 2619 1116 nostrae
2660 1057 2838 1134 gratia
2884 1056 3042 1117 obli-

727 1159 844 1238 gati
884 1155 1138 1221 sumus?
1200 1156 1399 1225 ,Potes
1451 1156 1649 1236 lingua
1700 1172 1949 1235 negasse
2003 1156 2163 1236 quod
2214 1175 2392 1218 manu
2437 1154 2787 1218 ‘confirm-is?
2857 1158 3040 1220 verbo

726 1261 1034 1322 destruere
1077 1258 1233 1338 quod
1275 1258 1426 1319 sado
1445 1300 1449 1307 ·
1470 1256 1703 1319 struis?
1723 1276 1928 1334 „unum
1970 1258 2145 1318 deum
2185 1257 2524 1336 praedicare
2566 1256 2665 1336 qui
2708 1265 2926 1344 tant-os>⁴
2947 1260 3040 1320 ef-

725 1360 899 1445 ficis?
941 1378 1146 1424 verum
1187 1359 1363 1421 deum
1402 1359 1740 1438 praedicare
1780 1359 1882 1439 qui
1922 1359 2103 1420 falsos
2146 1357 2333 1420 facis?
2402 1358 2594 1434 Facio,
2660 1359 2742 1421 ait
2782 1360 3039 1438 quidam,

724 1460 864 1524 ³sed
921 1478 1043 1522 non
1095 1460 1258 1523 colo:
1313 1459 1480 1540 quasi
1536 1460 1652 1520 ⁴ob
1708 1459 1960 1538 aliquam
2013 1460 2280 1520 “causam
2338 1458 2532 1522 colere
2582 1477 2705 1521 non
2772 1460 3040 1535 ⁶audeat‚

723 1563 841 1625 nisi
900 1562 976 1624 ob
1051 1579 1227 1641 quam
1292 1568 1354 1622 et
1421 1563 1610 1623 faeere
1664 1579 1790 1622 non
1842 1559 2118 1633 debebat,
2173 1550 2395 1622 scilicet
2451 1560 2527 1622 ub
2599 1560 2693 1622 dei
2749 1563 3041 1624 offensam

723 1663 1082 1742 ⁷utrobique.
1182 1662 1369 1723 Immo
1441 1670 1507 1724 tu
1577 1662 1746 1735 eolis,
1818 1661 1918 1741 qui
1990 1660 2153 1734 sacis,
2225 1668 2294 1722 ut
2363 1662 2474 1722 ooli
2520 1661 2804 1742 pos'sintae
2911 1663 3039 1725 Co-

636 1771 646 1782 ·
720 1763 796 1825 lis
839 1770 1034 1825 autem
1071 1782 1195 1825 non
1238 1762 1452 1843 spiritu
1491 1761 1790 1839 ‘vilissimi
1833 1761 2062 1829 nidou's
2105 1761 2379 1833 alicuius.
2446 1763 2550 1823 sed
2607 1771 2708 1823 tuo
2765 1764 3039 1844 proprio,

451 2506 558 2561 Cap.
591 2505 679 2549 vn.

722 1884 834 1926 nee
883 1865 1074 1926 anima
1126 1864 1371 1944 pecudis
1423 1865 1721 1945 impensa,
1778 1864 1882 1926 sed
1936 1864 2125 1926 anima
2168 1871 2287 1925 tua.
2369 1862 2490 1925 Illis
2533 1863 2829 1942 ingenium
2869 1873 3040 1927 tuum

721 1966 1009 2038 immolas,
1070 1965 1224 2026 ”illis
1269 1965 1547 2033 sudorem
1589 1966 1630 1996 ¹⁰
1644 1974 1811 2026 tuum
1847 1964 2020 2039 libas,
2063 1964 2179 2026 illis
2220 1963 2589 2045 prudentiam
2632 1973 2790 2027 tuam
2817 1983 3034 2027 accen-

720 2066 834 2128 dis.
917 2066 1059 2127 Plus
1105 2085 1169 2128 es
1212 2065 1327 2127 illis
1372 2066 1886 2146 quamsaeerdos,
1930 2085 2065 2128 oum
2103 2084 2212 2146 per
2266 2065 2606 2146 tebabeant
2632 2067 3037 2143 sacerdotem3

719 2167 1014 2247 diligentia
1056 2175 1156 2229 tua
1198 2167 1235 2199 ¹¹
1250 2184 1470 2229 numen
1509 2167 1749 2231 illorum
1792 2176 1885 2230 est
1897 2166 1944 2228 ¹¹.
2029 2167 2220 2246 Negas
2272 2176 2331 2228 te
2383 2168 2540 2247 quod
2593 2167 2735 2228 facis
2791 2167 3038 2230 colere?

719 2269 837 2330 Sed
879 2267 962 2329 illi
1004 2286 1126 2329 non
1167 2259 1402 2348 negant,
1445 2267 1658 2349 quibus
1699 2269 1853 2331 hane
1891 2259 2306 2348 saginatiorem
2349 2277 2444 2330 et·
2467 2267 2751 2330 maiorem
2780 2269 3038 2332 hostiam

718 2369 933 2442 caedis,
976 2369 1224 2431 salutem
1262 2377 1440 2432 tuam.

885 2485 1034 2547 Tota
1075 2486 1171 2547 die
1213 2486 1287 2547 ad
1330 2484 1482 2547 hanc
1519 2494 1742 2567 partem
1777 2487 1935 2549 zelus
1964 2485 2101 2547 fidei
2125 2485 2463 2567 perorabit·
2490 2486 2790 2563 ingemens
2820 2487 3033 2548 ¹Chri-

713 2587 968 2649 stianum
1027 2586 1100 2648 ab
1162 2585 1337 2650 idolis
1391 2588 1455 2650 in
1509 2586 1815 2649 &alesiam
1874 2586 2109 2663 venire,
2176 2585 2249 2648 de
2290 2585 2650 2649 'adversaria
2692 2587 2924 2650 officina
2964 2587 3036 2650 in

715 2757 764 2808 2.
801 2758 874 2807 bis
907 2758 1023 2808 Bca.
1093 2757 1152 2807 iis
1184 2758 1303 2820 (ΑΜ).
1409 2756 1457 2808 3.
1494 2764 1541 2806 et
1576 2771 1671 2807 non
1704 2759 1756 2808 A.
1856 2756 1907 2806 4.
1943 2756 2005 2806 ob
2041 2756 2248 2820 aliquam
2285 2760 2327 2809 l».
2361 2758 2437 2808 Fr.
2473 2759 2646 2808 Iunius.
2716 2755 2923 2821 aliquam
2939 2760 3033 2810 AB.

716 2826 959 2891 obliquam
994 2827 1118 2888 Bmy.
1211 2826 1273 2876 ob
1310 2826 1449 2875 uliam
1489 2826 1564 2876 Ca.
1658 2824 1704 2876 5.
1743 2839 1932 2876 causam
1967 2826 2016 2875 Α.
2053 2832 2324 2875 constanter.
2406 2824 2746 2877 &nom-beat
2780 2825 2871 2875 nisi
2906 2823 3029 2892 Αφ.

713 2893 763 2944 7.
798 2895 1051 2959 utrobique
1085 2893 1198 2959 Αφ.
1318 2893 1365 2943 6.
1400 2889 1556 2957 pessit
1587 2893 1641 2944 Δ.
1742 2892 1787 2943 8.
1824 2892 2039 2942 vilissimi
2076 2892 2239 2941 odoris
2270 2894 2397 2957 ΒΜ.
2499 2893 2547 2945 9.
2581 2892 2680 2943 illis
2713 2893 2939 2943 sudorem
2973 2896 3030 2944 A.

717 2962 794 3012 10.
831 2970 964 3012 tunm
1001 2963 1122 3012 libas
1158 2977 1243 3014 οηι.
1279 2962 1331 3011 Α.
1436 2961 1513 3011 11.
1553 2974 1728 3010 numen
1752 2960 1895 3013 Bcab.
1966 2973 2139 3010 nomen
2174 2962 2225 3010 A.

850 3029 965 3094 Cap.
1001 3030 1098 3081 Vll.
1167 3029 1211 3078 1.
1251 3027 1490 3080 Christum
1524 3030 1650 3093 qu.
1755 3024 1803 3080 2.
1839 3028 2093 3078 adversarii
2130 3029 2177 3079 b.

713 3147 910 3211 Apolog.
946 3162 1050 3210 cap.
1071 3147 1118 3196 7.
1154 3148 1302 3207 „bene
1337 3154 1510 3204 autem,
1548 3148 1672 3210 quod
1706 3154 1828 3196 tem·
1913 3144 2127 3205 hostiae,
2174 3144 2232 3193 de
2268 3158 2361 3208 quo
2399 3159 2533 3195 more
2570 3146 2630 3195 ef.
2668 3161 2786 3212 quae
2822 3160 3029 3207 conges-

712 3229 804 3279 pus
839 3214 997 3262 omnia
1032 3213 1257 3262 revelat.“
1328 3213 1394 3262 De
1432 3213 1578 3261 leiun.
1614 3229 1718 3277 cap.
1750 3212 1827 3264 13.
1913 3220 2079 3261 serunt
2113 3212 2393 3275 interpretes
2429 3213 2487 3262 ad
2504 3212 2676 3276 Vergil.
2709 3215 2887 3273 Aere&
2909 3213 3030 3267 366.

708 3282 870 3344 „Bene
905 3288 1079 3338 autem,
1115 3282 1238 3344 quod
1272 3286 1319 3328 et
1346 3277 1556 3342 episcopi
1583 3282 1829 3330 universae
1914 3287 1961 3328 et
1995 3279 2070 3339 lx,
2105 3277 2219 3329 627.
2256 3280 2432 3328 Tibull.
2469 3281 2596 3342 Eleg.
2637 3281 2706 3338 lV.
2747 3283 2789 3340 1,
2822 3282 2897 3330 15.
2951 3283 3027 3333 Cf.

713 3348 844 3412 plebi
902 3347 1075 3396 ieiunia
1132 3346 1358 3395 mandare
1416 3347 1684 3398 assolent.“
1759 3349 1829 3397 De
1913 3347 2104 3395 Homer.
2142 3347 2310 3410 Odyss.
2348 3348 2430 3406 ΙΙΙ,
2463 3347 2576 3400 384.
2609 3347 2725 3398 426.
2762 3348 2881 3398 Plio.
2905 3349 3029 3400 Hist.

715 3415 869 3465 Carne
915 3413 1028 3463 Chr.
1076 3428 1181 3477 cap.
1217 3413 1296 3463 20.
1345 3414 1474 3473 „Sed
1520 3417 1660 3474 bene,
1706 3418 1829 3479 quod
1912 3413 2016 3463 Nat.
2045 3414 2251 3472 ἌΧΧΙΙΙ,
2290 3413 2336 3464 3.
2374 3415 2616 3474 „Deorum
2652 3417 2822 3466 honori
2860 3418 3027 3490 infsa-

711 3482 837 3532 idem
859 3480 1153 3529 Matthaeus“
1190 3490 1300 3531 cett.
1334 3481 1402 3529 De
1427 3483 1586 3532 Pudic.
1623 3499 1725 3546 cap.
1751 3483 1827 3533 19.
1913 3481 2008 3532 eris
2030 3481 2144 3529 nibil
2170 3482 2298 3531 aliud
2334 3492 2643 3544 excogitatum
2679 3492 2770 3546 est,
2808 3485 2947 3547 quam
2976 3491 3030 3535 nt

712 3549 866 3611 „Bene
911 3554 1058 3613 autem
1110 3550 1232 3612 quod
1277 3550 1508 3612 apostolis
1556 3558 1603 3600 et
1637 3552 1746 3601 ndei
1782 3557 1831 3599 et
1909 3551 2089 3597 auratis
2136 3551 2359 3599 cornibus
2396 3551 2605 3610 hostiae,
2643 3555 2848 3600 maiores
2883 3552 3027 3600 dum-

712 3616 994 3681 disciplinae
1027 3616 1205 3678 regulis
1240 3617 1506 3667 eonvenit.“
1909 3623 2062 3675 taxat,
2112 3616 2485 3667 immolarentur.
2553 3619 2684 3667 Addo
2722 3620 2838 3667 Plat.
2873 3620 3026 3669 Alcib.

2393 3703 2419 3734 ι.
2454 3686 2639 3747 Antiqu.
2677 3686 2758 3745 ΙΙΙ,
2790 3686 2865 3736 16.
2906 3688 3026 3736 l‘ru·

2393 3753 2436 3811 Κ,
2477 3752 2617 3803 1023.
2668 3754 2802 3812 „Nec
2846 3769 2944 3804 non
2979 3761 3027 3804 et

2394 3827 2495 3870 scat
2554 3821 2738 3871 hostiae
2790 3823 3025 3887 setasque

2393 3888 2588 3937 inficit.“

2413 3951 2676 4021 perorabit]
2740 3956 2874 4005 Amat
2932 3957 3026 4005 boc

2396 4023 2547 4073 ianus.
2606 4023 2672 4071 De
2720 4024 2873 4073 Carne
2910 4024 3022 4073 Chr.

2393 4107 2404 4138 ι
2440 4092 2627 4154 quidem
2666 4105 2864 4140 exorsus
2900 4093 3023 4140 nati-

2393 4157 2577 4220 e·'iam‚
2624 4158 2877 4221 spurcitias
2913 4166 3056 4208 cett-¹

2393 4270 2394 4273 ,
2433 4225 2509 4275 11.
2549 4227 2677 4288 „Age
2714 4227 2826 4287 iam,
2858 4239 3021 4291 perora

2393 4309 2430 4341 m
2478 4300 2525 4342 et
2569 4295 2825 4346 reverenda
2872 4306 3020 4357 opera

2393 4375 2532 4410 zsurr.
2579 4358 2747 4410 Carnis
2795 4374 2899 4425 cap.
2937 4360 3017 4409 20.

2393 4428 2614 4495 ›ersionis
2661 4431 2835 4479 exitum
2879 4443 3017 4493 pero·

2393 4511 2468 4559 ap.
2511 4492 2584 4544 12.
2637 4493 2752 4559 ‚³{qni
2787 4496 3015 4545 Senecam

2410 4567 2461 4612 et
2494 4561 2811 4628 amarioribus
2846 4563 2905 4619 de
2938 4577 3015 4611 ve·

2427 4633 2713 4702 perorantem
2731 4625 3013 4706 ssprobm.“
