3263 5311
1142 447 1219 490 us
1263 445 1680 493 »inmuni-u,
2455 439 2576 504 661

237 608 513 674 exossam
554 614 690 660 cm
733 596 1119 670 condemnat,
1162 595 1439 661 absolvit.
1500 598 1571 661 In
1613 608 1896 681 qnantum
1927 619 2050 664 uon
2078 607 2418 684 peperceris
2441 583 2581 684 -tibi,
2639 635 2646 646 ·

238 703 303 766 in
344 710 574 764 tantun
618 698 724 762 tibi
766 698 948 773 deus,
994 698 1201 772 crede,
1244 709 1465 780 parcet.

412 799 771 881 'Plerosque
810 807 1008 862 tamen
1051 800 1168 862 boc
1210 818 1395 881 opus,
1448 809 1517 868 ut
1555 801 2012 883 publicationem
2055 804 2343 879 sui,·aut
2383 809 2576 872 sull'u·
2614 831 2795 890 caps.

239 921 381 986 gere
424 911 526 966 aut
567 902 645 964 de
684 902 781 964 die
822 902 887 964 in
929 900 1086 964 diem
1128 901 1389 964 differre.
1481 902 1875 979 'Praesumm
1919 904 2169 987 pudoris
2211 907 2400 988 magis
2444 929 2576 972 me-

235 1023 441 1070 mores
480 1021 659 1085 quan
701 1002 944 1077 salutis;
984 1003 1143 1066 velut
1183 1002 1268 1065 illi
1310 1003 1411 1085 qui
1452 1005 1514 1066 in
1555 1004 1825 1086 partibus
1868 1006 2391 1073 verecundioribus
2431 1029 2571 1079 cor·
2603 1075 2608 1082 ,

234 1107 406 1191 poris
450 1114 748 1168 contracta
788 1104 1099 1167 vexatione
1139 1105 1561 1168 conscientiam
1590 1107 1954 1172 medentium
1982 1108 2196 1172 vitant·
2240 1119 2302 1172 et
2333 1110 2412 1173 ita
2440 1129 2574 1173 cum

239 1206 651 1275 erubescentia
713 1223 822 1269 sua
874 1214 1148 1288 pereunt.
1254 1205 1700 1271 lntokrandum
1757 1208 1982 1274 scilieet
2032 1208 2278 1291 'pudori
2332 1212 2576 1274 domino

236 1314 474 1375 olenso
521 1309 892 1380 satisfacere,
934 1307 1109 1372 saluti
1149 1308 1465 1389 prodactae
1509 1311 1842 1372 reformari!
1920 1310 2078 1375 ⁴Nae
2115 1321 2184 1375 tu
2227 1313 2610 1376 verecundia·

236 1414 464 1487 bonus,
510 1411 584 1473 ad
628 1407 1085 1491 delinquendum
1128 1410 1464 1490 expandens
1507 1412 1797 1486 mntem,
1840 1412 1913 1474 ad
1957 1412 2393 1494 deprecandum
2432 1434 2574 1477 vero

237 1513 601 1579 subducens.
666 1511 792 1591 Ego
834 1510 1045 1573 rubori
1084 1511 1281 1574 locum
1322 1530 1445 1573 nou
1487 1512 1672 1588 racio,
1716 1532 1847 1578 cum
1891 1513 2027 1594 plus
2069 1514 2178 1578 ‘de
2220 1516 2574 1580 detrimento

237 1619 369 1681 eius
414 1614 653 1696 acqm‘ro
674 1659 689 1688 ,
722 1613 757 1686 ,⁶
769 1631 903 1675 cum
944 1612 1077 1693 ipse
1118 1612 1418 1692 bominem
1466 1613 1902 1693 quodammodo
1933 1616 2310 1691 exhortatur,
2353 1616 2440 1679 Ne
2476 1637 2576 1679 me

234 1716 607 1802 respexeris,
653 1714 890 1788 diceus,
946 1729 1056 1794 per
1095 1723 1156 1777 te
1197 1714 1380 1777 ⁷mibi
1421 1715 1636 1778 melius
1678 1723 1774 1777 est
1813 1717 2031 1798 perire.
2118 1717 2292 1781 Certe
2335 1718 2574 1799 pericu-

236 1822 362 1885 lum
406 1820 539 1882 eius
580 1826 753 1889 tunc,
798 1816 853 1878 si
896 1816 1112 1890 sorte‘,
1158 1833 1477 1878 onerosum
1508 1823 1630 1891 est,
1675 1834 1811 1879 cum
1853 1836 2039 1899 penes
2083 1818 2467 1882 insultaturos
2511 1821 2574 1883 in

236 1919 590 2002 risiloquio·
634 1917 941 1991 consistit,
984 1916 1088 1979 ubi
1131 1917 1206 1979 de
1246 1917 1489 1981 alterius
1530 1918 1703 1980 ruina
1743 1919 1894 1982 alter
1933 1920 2249 1994 attollitur,
2296 1920 2396 1984 ubi
2426 1939 2576 2002 pro-

232 2029 427 2087 strato
470 2017 1020 2101 ’superscenditurt
1084 2028 1345 2081 ceterum
1389 2019 1547 2082 inter
1589 2021 1806 2083 tratres
1849 2030 2026 2102 atque
2065 2040 2425 2097 conservos,
2472 2023 2573 2086 ubi

232 2123 570 2189 communis
615 2140 787 2202 spes,
843 2128 1071 2193 metus,
1128 2120 1437 2200 audiun,
1493 2120 1701 2195 dolor,
1757 2122 1996 2202 passio,
2050 2123 2186 2204 quia
2243 2125 2574 2187 communis

234 2227 488 2310 spiritus
528 2224 606 2285 de
648 2221 947 2285 communi
991 2221 1233 2283 domino
1264 2230 1325 2283 et
1360 2231 1562 2303 patre,
1607 2223 1785 2302 'quid
1827 2234 1894 2286 tu
1935 2224 2050 2285 bos
2095 2224 2252 2288 aliud
2293 2245 2466 2307 quam
2510 2234 2570 2288 te

232 2321 551 2409 opinatis?
636 2324 797 2398 Quid
850 2331 1160 2386 consortes
1211 2339 1457 2386 casuum
1514 2333 1756 2386 tuorum
1811 2325 1854 2357 ¹⁰
1867 2334 1933 2387 ut
1991 2324 2301 2406 plausores
2367 2324 2578 2407 fugis?

229 2430 365 2493 Nou
410 2434 613 2509 potest
650 2422 911 2505 corpus·¹
938 2423 1015 2486 de
1042 2425 1218 2486 unius
1252 2424 1503 2487 membri
1531 2424 1841 2487 vexatione
1869 2426 2084 2489 laetum
2113 2445 2321 2508 agere3
2366 2427 2571 2490 ¹¹con-

236 2529 434 2594 doleat
473 2528 815 2592 universum
860 2534 921 2588 et
962 2525 1033 2587 ad
1080 2526 1407 2589 remedium
1450 2526 1796 2591 conlaboret
1848 2545 2100 2591 necesse
2141 2537 2255 2591 est.
2340 2528 2409 2591 ln
2450 2547 2572 2591 uno

236 2641 298 2697 et
338 2632 522 2695 altero
567 2628 813 2693 ecclesia
857 2637 978 2703 est,
1025 2627 1272 2692 ecclesia
1314 2647 1455 2691 vero
1484 2628 1781 2692 Christus.
1843 2628 2001 2711 Ergo
2047 2648 2180 2694 cum
2223 2639 2282 2693 te
2324 2629 2398 2693 ad
2440 2629 2568 2693 fra-

232 2746 393 2798 trum
421 2750 610 2815 genua
638 2730 976 2811 protendis,
1021 2730 1317 2797 Christum
1344 2739 1709 2807 contrectas,
1756 2731 2058 2795 Christum
2086 2750 2317 2795 exoras.
2371 2732 2573 2811 Aeque

229 2838 318 2900 illi
363 2854 494 2898 cum
539 2852 721 2915 super
762 2841 822 2895 te
863 2832 1135 2894 lacrimas
1181 2841 1391 2912 agunt,
1438 2832 1711 2895 Christus
1739 2832 1991 2914 patitur,
2037 2818 2309 2896 Christus
2338 2841 2569 2913 patrem

235 2939 607 3018 deprecatur.
671 2931 915 2997 ¹²Facile
958 2933 1308 3015 impetratur
1349 2951 1587 3014 semper
1616 2933 1776 3013 quod
1802 2933 1959 2996 filius
1987 2932 2267 3015 postulat,
2333 2933 2569 2996 Grande

230 3040 410 3121 plane
454 3037 913 3115 emolumentum
955 3033 1339 3096 verecundiae
1381 3020 1693 3096 occultatio
1738 3034 1934 3098 delicti
1975 3033 2307 3116 pollicetur.
2385 3034 2566 3097 Vide-

231 3139 376 3205 licet
416 3138 467 3202 si
510 3137 650 3221 quid
694 3137 983 3200 humanae
1025 3134 1270 3197 notitiae
1314 3134 1802 3211 subduxerimus,
1845 3134 2098 3217 proinde
2142 3145 2203 3198 et
2243 3135 2418 3199 deum
2462 3154 2565 3198 ce·
2667 3160 2679 3167 ·

228 3238 536 3319 labimus?
621 3239 865 3301 Adeone
928 3235 1281 3299 existimatio
1346 3236 1655 3299 hominum
1719 3246 1778 3299 et
1830 3237 1928 3300 dei
1982 3222 2341 3300 couscientia
2396 3256 2564 3300 com·

371 3395 488 3459 Cap.
524 3394 580 3444 X.
669 3392 714 3442 t.
762 3391 1048 3456 Plerumque
1081 3391 1171 3442 AB.
1285 3390 1333 3441 2.
1378 3391 1735 3456 praesumimus
1768 3392 1819 3442 A.
1939 3390 1989 3442 3.
2023 3390 2192 3456 poderi
2227 3392 2319 3442 Ios.
2343 3391 2567 3457 Scaliqer.

232 3465 283 3516 4.
320 3463 420 3514 Nec
450 3462 502 3511 B.
593 3460 641 3511 b.
677 3460 741 3510 de
773 3459 961 3511 ont-AB.
1048 3457 1097 3508 6.
1131 3458 1247 3523 quin
1278 3460 1387 3523 ipae
1421 3460 1631 3510 Latinius
1650 3459 1977 3510 eth-‚Iunius-
2057 3457 2105 3509 7.
2140 3457 2183 3509 vi
2216 3460 2267 3510 A.
2317 3459 2566 3511 OadtlitB.

230 3531 283 3583 8.
320 3528 727 3595 supersceudeter
752 3528 841 3578 Ae.
919 3526 968 3577 9.
1007 3525 1120 3591 quid
1156 3534 1205 3576 tu
1242 3528 1333 3576 bos
1367 3528 1432 3589 d.,
1471 3542 1530 3577 ex
1557 3528 1716 3578 codice
1730 3526 2012 3578 visionensi.
2083 3526 2199 3593 quid
2233 3527 2565 3580 tuosABGabc.

236 3600 317 3717 lg.
358 3606 408 3649 et
452 3599 745 3714 florerem?
780 3597 842 3646 od
879 3595 1149 3646 Tertulliani
1180 3595 1368 3660 Apoloy.
1404 3611 1505 3660 cop.
1535 3592 1617 3644 35.
1690 3595 1858 3661 Inepte.
1982 3593 2062 3647 tt.
2110 3608 2216 3645 cum
2269 3593 2431 3646 doleat
2475 3596 2565 3646 AB.

233 3668 259 3718 1
304 3705 316 3717 .
365 3674 413 3716 et
458 3665 599 3716 [acie
630 3667 665 3715 A
706 3702 719 3714 .
1010 3700 1017 3707 .

306 3800 370 3850 Ca
406 3837 425 3850 .
458 3798 514 3850 X.
599 3814 643 3848 a.
680 3798 1024 3849 conscientiam
1060 3796 1352 3847 medentium
1518 3796 1566 3844 b.
1600 3797 1642 3846 si
1676 3792 1827 3859 forte]
1878 3796 1930 3847 V.
1964 3811 2089 3863 quae
2132 3796 2351 3849 adnotavi
2398 3797 2457 3847 ad
2494 3796 2562 3848 De

230 3815 409 3986 vitant}
461 3866 693 3916 Pacianus
748 3866 1004 3915 Paraencs.
1060 3865 1120 3915 ad
1172 3864 1352 3916 Paenit.
1452 3863 1644 3915 Corone
1680 3879 1784 3929 cap.
1803 3864 1851 3914 5.

226 3951 283 4003 p.
306 3935 368 3986 31
421 3948 437 3986 t
491 3934 792 3996 „Prudentea
838 3934 967 3996 aegri
1004 3930 1218 3983 medicos
1254 3946 1351 3983 non
1519 3947 1563 3982 c.
1599 3926 1877 3998 risiloquio]
1918 3930 2058 3982 Amat
2090 3929 2326 3982 eiusmodi
2361 3945 2562 3995 compo·-

230 4011 473 4063 verentur,
522 4016 584 4053 ne
619 4002 666 4051 in
702 4000 907 4053 occultis
942 4001 1136 4066 quidem
1172 4014 1350 4064 corpo-
1451 3999 1561 4050 sita.
1611 3999 1693 4049 Sic
1728 4000 1870 4051 babet
1901 3998 2222 4065 maliloquium
2252 3998 2323 4051 De
2340 3999 2561 4063 Spectac,

226 4084 342 4124 tum
400 4069 618 4135 partibus
677 4070 818 4119 etiam
872 4079 1151 4129 secaturos,
1207 4068 1349 4118 etiam
1452 4081 1556 4131 cap.
1576 4065 1645 4127 2.,
1681 4067 2011 4133 turpiloquium
2044 4066 2114 4117 De
2138 4065 2300 4117 Pudic.
2337 4066 2559 4132 cap.17.,

228 4148 536 4206 perusturos.
588 4135 888 4186 Meminimus
912 4136 1148 4201 quosdam
1167 4143 1350 4186 remota
1451 4136 1817 4201 spurciloquium
1850 4135 1919 4184 lle
1953 4133 2333 4185 Resurr.Carnis
2368 4148 2475 4200 cap.
2491 4135 2561 4197 4.,

228 4208 379 4259 etiam
408 4215 455 4255 et
474 4204 737 4256 verecunda
762 4203 1087 4254 membrorum
1114 4218 1211 4255 non
1239 4218 1350 4253 eru·
1449 4205 1821 4268 maliloquium
1853 4201 1923 4251 De
1949 4203 2113 4252 Anima
2150 4217 2253 4266 cap.
2273 4201 2340 4266 6.,
2374 4204 2561 4255 sublili-

225 4275 490 4329 bestente·
537 4274 584 4323 in
638 4274 767 4323 ferro
816 4280 865 4322 et
899 4274 1109 4322 cauterio
1159 4279 1206 4322 et
1238 4285 1350 4334 gra·
1451 4271 1689 4336 loquentia
1721 4270 1832 4320 Adv.
1870 4269 2094 4320 Marcion.
2132 4270 2182 4331 V,
2209 4270 2289 4321 ts.

224 4342 426 4395 sissima
452 4340 533 4391 illa
564 4339 771 4404 pulveris
799 4339 1111 4390 mordacitate
1133 4339 1351 4390 durasse.
1520 4338 1567 4388 d.
1604 4339 1709 4388 Non
1762 4345 1925 4403 potest
1970 4335 2173 4403 corpus]
2220 4337 2409 4389 Paciau.
2459 4337 2494 4389 l.
2525 4336 2560 4386 l.

219 4435 299 4450 ·—-
334 4434 401 4445 —
437 4411 506 4459 An
541 4407 613 4458 sic
649 4404 717 4459 illi
755 4407 929 4457 melius
966 4416 1040 4457 est
1071 4408 1253 4472 perire,
1288 4421 1348 4458 ue
1449 4406 1625 4468 „Quod
1679 4405 1723 4456 si
1785 4407 1984 4456 fratrum
2042 4405 2211 4456 oculos
2258 4400 2558 4465 erubescitis,

224 4487 282 4530 tu
322 4476 508 4542 pudore
555 4475 776 4526 moriaris
824 4489 920 4525 uon
959 4474 1139 4525 faciens
1174 4474 1348 4540 pudori
1450 4480 1703 4523 consortes
1738 4487 1936 4523 casuum
1970 4480 2236 4524 vestrorum
2270 4473 2440 4523 timere
2465 4484 2557 4521 no·

228 4546 415 4604 locum,
451 4542 562 4609 plus
598 4543 657 4592 de
692 4542 981 4594 detrimento
1004 4541 1108 4592 eius
1126 4541 1347 4608 acquires
1451 4540 1548 4591 lite.
1616 4538 1811 4590 Nullum
1849 4554 2027 4605 corpus
2079 4540 2405 4590 membrorum
2439 4550 2557 4589 suo·

226 4614 311 4667 cui
348 4626 439 4678 pro
475 4620 522 4663 te
556 4610 729 4663 melius
766 4617 841 4661 est
873 4608 1034 4674 perire
1047 4605 1114 4660 ?“
1447 4622 1556 4660 rum
1591 4608 1835 4658 vexatione
1869 4606 2101 4671 laetatar;
2133 4608 2314 4673 pariter
2345 4605 2480 4659 dolet
2512 4613 2561 4657 et

866 4690 871 4697 ·
1448 4675 1512 4727 ad
1549 4673 1815 4729 remedium
1850 4674 2167 4727 collaborat-‘⁴
2533 4692 2540 4699 ·
