3263 5311
1052 462 1130 504 DE
1171 462 1502 507 VIRGINIBUS
1548 464 1853 508 muamus.

2507 452 2633 527 897

279 607 497 671 mentis
555 608 820 671 omnium
877 608 1193 673 affectuum
1247 610 1586 675 ⁹¹’structae
1642 612 1757 675 ¹⁰et
1807 613 1979 676 facile
2030 616 2239 678 norint
2286 625 2515 683 ceteras
2574 600 2638 683 et

285 708 535 773 consilio
579 717 641 770 et
683 709 895 771 solatio
940 711 1175 786 iuvare,
1223 721 1284 774 et
1324 720 1392 775 ut
1433 714 1823 776 nihilominus
1866 733 1934 777 ea
1980 715 2482 781 ¹¹decucurrerint
2521 738 2635 800 per

282 828 432 890 quae
481 809 701 872 femma
755 811 996 890 probari
1048 820 1270 892 potest.
1385 815 1549 876 Adeo
1603 815 1753 876 nihil
1807 814 2018 895 virgini
2073 816 2146 878 ad
2200 817 2497 881 honorem
2550 818 2631 883 de

278 909 412 973 loco
455 911 820 992 permissum
866 919 980 973 est.
1095 902 1114 910 “

448 1012 548 1075 Sic
587 1031 702 1074 nec
740 1012 818 1074 de
873 1012 1166 1093 aliquibus
1220 1013 1575 1094 insignibus.

281 1113 364 1175 'si
407 1114 662 1175 feminae
702 1113 942 1194 quidem
983 1133 1094 1194 per
1135 1116 1334 1177 omnia
1374 1116 1554 1178 'viris
1611 1117 1884 1181 subditae
1938 1118 2360 1199 honorigeram
2422 1129 2629 1187 notam

277 1214 628 1295 virginitatis
672 1233 818 1276 suae
858 1217 1228 1295 praeferant,
1283 1216 1434 1296 'qua
1498 1219 1904 1297 suspiciantur
1946 1228 2008 1282 et
2048 1220 2630 1301 circumspiciantur·

279 1323 339 1377 et
379 1314 828 1394 magnificentur
867 1334 900 1377 a
945 1316 1262 1390 tratribus,
1303 1317 1415 1379 viri
1458 1328 1656 1380 autem
1702 1326 1792 1381 tot
1834 1320 2128 1400 virgines,
2190 1330 2285 1387 tot
2324 1324 2629 1402 spadones

276 1416 590 1479 voluntarii
605 1417 654 1491 Β,
697 1434 872 1479 caeco
914 1417 1113 1478 bono·
1155 1435 1268 1478 suo
1312 1416 1618 1494 incedant,
1664 1421 1811 1482 nihil
1841 1428 2142 1499 gestantes
2171 1423 2335 1502 quod
2367 1432 2426 1485 et
2452 1424 2627 1504 ipsos

275 1518 494 1580 iaceret
522 1516 806 1579 illustres,
883 1516 1197 1579 Debebunt
1237 1517 1476 1581 ⁴enim⁴
1520 1529 1581 1582 et
1619 1522 1737 1601 ipsi
1782 1521 1977 1602 aliqua
2020 1522 2172 1585 ‘sibi
2215 1522 2473 1604 insignia
2514 1524 2627 1588 de-

276 1618 570 1692 fendere⁸,
615 1617 758 1680 ‘aut
798 1618 1061 1698 'pennas
1107 1619 1574 1694 Garamantum*⁹
1641 1630 1744 1684 aut
1784 1623 2128 1703 'stropulos
2171 1623 2639 1700 barbarorum&¹

277 1727 378 1781 aut
418 1718 648 1780 cicadas
689 1719 1142 1782 Atheniensium
1157 1720 1205 1793 ¹³,
1272 1728 1374 1783 aut
1417 1699 1618 1783 cirros
1666 1721 2147 1798 Germanorum,
2206 1734 2309 1789 aut
2350 1726 2626 1806 stigmata

276 1819 696 1883 ’Britonumkz
740 1827 842 1881 aut
885 1839 959 1882 ex
1005 1821 1298 1883 ”diverso
1341 1821 1473 1895 fiat,
1531 1824 1723 1904 capite
1762 1823 1937 1885 velati
1980 1825 2045 1885 in
2089 1825 2337 1889 ecclesia
2380 1827 2624 1890 lateant.

276 1971 368 2023 sb.
407 1974 699 2038 Reposuerim
734 1974 1012 2023 instructae.
1088 1972 1167 2023 to.
1204 1982 1264 2037 ct,
1287 1975 1428 2024 facile
1444 1976 1598 2026 Aaou.
1658 1975 1800 2026 facile
1834 1978 2020 2042 reliqui.
2095 1978 2174 2027 11.
2210 1978 2512 2029 decurrerint
2538 1981 2625 2031 AB.

409 2041 527 2104 Cap.
564 2042 617 2091 Χ.
694 2040 736 2090 1.
773 2043 817 2091 si
854 2042 1259 2107 om.A(m.pr.)B.
1330 2050 1382 2092 ut
1415 2045 1547 2094 Ant.
1570 2060 1662 2094 sec.
1747 2044 1795 2092 2.
1834 2045 1916 2093 viri
1939 2046 2236 2109 Mamm.
2319 2045 2368 2096 3.
2401 2048 2545 2110 quasi
2576 2050 2626 2097 d.

272 2107 322 2159 4.
362 2110 489 2159 enim
527 2124 628 2171 eqo.
698 2110 840 2159 etiam
877 2111 990 2160 iibri
1024 2125 1196 2160 omnes.
1300 2111 1347 2159 5.
1386 2113 1461 2160 sui
1498 2112 1547 2161 A.
1617 2125 1709 2160 sua
1745 2112 1794 2162 B.
1899 2111 1945 2163 Β.
1983 2121 2035 2161 ut
2068 2113 2145 2163 Fr.
2160 2114 2336 2164 lunius.
2427 2114 2476 2163 Ἰ.
2514 2115 2626 2177 pin-

275 2190 361 2224 nas
401 2177 668 2226 Frdunius.
774 2172 823 2225 8.
861 2177 1112 2240 stropulos
1149 2178 1212 2237 ct,
1253 2178 1509 2227 Salmasius
1545 2180 1594 2226 in
1613 2179 1763 2227 Solia.
1796 2177 1975 2243 p.535.
2047 2176 2297 2230 strobolns
2321 2182 2372 2231 A.
2443 2183 2547 2241 (sed
2574 2185 2627 2232 in

271 2245 479 2307 margine
511 2244 680 2306 leqitur
712 2242 942 2303 l'eroboli)
994 2243 1246 2294 [ecebolos
1280 2246 1330 2295 B.
1413 2244 1664 2296 strebulos
1700 2248 1773 2294 ab.
1856 2246 2114 2295 scrobuloa
2152 2247 2196 2296 C.
2287 2248 2513 2310 crohylos
2561 2265 2622 2310 e„

271 2311 532 2373 Bmisius,
572 2320 616 2362 et
647 2313 954 2363 Acin-Iunius
990 2314 1047 2363 de
1086 2312 1223 2363 Coma
1254 2314 1315 2375 11,
1343 2312 1389 2363 1.
1492 2311 1558 2363 9.Ἴ
1580 2312 1844 2362 brittonum
1868 2313 2003 2369 Aac.
2048 2330 2061 2353 ι
2112 2313 2191 2362 10.
2229 2314 2431 2364 adverso
2466 2315 2553 2365 AB.

1498 2445 1827 2496 Tertullianus
1869 2470 1938 2482 —
1984 2472 2051 2484 —
2096 2472 2194 2497 —.
2278 2446 2517 2512 Crobylos,
2572 2457 2626 2499 ut

1499 2514 1639 2575 vulgo
1677 2515 1851 2574 editur,
1906 2515 2035 2563 serre
2083 2529 2179 2565 uon
2214 2516 2373 2579 possit
2406 2515 2625 2581 eruditus
2662 2512 2676 2525 '

1500 2582 1668 2631 lector.
1741 2582 1797 2631 Hi
1847 2582 2207 2632 Atheniensium
2272 2584 2457 2648 proprii
2514 2599 2621 2633 cum

342 2444 460 2508 Cap.
494 2444 551 2494 X.
611 2459 654 2496 a.
692 2445 1144 2510 circumspiciantur
1206 2447 1278 2496 cl.
1301 2446 1396 2498 De-

278 2513 373 2567 sid.
413 2513 648 2563 Heraldus
683 2514 896 2575 Digress.
935 2513 972 2571 Ι,
993 2513 1039 2567 6.
1078 2529 1124 2579 p.
1176 2515 1259 2564 04.

338 2579 384 2628 h.
422 2581 667 2643 spadones
703 2577 982 2646 voluntarii]
1039 2582 1214 2631 Ludov.
1255 2582 1313 2631 de
1349 2581 1397 2630 la

1680 1015 1955 1079 Ceterum
2014 1018 2159 1081 satis
2215 1018 2629 1096 inhumanum,
2664 1040 2773 1100 cap.
2792 1042 2847 1093 x.

243 2657 248 2662 '
272 2647 427 2700 Cerda
464 2650 579 2699 citat
599 2650 738 2698 verba
756 2648 1018 2699 Clementis
1041 2649 1241 2714 Paedag.
1259 2650 1343 2704 ΙΙΙ.
1364 2650 1398 2700 4

269 2707 575 2782 »εὐνοῦχος
612 2707 711 2782 οἰχ
749 2709 777 2764 ὅ
800 2711 877 2782 μὴ
913 2709 1231 2783 δυνάμενος,
1272 2708 1391 2766 ἀλλ’

274 2776 302 2832 ὅ
336 2778 412 2850 μὴ
449 2775 1120 2850 βουλόμενοςᾳιληδεῖν.“
1155 2785 1226 2836 Ct'.
1250 2786 1393 2835 etiam

269 2851 340 2902 De
378 2852 518 2902 Cultu
558 2853 688 2901 Fem.
727 2852 858 2908 11,9.

339 2935 382 2969 c.
429 2934 572 2969 caeco
623 2915 777 2984 bono]
826 2920 877 2969 ld
930 2928 1003 2969 est
1052 2920 1246 2968 latente.
1318 2919 1391 2969 (ΞΓ.

269 2987 497 3051 interprr.
552 2987 611 3036 ad
660 2986 831 3048 Vergit.
880 2988 995 3037 Aen.
1035 2988 1084 3046 Ι,
1120 2986 1237 3036 536.
1276 2985 1393 3037 356.

137 3125 156 3136 ·
267 3053 428 3104 Barth.
465 3054 659 3103 Advers.
698 3055 889 3115 xxxvl,
913 3053 990 3104 13.
1030 3070 1076 3119 p.
1096 3054 1244 3104 1654.

338 3123 385 3171 d.
422 3117 577 3190 enim]
616 3124 680 3170 lta
718 3124 913 3184 reposui
952 3137 1041 3187 pro
1063 3123 1249 3184 vulgata
1268 3124 1393 3172 scri-

267 3198 412 3254 ptura
448 3192 601 3240 etium.
651 3189 755 3238 Non
792 3191 944 3239 semel
984 3191 1110 3254 apud
1132 3190 1393 3240 Tertullia-

266 3271 383 3306 num
422 3256 512 3305 hae
549 3257 816 3320 particulae
844 3260 1091 3306 contusae.
1140 3258 1187 3307 V.
1208 3258 1391 3308 adnott.
1417 3307 1426 3314 ,

268 3324 331 3374 ad
365 3325 432 3374 Ad
471 3325 595 3374 Natt.
634 3326 671 3382 l,
697 3323 746 3372 7.
817 3324 882 3374 De
921 3325 1101 3374 Paenit.
1139 3340 1243 3389 cap.
1273 3324 1323 3374 6.

338 3407 380 3440 e.
419 3389 702 3453 defendere]
757 3392 810 3440 ld
848 3399 922 3441 est
957 3392 1201 3450 adserere,
1238 3392 1391 3441 vindi-

267 3474 400 3517 care,
438 3460 575 3508 tueri.
647 3462 804 3522 Supra
842 3475 945 3523 cap.
976 3459 1008 3509 6
1043 3460 1123 3509 fin.
1178 3475 1391 3520 „secun-

265 3526 383 3578 dum
420 3526 639 3575 vocabuli
675 3527 817 3575 huius
838 3528 1186 3592 proprietatem
1215 3541 1394 3577 secuu-

266 3595 382 3646 dum
435 3594 686 3657 primordii
749 3596 954 3644 t'ormam
1005 3595 1172 3656 virgini
1234 3604 1281 3644 et
1328 3594 1391 3644 ita

263 3662 491 3714 universo
551 3662 810 3711 mulierum
869 3664 1032 3724 generi
1098 3660 1394 3725 defensam.“

264 3729 336 3780 De
360 3729 496 3793 Bapt.
534 3745 638 3792 cap.
670 3728 733 3779 14
770 3745 866 3790 „ne
901 3730 995 3780 sibi
1032 3731 1196 3779 omnia
1234 3732 1393 3795 desen-

264 3799 376 3848 ἀει-ε
410 3796 705 3846 videretur.“
815 3822 828 3830 -

334 3866 369 3914 i.
405 3879 592 3929 pennas
628 3859 995 3928 Garamantum]
1035 3864 1218 3914 Plinius
1251 3864 1306 3913 H.
1333 3864 1396 3920 N.

259 3931 320 3992 X,
349 3932 394 3981 1.
433 3941 598 3981 narrat
631 3932 1015 3982 struthiocameli
1038 3933 1213 3995 pennis
1241 3946 1393 3981 conos

257 3998 471 4049 bellicos
507 4008 554 4049 et
570 3998 735 4061 galeas
756 3999 982 4050 adornari
1000 4001 1192 4049 solitos.
1229 3999 1391 4049 Theo·

258 4067 452 4131 phrast.
489 4068 610 4116 flist.
649 4067 723 4124 lv,
745 4067 793 4115 5.

333 4149 378 4197 g.
416 4134 668 4198 stropulos
705 4129 1046 4200 barbarorum]
1101 4135 1183 4185 Sic
1220 4134 1388 4196 legen-

258 4202 377 4252 dum
418 4216 472 4251 ex
507 4200 654 4252 veteri
689 4203 929 4265 scriptura
955 4217 1078 4267 quae
1103 4202 1389 4252 habetati-o·

257 4270 416 4320 balos.
473 4270 641 4319 Latine
676 4277 862 4334 stu-opus
897 4286 975 4334 qut
1004 4272 1186 4321 Graece
1223 4261 1388 4336 6196·-

257 4349 404 4402 φος,
464 4338 620 4387 taenia
675 4352 849 4401 nempe
902 4338 972 4388 vet
1027 4339 1136 4387 vitta
1189 4336 1386 4387 tortilis.

255 4405 398 4454 flulti
434 4405 750 4455 barbarorum
789 4406 913 4455 vittis
949 4420 1005 4454 ac
1040 4407 1211 4454 taeniis
1229 4405 1386 4468 capita

252 4471 563 4534 religabant,
635 4487 760 4537 quos
825 4472 935 4521 inde
1004 4467 1390 4539 μιτροφόρους

253 4540 434 4592 Graeci
471 4549 660 4598 vocant,
707 4548 759 4590 ut
792 4541 1061 4597 Armenios,
1115 4542 1390 4590 Saracenos

252 4615 308 4657 et
346 4609 471 4658 alios
507 4609 770 4672 plerosque
825 4631 874 4640 -
934 4631 1028 4654 -.
1101 4606 1199 4657 Has
1249 4609 1388 4658 vittas

247 4675 514 4740 sti-opinior,
554 4676 649 4723 hoe
683 4681 759 4723 est
791 4688 967 4738 parvos
1001 4682 1217 4737 stropos‚
1252 4684 1390 4726 vocat

329 4761 650 4805 Tui-uuum
679 4771 1085 4807 ornumornum.
1123 4759 1307 4803 Tom.1.

1499 2649 1693 2701 cicadis.
1742 2650 1967 2710 (Salmas.
2006 2649 2127 2700 Plin.
2164 2650 2386 2702 Exercitt.
2421 2667 2468 2716 p.
2484 2649 2625 2713 535.)

1497 2717 1552 2767 ln
1591 2719 1800 2781 antiquis
1838 2718 2192 2782 exemplaribus
2218 2727 2265 2767 et
2283 2719 2497 2769 Rhenani
2518 2721 2622 2770 edi-

1496 2786 1710 2834 tionibus
1746 2787 1986 2836 scrobulos
2021 2799 2108 2834 seu
2126 2788 2375 2836 sti-obulos.
2435 2787 2622 2849 Legen-

1496 2854 1627 2910 dum,
1681 2859 1734 2900 ut
1782 2853 1968 2902 monuit
2014 2851 2301 2912 Salmasius,
2369 2855 2620 2918 stropulos.

1496 2919 1645 2969 Prisci
1684 2920 1835 2968 Latini
1889 2927 2087 2983 strupos
2135 2920 2297 2969 dixere
2342 2917 2527 2970 tae'nias
2575 2929 2625 2971 et

1494 2988 1690 3036 fascias.
1762 2987 1851 3036 Est
1886 2995 2047 3036 autem
2086 2987 2320 3038 Graecum
2371 2981 2622 3056 στρόφος

1493 3062 1542 3104 et
1576 3045 1871 3119 στρόφιον.
1948 3053 2063 3103 lude
2098 3055 2252 3118 stropi
2290 3064 2338 3105 et
2361 3057 2620 3121 stropiola‚

1493 3137 1580 3172 seu
1615 3121 1885 3184 strophiola
1923 3130 1970 3170 et
2004 3123 2229 3186 stropuli.
2264 3123 2478 3184 (Rigalt.)
2544 3124 2620 3174 Cf.

1495 3191 1668 3239 Pestus
1703 3204 1746 3239 s.
1770 3205 1812 3238 v.
1850 3190 2090 3253 stroppus.

1565 3259 1611 3305 h.
1649 3258 1840 3306 cicadas
1877 3252 2262 3322 Atheniensium]
2303 3257 2622 3308 Athenienses

1493 3316 1887 3391 τεττθγοφόροι
1922 3325 2081 3374 crines
2111 3325 2531 3388 implexos-fibula
2570 3326 2618 3375 in

1495 3394 1707 3443 cicadam
1746 3393 2045 3442 conformata
2084 3393 2352 3442 nectebant.
2406 3392 2621 3452 (Rigalt.)

1496 3461 1544 3511 V.
1582 3459 1809 3521 interprr.
1849 3460 1906 3508 ad
1936 3460 2148 3523 Thucyd.
2174 3458 2272 3520 1,6.
2322 3459 2618 3510 clamatu.

1495 3527 1702 3589 Paedag.
1740 3527 1800 3588 ΙΙ,
1823 3527 1901 3576 10.

1566 3596 1594 3643 i.
1658 3595 1812 3644 cirros
1860 3589 2237 3660 Germanorum]
2292 3594 2519 3645 Crinibus
2568 3595 2619 3644 iu

1494 3662 1674 3712 nodum
1713 3662 1871 3712 tortis.
1943 3662 2138 3712 Tacitus
2174 3663 2233 3712 de
2262 3662 2475 3712 Moribus
2496 3663 2618 3712 Ger-

1493 3745 1747 3780 manorum
1767 3726 1899 3795 [cap.
1919 3728 2010 3792 38]
2049 3730 2279 3791 „Insigne
2305 3731 2462 3791 gentis
2491 3722 2647 3778 obli-⁸

1493 3811 1643 3862 quare
1708 3798 1889 3847 crinem
1948 3797 2172 3859 nodoque
2232 3795 2618 3857 substringere.“

1491 3864 1706 3926 (Rigalt.)
1777 3865 1848 3913 Cl'.
1886 3863 2085 3913 Diodor.
2121 3864 2219 3913 Sic.
2241 3864 2289 3922 V,
2313 3861 2395 3912 28.
2443 3863 2620 3911 Isidor.

1494 3933 1658 3993 origg.
1696 3931 1814 3990 ΧΙΧ,
1850 3929 1932 3980 23.
2005 3930 2203 3980 martial.
2254 3930 2419 3993 Epigr.
2457 3930 2504 3987 V,
2533 3927 2618 3980 3⁹.

1494 4000 1657 4049 iuven.
1692 3999 1790 4047 Sat.
1829 3998 1955 4058 Xlll,
1978 3997 2074 4047 164
2110 4012 2185 4062 sq.
2256 3997 2428 4047 Senec.
2464 3997 2618 4061 Epist.

1497 4065 1611 4116 124.
1650 4075 1698 4115 et
1733 4067 1792 4115 de
1830 4065 1904 4114 Ira
1943 4063 2147 4128 cap.26.
2219 4065 2293 4115 Cf.
2330 4064 2482 4114 Salm.
2521 4064 2551 4114 l.
2585 4063 2618 4113 l.

1559 4135 1603 4182 Ιι.
1672 4135 1894 4194 stigmata
1948 4127 2223 4195 Britonum]
2282 4132 2621 4182 Britannorum

1491 4215 1700 4266 corpora
1738 4201 1881 4250 variis
1930 4200 2095 4261 figuris
2145 4208 2433 4263 compuncta
2470 4200 2623 4249 fuisse

1491 4270 1638 4333 tradit
1673 4268 1975 4317 Herodianus
2010 4266 2197 4317 liunt.
2235 4262 2364 4331 [cap.
2386 4261 2510 4331 14.]‚
2546 4273 2620 4315 at-

1492 4352 1585 4400 que
1627 4336 1740 4385 inde
1779 4343 1853 4384 est
1889 4336 2016 4398 quod
2040 4336 2165 4397 apud
2188 4334 2502 4385 Claudianum
2526 4326 2619 4396 [De

1489 4402 1629 4453 Bello
1661 4404 1765 4453 Get.
1802 4419 1844 4453 v.
1864 4397 1989 4467 418]
2027 4426 2130 4462 „—
2165 4403 2393 4466 terreque
2429 4407 2619 4450 notatas

1491 4470 1702 4532 Perlegit
1740 4484 2006 4532 exsangues
2042 4470 2174 4520 Picto
2221 4471 2460 4520 moriente
2496 4467 2619 4526 figu-

1488 4539 1625 4589 ras.“
1662 4538 1879 4599 (Rigalt.)
1923 4537 2055 4587 Adde
2093 4536 2343 4587 claudian.
2380 4534 2449 4584 De
2468 4534 2615 4582 Laud.

1489 4606 1678 4658 Stilich.
1718 4621 1756 4655 v.
1796 4603 1894 4653 247
1932 4619 2006 4666 sq.
2076 4603 2243 4653 Sidon.
2279 4600 2488 4664 Apollin.
2528 4600 2619 4649 Pa-

1488 4689 1654 4738 negyr.
1688 4672 1807 4724 Aviti
1835 4672 1931 4734 vn,
1952 4670 2052 4722 243
2066 4686 2175 4736 sqq,
2213 4684 2262 4733 p.
2279 4668 2362 4719 88.
2397 4669 2619 4730 ed.Sav.‚

2244 4752 2307 4802 57
