3263 5311
644 341 768 408 162
1149 356 1354 407 ουιΝτι
1398 354 1670 420 serrant
1705 347 2035 399 nonarius
2080 356 2473 401 ‘rem-numu

641 509 790 573 deos
834 515 1073 570 vestros
1114 523 1224 586 per
1268 506 1466 568 omnia
1508 504 1774 570 membra
1816 504 2064 568 validius
2121 507 2471 570 incumbunt
2512 507 2705 571 asciae
2748 517 2808 571 et
2848 529 2998 573 run-

642 611 811 673 cinae
854 616 914 670 et
956 608 1235 674 scobinae
1249 607 1293 668 ¹¹.
1354 607 1627 669 Cervices
1655 607 1940 686 ponimus
1953 620 1997 668 ·.
2052 609 2203 670 Ante
2230 609 2535 697 plumbum
2567 618 2628 672 et
2656 611 2997 690 ¹⁸glutiuum

622 721 706 794 set
748 709 1043 790 gomphos
1090 710 1221 771 sine
1264 708 1453 788 capite
1511 716 1653 769 suut
1705 708 1801 769 dei
1857 707 2091 769 vesu-if.
2191 710 2283 772 Ad
2333 710 2557 772 bestias
2621 711 2996 791 impellimur.

642 809 822 875 Certe
886 829 1029 890 quas
1090 810 1307 871 Libero
1372 817 1434 871 et
1487 808 1699 889 Cybele
1760 809 1918 870 ¹⁸¹’et
1975 809 2228 873 Caelesti
2292 811 2596 891 applicatis
2612 824 2662 872 τι
2755 813 2998 891 Ignibus

642 912 892 975 urimur.
954 910 1085 973 Hoc
1126 920 1184 973 et
1226 910 1309 972 illi
1355 930 1387 972 a
1432 911 1621 990 prima
1667 909 1904 990 quidem
1948 929 2166 972 massa.
2241 911 2312 974 ln
2351 912 2586 973 metalla
2627 912 2995 976 damnamur.

643 1013 787 1076 Inde
832 1010 1192 1074 censentur¹¹
1235 1011 1330 1085 dei
1375 1011 1579 1073 vestri.
1671 1010 1796 1072 ¹⁹In
1850 1011 2064 1073 insulis
2121 1012 2470 1092 relegamur.
2570 1011 2738 1076 Solet
2780 1023 2839 1077 et
2877 1013 2999 1075 ”in

645 1113 842 1176 insula
883 1112 924 1146 ²¹
940 1113 1120 1192 aliqui
1163 1112 1311 1173 deus
1356 1113 1614 1174 ²⁵²vester
1658 1119 1760 1173 aut
1801 1112 1968 1173 nasci
2012 1121 2112 1175 aut
2152 1113 2327 1176 mori.
2401 1113 2466 1175 Si
2511 1133 2620 1194 per
2661 1115 2809 1177 haee
2849 1133 2998 1177 cou-

649 1266 729 1317 18.
766 1266 933 1329 glutini
972 1274 1019 1316 et
1055 1266 1295 1329 eorepbos
1331 1266 1437 1315 siue
1464 1257 1630 1328 ,capite
1667 1272 1780 1313 sunt
1814 1265 1890 1313 dei
1928 1266 2089 1314 vestri.
2123 1259 2167 1313 λ.
2233 1265 2478 1316 Glutinum
2516 1274 2561 1316 et
2598 1266 2878 1334 gomphosis
2917 1283 2999 1317 ea-

641 1335 731 1400 piti
766 1341 879 1384 suut
914 1333 1005 1384 diis
1040 1334 1228 1383 vestris.
1265 1334 1356 1383 los.
1395 1334 1616 1396 Sooliqer.
1737 1330 1799 1382 18
1817 1332 1861 1380 b.
1902 1339 1949 1380 et
1984 1331 2147 1384 Cereri
2187 1335 2318 1384 abed.
2461 1334 2537 1384 19.
2576 1335 2622 1384 in
2660 1335 2832 1385 insulis
2871 1335 3002 1384 rele-

644 1417 814 1466 gamur
846 1401 1124 1454 DFGabcde.
1164 1402 1314 1451 Oxou.
1420 1402 1466 1450 in
1515 1400 1690 1466 insulis
1739 1400 2000 1460 religamur
2034 1401 2174 1462 ABE..
2207 1402 2395 1451 vindob.
2432 1403 2606 1466 Erfurt.
2711 1404 2758 1452 in
2814 1403 3000 1453 insulas

644 1470 921 1532 relegamur
953 1463 1019 1533 λῙ.
1144 1467 1226 1517 20.
1263 1468 1312 1518 in
1348 1467 1520 1519 insulis
1557 1468 1671 1518 Ded.
1789 1465 1870 1516 21.
1907 1467 2054 1531 aliqui
2091 1469 2262 1531 ABEcs.
2300 1470 2473 1532 Erfurt.
2512 1470 2660 1520 Oxou.
2731 1470 2913 1535 aliquid
2950 1471 3003 1521 G.

645 1537 820 1601 aliquis
856 1537 1067 1587 nFaboa.
1109 1537 1300 1586 Viudob.
1441 1534 1523 1584 22.
1558 1544 1718 1584 vester
1753 1537 1886 1584 nasci
1923 1535 1974 1584 F.
2403 1567 2406 1570 >

1879 1669 2117 1729 „Quando
2158 1669 2299 1730 igitur
2336 1670 2413 1720 hic
2440 1667 2692 1720 nascitur?
2739 1671 2860 1720 Ecce
2888 1672 3002 1721 sun-

1877 1737 2034 1796 ditur‚
2093 1737 2381 1799 fabricatur,
2442 1739 2688 1802 scalpitur.
2774 1739 3000 1788 Nondum

711 1672 758 1720 d.
813 1671 971 1719 asciae
1028 1679 1075 1720 et
1129 1670 1360 1732 runcinae
1414 1679 1461 1720 et
1497 1665 1772 1736 scobinae]

642 1738 828 1797 Quibus
865 1738 1124 1787 simulacra
1161 1737 1419 1798 deasciata,
1455 1737 1774 1801 quemadmo-

643 1806 759 1855 dum
807 1806 957 1855 latera
994 1804 1378 1855 Christianorum
1434 1804 1636 1856 bisulcis
1683 1821 1773 1855 un-

644 1873 770 1936 gulis
806 1873 988 1923 sulcata
1039 1881 1086 1922 et
1121 1875 1314 1923 effossa.
1398 1873 1687 1923 Prudentius
1725 1874 1772 1923 in

643 1954 798 2002 agone
820 1941 1048 1991 Romani:
1070 1941 1358 2001 „Deasciato
1388 1941 1665 2005 supplicare
1683 1941 1772 1990 sti-

639 2008 796 2074 pite.“
834 2009 1069 2069 (Herald.)
1117 2009 1624 2072 Prudent.Peristepb.
1657 2008 1774 2068 1‚44

644 2076 768 2138 „llla
819 2078 973 2138 virgas
1022 2084 1069 2126 et
1116 2091 1313 2126 secures
1362 2084 1409 2127 et
1444 2078 1649 2127 bisulcas
1684 2093 1772 2127 uu-

643 2145 776 2208 9ulos
811 2145 948 2193 Ultro
976 2145 1115 2194 fortis
1140 2143 1391 2207 expetebat
1411 2143 1585 2194 Christi
1607 2159 1774 2194 amore

643 2210 916 2261 interrita.“
988 2212 1060 2260 Cl'.
1098 2211 1166 2260 ld.
1198 2212 1313 2260 ibid.
1344 2212 1428 2272 lll,
1453 2211 1549 2260 133
1586 2212 1634 2260 in
1658 2227 1774 2275 pas·

644 2279 783 2328 sione
802 2278 1020 2328 Eulaliae
1055 2279 1191 2338 „Nec
1225 2292 1379 2337 mora,
1407 2280 1658 2329 carnifices
1690 2295 1773 2341 ge-

643 2348 762 2395 mini
798 2345 972 2396 luncea
1008 2354 1205 2410 pectora
1235 2347 1515 2407 dilacerant,
1551 2347 1610 2396 Et
1648 2347 1773 2397 latus

639 2416 818 2477 unyula
849 2414 1111 2478 virgineum
1150 2414 1342 2464 Pulsam
1380 2415 1620 2478 utrimque
1650 2416 1776 2465 etad

644 2495 755 2530 ossa
815 2489 947 2531 secat
1006 2481 1188 2531 Eulalia
1243 2490 1524 2531 numerante
1579 2483 1773 2531 notaS.“

639 2547 855 2598 Lactant.
894 2548 963 2597 De
985 2548 1122 2598 Mort.
1149 2548 1392 2599 Persecut.
1426 2549 1617 2612 cap.16¹
1651 2549 1772 2609 „Ni-

642 2614 710 2665 bil
748 2617 976 2666 adversus
1012 2624 1058 2666 te
1105 2618 1330 2677 verbera,
1385 2616 1504 2666 nibil
1552 2619 1769 2685 ungulae,

642 2685 759 2733 nibil
796 2684 956 2746 ignis“
994 2701 1102 2748 sqq.
1171 2684 1289 2735 Cod.
1327 2686 1568 2734 Theodos.
1593 2685 1669 2743 ΙΧ,
1694 2685 1771 2736 16.

642 2767 683 2801 e.
717 2751 765 2800 6.
836 2752 906 2801 De
962 2753 1118 2801 Meles.
1172 2754 1299 2813 „Sic
1346 2753 1513 2803 eculeo
1565 2753 1772 2814 deditus,

638 2820 918 2884 ungulisque
933 2822 1221 2870 sulcantibus
1249 2823 1396 2870 latera
1412 2822 1625 2883 perferat
1651 2836 1773 2885 poe-

643 2887 786 2935 nas.“
868 2888 1010 2936 Plura
1060 2889 1277 2952 exempla
1327 2889 1654 2952 suppeditabit
1702 2889 1772 2938 Du

645 2953 853 3015 Cangius
912 2970 953 3003 s.
990 2971 1028 3004 v.
1091 2956 1277 3018 Ungula
1335 2970 1389 3004 ex
1439 2957 1677 3019 cypriano
1726 2963 1776 3006 et

642 3020 769 3070 Actis
806 3023 1108 3071 Sanctorum.
1194 3024 1356 3084 lmago
1404 3025 1615 3085 ungulae
1651 3031 1774 3074 extat

640 3088 692 3137 in
732 3089 989 3139 Prudentio
1026 3091 1206 3140 Arevali
1244 3098 1359 3140 tom.
1400 3091 1461 3155 ll,
1497 3092 1593 3140 tab.
1630 3092 1724 3140 vlt.

711 3170 753 3203 e.
793 3157 1013 3205 Cervices
1052 3154 1318 3221 ponimus]
1369 3158 1452 3206 Sic
1486 3159 1654 3208 Graeci
1689 3171 1771 3208 κε·

644 3216 831 3285 φαλὴν
883 3214 1272 3270 ἀποτίθεσθαι.
1347 3218 1400 3271 B.
1439 3225 1769 3287 chrysostom.

642 3290 798 3337 Serm.
837 3289 896 3336 de
934 3290 982 3337 S.
1011 3289 1194 3339 luliano
1231 3282 1307 3345 „6
1332 3286 1593 3356 qut'oc,
1633 3285 1768 3358 ὑπὲρ

640 3339 708 3431 οὗ
742 3346 839 3407 τάξ
870 3349 1113 3420 κεφαλὰς·
1147 3347 1435 3413 ἀπέθεντο,
1476 3354 1534 3405 τί
1563 3350 1627 3406 οὔ
1653 3372 1772 3408 ποι-

642 3427 841 3480 ησει,·“
876 3422 1113 3484 (Herald.)

708 3490 744 3537 f.
783 3489 888 3538 sine
925 3492 1081 3553 capite
1117 3498 1230 3540 sunt
1264 3492 1340 3540 dei
1377 3487 1563 3556 vestri]
1613 3495 1770 3544 Locus

636 3556 717 3605 bic
743 3558 884 3607 torsit
906 3557 1106 3607 mirifice
1129 3560 1257 3608 viros
1284 3558 1610 3609 doctissimos.
1649 3562 1770 3611 Eum

639 3626 897 3676 emendare
932 3633 1085 3674 tentat
1122 3626 1216 3675 los.
1255 3626 1470 3688 Scaliger
1506 3628 1552 3677 in
1579 3628 1767 3692 Sphae-

637 3706 740 3741 ram
757 3692 934 3742 Manilii
966 3695 1264 3743 barbaricam
1285 3694 1379 3743 boc
1404 3696 1579 3744 modo:
1616 3696 1771 3757 „Cer-

636 3761 780 3810 vieem
809 3764 1024 3824 ponimus
1072 3768 1178 3811 aute
1207 3764 1460 3826 plumbum.
1535 3764 1769 3815 Geminum

639 3833 681 3875 et
728 3831 989 3891 yomphosis
1044 3831 1185 3893 cupiti
1235 3836 1341 3879 sunt
1391 3832 1484 3879 diis
1535 3830 1770 3881 vestris-‘¹

637 3892 764 3942 Sane
799 3897 975 3944 summi
1013 3897 1098 3945 viri
1134 3897 1470 3946 emendatione
1506 3899 1626 3948 nibil
1665 3908 1768 3949 erat

638 3974 779 4024 opus.
849 3960 1102 4012 Peccatum
1146 3964 1195 4012 in
1233 3964 1621 4014 distinctionibus
1658 3972 1765 4017 tan-

637 4033 754 4075 tum.
808 4027 888 4076 Sic
926 4030 1069 4090 igitur
1104 4029 1238 4091 lege:
1279 4031 1482 4082 Cervices
1514 4037 1764 4096 ponimus:

636 4100 742 4143 aule
771 4090 1008 4157 plumbum
1043 4105 1085 4145 el
1109 4098 1335 4160 glutinum
1354 4105 1396 4148 et
1421 4102 1642 4163 gomphos
1663 4103 1764 4150 sine

635 4162 784 4224 capite
818 4170 925 4211 sunt
960 4164 1029 4211 dii
1047 4165 1201 4213 vestri.
1251 4166 1408 4229 Atqui,
1446 4167 1617 4230 inquit,
1656 4182 1765 4217 cer-

632 4227 757 4276 vices
807 4237 854 4278 et
899 4231 1054 4293 capita
1092 4231 1231 4280 nobis
1268 4241 1593 4296 amputantur.
1667 4236 1764 4285 Sed

634 4301 681 4343 et
716 4294 781 4343 dii
816 4298 960 4346 vestri
998 4306 1251 4362 antequam
1302 4300 1536 4364 plumbati
1581 4302 1681 4353 sint
1718 4310 1766 4352 et

634 4361 818 4423 glutino
872 4379 929 4413 ac
974 4367 1201 4429 gomphis
1252 4369 1489 4430 compacti
1551 4376 1599 4418 et
1648 4380 1774 4419 con-'
1813 4398 1822 4407 -

630 4430 803 4495 stricti,
841 4439 951 4480 ante
987 4432 1343 4495 plumbaturam
1366 4442 1413 4484 et
1439 4436 1765 4499 gomphosim,

630 4495 737 4545 sine
774 4499 929 4561 capite
964 4507 1092 4550 sunt.
1128 4501 1365 4561 (Herald.)
1433 4501 1502 4551 De
1539 4503 1766 4566 plumba-

633 4570 741 4612 tura
791 4566 852 4616 cf.
906 4566 1077 4618 Minue.
1132 4569 1281 4619 Felie.
1336 4568 1498 4620 Octair.
1553 4584 1659 4635 cap.
1699 4571 1765 4622 23

1878 1805 1999 1854 deus
2037 1813 2127 1854 est.
2163 1806 2322 1863 ,Ecce
2355 1807 2650 1870 plumbatur,
2685 1808 3002 1871 construitur,

1877 1872 2089 1933 erigitur.
2181 1872 2280 1922 Nec
2334 1873 2489 1923 adbuc
2543 1873 2663 1923 deus
2720 1874 2844 1923 est.“
2934 1874 3003 1923 De

1875 1939 2058 2001 glutino
2097 1939 2166 1989 vel
2204 1941 2312 2004 pice
2348 1941 2407 1989 ad
2445 1941 2571 1991 bunc
2597 1955 2737 1990 usum
2764 1941 3006 1992 Heraldus

1874 2007 1988 2057 citat
2022 2007 2311 2057 eundemne.
2330 2009 2666 2071 Symmacbd,
2688 2008 2787 2058 436
2836 2010 3004 2070 „mol-

1876 2075 1937 2124 lis
1985 2076 2024 2124 si
2073 2075 2266 2124 bractea
2315 2090 2516 2139 gypsum
2566 2078 2794 2136 Texerat,
2852 2078 3004 2127 inlido

1876 2144 2080 2192 rarescit
2126 2144 2301 2206 ytaliae
2348 2145 2584 2193 sensim.“
2667 2144 2905 2207 Lucienus
2955 2148 3004 2194 iu

1877 2212 1985 2261 love
2023 2211 2272 2271 Tragoedo
2309 2203 2384 2265 „5
2412 2203 2524 2282 ιζὸς,
2565 2200 2813 2292 ὦἙρμῆ,
2853 2206 3005 2261 ἀδελ-

1878 2270 1990 2343 φός
2023 2270 2174 2325 ἐστιν
2208 2268 2488 2344 ἀγοραῖος,
2529 2271 2558 2326 ὃ
2587 2292 2740 2342 παρα
2759 2273 2860 2337 τὴν
2881 2291 3007 2327 ποι-

1873 2342 2028 2404 κίλην
2047 2360 2058 2370 ·
2129 2340 2326 2403 πίττης
2388 2343 2527 2409 γοῦν
2594 2337 3008 2406 ἀναπέπλησται

1876 2405 1975 2471 ὅση
2034 2408 2143 2476 ’ραι
2196 2402 2675 2478 ἀναπλαττόμενος
2709 2407 2837 2461 κῦπὸ
2891 2413 3008 2463 τῶν

1878 2471 1949 2527 ἂν
1984 2480 2423 2549 ριαντοποιῶν.“
2513 2483 2633 2531 Item
2673 2481 2742 2531 'de
2778 2484 3006 2561 gompbis

1877 2550 2099 2612 apposite
2149 2550 2386 2598 Luciauus
2441 2549 2487 2597 in
2538 2549 2677 2598 Gallo
2739 2544 3008 2605 „excirent

1874 2609 1985 2683 γὰρ
2033 2607 2257 2669 ἕκαστος
2305 2609 2376 2664 τὰ
2408 2609 2562 2669 ἐκτὸς
2609 2608 2639 2664 ὁ
2672 2612 2778 2682 μὲν
2813 2617 3007 2668 Ποσει-

1877 2679 1993 2732 δῶν
2027 2677 2058 2743 ἢ
2096 2678 2230 2737 Ζεύς
2275 2676 2394 2733 ἐστι
2438 2678 2732 2749 πάγκαλος,
2788 2684 3008 2753 χρυσοῦ

1874 2746 1974 2798 καὶ
2000 2745 2083 2801 ἑλέ
2136 2765 2298 2804 anos·
2330 2749 3010 2818 ξυνειργασμένος,κεραυ-

1874 2812 1976 2867 vim
2010 2810 2041 2878 ἢ
2118 2833 2183 2868 στ
2224 2815 2370 2879 απὴν
2404 2812 2435 2879 ἢ
2474 2815 2727 2888 τρίαιναν
2759 2813 2906 2899 ἔχων
2938 2820 3006 2888 τῇ

1876 2882 2057 2949 δεξιᾷ·
2111 2879 2141 2945 ἢ
2180 2834 2240 2936 3&
2273 2880 2561 2950 ὑποκύψας
2596 2881 2714 2954 ἴδῃς
2749 2902 2820 2936 τα
2853 2882 3036 2937 iudo-¹

1873 2955 1994 3010 θεν,
2036 2946 2166 3015 ὄψει
2197 2949 2435 3071 μῧχλοῦς
2467 2970 2622 3009 τινας
2636 2951 2728 3005 καὶ
2743 2950 2858 3022 γόμ
2913 2968 3009 3011 ους

1873 3016 1968 3071 καὶ
2027 3014 2187 3081 ἥλους·
2278 3017 2488 3089 tumul-¹
2535 3037 2846 3090 πεπερονῃμ
2912 3039 3009 3078 ους·

1873 3084 1966 3138 καὶ
2000 3084 2248 3155 κορμοὺς“
2286 3085 2379 3139 καὶ
2426 3090 2646 3157 σφῆνας
2678 3086 2770 3139 καὶ
2803 3087 3008 3139 πίτταν

1872 3150 2212 3217 ὕπόπηλον“
2273 3167 2384 3208 cett.
2491 3161 2540 3209 lu
2608 3161 2772 3222 Agoue
2833 3161 3006 3224 Thyrsi

1871 3226 2134 3287 „Mundum
2209 3226 2299 3276 ista
2366 3227 2624 3277 simulacra
2680 3241 2849 3289 regere
2906 3241 3008 3276 nou

1872 3302 2096 3356 possunt,
2134 3295 2243 3357 quia
2279 3295 2383 3358 ipsa
2421 3296 2571 3356 magis
2608 3302 2840 3355 reguntur
2876 3311 3009 3358 qom-

1868 3362 1976 3424 plu‘s
2014 3362 2185 3409 ferreis
2219 3370 2268 3410 et
2303 3361 2503 3423 plumbo
2549 3370 2596 3411 et
2630 3361 2797 3411 saxo.‘¹
2870 3361 3007 3411 Adde

1871 3427 2019 3477 Basil.
2057 3428 2231 3477 Homil.
2274 3428 2423 3477 XXlV.
2477 3429 2537 3477 de
2572 3429 2808 3489 Legendis
2844 3429 3010 3479 Libris

1876 3494 2050 3544 Gentil.
2087 3488 2223 3549 „naz
2251 3485 2348 3558 ὅγε
2371 3490 2566 3542 Μίλων
2601 3487 2710 3543 ἀπὸ
2743 3493 2844 3553 τῆς
2879 3486 3009 3555 ἀλη-

1871 3556 2160 3631 λειμμένης·
2179 3555 2413 3614 ἀσπίδος
2443 3553 2540 3610 οὒκ
2561 3555 2836 3619 ἔξωθεῖτο,
2879 3553 3002 3609 ἀλλ’

1873 3621 2118 3694 ἀντεῖχεν
2154 3621 2472 3695 ὠθούμενος
2502 3621 2601 3711 οὐχ
2638 3615 2806 3690 ἦττον
2840 3622 2872 3689 ἢ
2910 3621 3009 3678 ἇν-

1872 3690 2124 3814 δςέιάντες·
2187 3690 2245 3745 οἴ
2295 3695 2376 3762 τῷ
2437 3692 2696 3764 μολυβδῳ
2755 3692 3008 3747 condede-

1868 3778 1912 3830 μ
1940 3770 2100 3812 νοι.“
2394 3778 2400 3784 ·

1935 3881 1978 3927 g.
2031 3881 2151 3929 quas
2187 3866 2362 3916 Libero
2400 3875 2446 3915 et
2483 3866 2662 3929 Cybele
2711 3875 2758 3916 et
2793 3865 3008 3916 Caelesti

1866 3928 2164 3997 applicatis]
2219 3933 2385 3995 Tigres
2425 3941 2472 3982 et
2507 3933 2693 3983 leones.
2766 3933 3008 3983 Caelestis

1865 4002 1992 4051 enim
2034 4002 2079 4049 in
2118 4001 2328 4051 nummis
2383 4009 2431 4050 et
2465 4001 2669 4062 gemmis
2707 4002 3011 4064 conspicitur

1864 4068 2048 4132 passim
2087 4082 2196 4117 cum
2232 4067 2459 4117 leonibus
2497 4077 2580 4117 aut
2616 4069 2741 4117 leoni
2764 4068 3005 4117 insidens.

1864 4135 1916 4184 V.
1954 4135 2239 4198 Dactylioth.
2291 4135 2764 4185 Gorlaeo-Gronov.
2804 4150 2850 4184 n.
2886 4134 3009 4184 566.

1864 4201 2110 4252 Boissard.
2149 4203 2338 4266 Antiqu.
2377 4202 2449 4263 lv,
2486 4218 2535 4266 p.
2564 4201 2647 4252 952
2731 4201 2866 4251 vaill.
2902 4202 3009 4251 Nu-

1865 4271 2026 4320 mism.
2067 4270 2239 4335 lmper.
2290 4276 2406 4319 tom.
2446 4269 2505 4329 ll,
2543 4284 2592 4334 p.
2622 4268 2737 4320 228.
2822 4269 3007 4318 Eckhel

1867 4337 2033 4388 Doctr.
2068 4337 2262 4387 Numm.
2299 4344 2414 4388 tom.
2456 4337 2552 4398 vn,
2589 4352 2638 4402 p.
2663 4334 2777 4387 183.

1936 4438 1984 4488 h.
2021 4438 2138 4487 Inde
2173 4434 2456 4505 censentur]
2491 4437 2610 4489 Inde
2646 4438 2881 4505 originem
2910 4439 3005 4488 ba-

1865 4504 2120 4636 236132.
2159 4521 2281 4570 quae
2317 4506 2607 4558 adnotavere
2633 4506 2693 4557 ad
2714 4507 2780 4557 De
2807 4508 3004 4558 Corona
