3263 5311
642 370 766 467 ,96

1191 382 1393 433 Qum‘rl
1437 379 1697 423 samum
1740 379 2067 424 monzuns
2112 379 2501 423 TERTULumt

683 534 799 597 sihi
838 531 1041 595 libeth.
1121 530 1409 593 ¹⁰Utinam
1453 537 1738 609 quantum
1780 529 1896 591 sibi
1923 529 2213 609 ·quidem,
2256 547 2370 590 nec
2409 527 2610 590 videre
2654 518 3027 609 “possemus

685 653 836 717 quae
890 635 1080 697 lacere
1129 630 1306 692 nobis
1361 631 1528 692 nefas
1585 638 1696 695 est.
1783 630 1902 692 Sed
1957 629 2241 709 quoniam
2301 629 2382 691 ita
2425 629 2666 702 {¹²malus
2711 630 2985 691 ¹‘'eireum

690 821 768 872 10.
805 821 993 871 Utinam
1040 824 1268 881 quantum
1315 816 1409 865 sibi
1457 814 1650 880 quidem
1703 815 1784 866 Aa.
1868 814 2057 865 Utinam
2105 814 2299 878 quidem
2343 817 2529 879 reliqui.

684 890 767 941 Ab.
792 884 811 894 “
836 888 1079 953 possimus
1112 886 1299 948 reliqui.
1406 881 1483 932 12.
1503 883 1664 957 'malis
1701 883 1776 932 Ca.

687 1039 815 1088 tibus
867 1044 948 1086 aut
992 1034 1270 1084 vocantibus
1305 1046 1482 1095 operae
1519 1032 1617 1081 sive
1655 1032 1811 1081 officia

689 1107 869 1167 absque
907 1102 1205 1151 idololatriae
1254 1099 1468 1163 periculo
1506 1100 1812 1148 deberentur.

686 1173 920 1222 Nimirum
970 1170 1015 1218 in
1064 1168 1242 1217 familia
1291 1169 1415 1217 rorte
1463 1175 1544 1215 aut
1583 1168 1812 1215 comitatu

688 1238 927 1303 praesidis
974 1237 1070 1285 sive
1117 1236 1426 1301 prqconsulis
1461 1235 1581 1283 servi
1618 1243 1733 1283 snut
1768 1241 1818 1283 et

690 1305 868 1363 liberti,
886 1305 1203 1368 appar-iturea,
1223 1302 1427 1359 scribae,
1450 1301 1649 1360 librarii,
1673 1317 1815 1363 prae-

692 1388 855 1430 coneS,
893 1372 1016 1420 iuter
1052 1373 1141 1418 bos
1166 1377 1211 1417 et
1232 1368 1505 1426 Christiani,
1542 1375 1588 1417 et
1610 1368 1815 1417 sollem-

691 1442 769 1490 nia
806 1440 1037 1503 quaedam
1063 1437 1292 1494 incidunt,
1327 1450 1530 1498 quorum
1561 1436 1816 1485 occasione

691 1509 812 1557 festa
860 1514 905 1555 et
951 1504 1181 1553 saci-incia
1231 1510 1360 1551 certo
1408 1502 1467 1551 de
1516 1517 1651 1552 more
1687 1503 1819 1552 cele-

690 1574 916 1624 brantur:
967 1586 1162 1635 praeses
1208 1569 1363 1631 aliqua
1403 1570 1650 1632 procurari
1687 1571 1819 1619 iubet

693 1643 755 1691 ad
791 1655 928 1689 casce
963 1637 1310 1686 sollemnitates
1338 1637 1640 1700 pertinentia.
1696 1637 1820 1696 Quid

693 1710 773 1759 hic
809 1706 995 1756 consilii
1033 1706 1187 1767 capiet
1224 1700 1562 1753 Christianus?
1634 1705 1822 1754 Parebit

695 1769 992 1837 imperanti?
1026 1776 1112 1821 erit
1150 1771 1451 1820 idololatriae
1482 1772 1641 1820 ianitor
1665 1781 1711 1821 et
1732 1772 1821 1821 ad-

696 1842 928 1891 minister.
999 1839 1291 1902 Obsequium
1328 1835 1557 1900 negabit?
1609 1840 1700 1888 erit
1734 1840 1820 1888 ad·-

695 1924 862 1958 versus
900 1914 1182 1972 potestatem
1220 1915 1486 1955 contumax.
1536 1906 1676 1956 Certe
1713 1907 1818 1956 iulo-

695 1976 855 2026 lornm
915 1975 1094 2024 cultum
1141 1974 1521 2036 qualemcunque
1575 1985 1821 2023 execratur

695 2045 832 2094 deus.
903 2042 995 2090 Sed
1043 2049 1091 2092 et
1136 2041 1405 2104 principum
1449 2048 1495 2090 et
1532 2050 1819 2103 potestatum

695 2112 800 2162 iura
838 2112 1105 2159 conlirmat.
1175 2108 1358 2157 Nemini
1397 2107 1665 2157 Christiano
1703 2124 1821 2158 con-

695 2179 951 2227 tumaciam
1013 2175 1254 2235 indulget,
1315 2174 1460 2224 immo
1517 2185 1715 2225 cunctos
1761 2176 1821 2226 ad

600 2250 609 2257 '
697 2245 995 2308 obsequendi
1048 2243 1257 2291 osticium
1307 2242 1569 2305 compellit.
1638 2244 1738 2292 Hac
1775 2244 1821 2292 iu

697 2312 860 2377 specie
895 2310 1219 2359 Tertullianus
1255 2308 1512 2358 discrimen
1556 2310 1736 2367 statuit,
1774 2317 1826 2360 nt

699 2381 829 2445 quod
868 2380 1062 2428 attineat
1096 2377 1153 2426 ad
1191 2378 1401 2425 honores
1439 2392 1602 2438 regum
1640 2378 1710 2426 vel
1732 2378 1825 2426 im-

696 2455 1007 2511 peratorum,
1059 2445 1178 2493 satis
1224 2444 1571 2509 praescriptum
1623 2445 1828 2495 habeant

699 2514 973 2571 Christiani,
1010 2512 1058 2561 in
1096 2511 1225 2560 omni
1261 2526 1314 2559 se
1350 2512 1582 2575 obsequio
1610 2527 1718 2561 esse
1741 2514 1827 2561 de-

699 2581 843 2639 here,
902 2581 1168 2629 secundum
1229 2579 1434 2641 apostoli
1497 2587 1826 2643 praeceptum,

697 2650 918 2699 subditos
955 2645 1308 2710 magistratibus
1359 2653 1405 2695 et
1446 2647 1744 2711 principibus
1781 2644 1829 2698 et

700 2717 1048 2781 potestatibuS,
1096 2715 1181 2763 sed
1230 2713 1350 2762 intra
1400 2714 1573 2764 limites
1610 2716 1827 2780 discipli-

700 2800 808 2845 nae,
846 2799 907 2847 qn
946 2797 1097 2845 usqne
1133 2784 1191 2829 ab
1228 2781 1497 2830 idololatria
1529 2795 1827 2845 separamur.

703 2853 839 2901 Circa
877 2866 905 2899 o
948 2851 1033 2899 'cia
1070 2864 1181 2898 vero
1219 2851 1505 2911 privatarum
1537 2857 1585 2898 et.
1610 2865 1828 2900 commu-

699 2919 831 2968 nium
871 2918 1264 2975 sollemnitatum,
1317 2923 1369 2965 nt
1402 2924 1540 2979 togae
1577 2933 1744 2981 purae,
1781 2925 1833 2968 ut

700 2986 1033 3050 sponsalium,
1088 2992 1138 3032 ut
1174 2984 1472 3046 nuptialium,
1522 2992 1573 3034 ut
1609 2986 1832 3034 uomina-

703 3053 818 3102 lium
857 3054 1040 3101 nullum
1089 3060 1282 3115 putem,
1337 3051 1514 3115 inquit,
1562 3053 1832 3116 pericnlum

702 3121 945 3170 observari
984 3120 1053 3168 de‘
1081 3121 1193 3168 llatu
1230 3117 1548 3172 idololatriae,
1597 3135 1721 3182 quae
1757 3121 1833 3169 in·

701 3189 930 3238 terrenit:
979 3201 1150 3235 causae
1197 3186 1322 3233 enim
1373 3194 1480 3234 sunt
1518 3187 1833 3235 considerau-

705 3255 812 3314 dae,
850 3254 1022 3317 quibus
1057 3259 1327 3314 praestatur
1360 3253 1588 3300 osticium.
1654 3253 1834 3303 Deinde

704 3323 900 3371 obiicit:
936 3320 1031 3368 Sed
1060 3319 1153 3375 bis,
1184 3331 1357 3379 nempe
1377 3318 1705 3380 sponsalibus,
1742 3335 1834 3369 no·

704 3387 963 3437 minalibus
1011 3400 1067 3433 ac
1113 3385 1285 3432 ceteris
1320 3384 1594 3434 huiusmodi
1630 3387 1835 3437 sollem-

705 3453 933 3504 nitatibus
970 3452 1392 3500 accommodantur
1417 3453 1667 3502 sacrificia.
1724 3456 1835 3520 lpse

705 3523 933 3570 contiuuo
969 3517 1283 3567 abiectionem
1317 3518 1474 3579 solvit,
1511 3529 1701 3584 sumpta
1720 3537 1834 3586 per-

707 3602 825 3637 sona
864 3587 983 3635 servi
1037 3599 1123 3633 seu
1175 3586 1331 3635 liberti
1381 3586 1638 3637 Christiani
1690 3604 1835 3653 quem

707 3655 932 3705 dominus
989 3653 1180 3715 gentilis
1239 3653 1409 3722 adesse
1470 3662 1552 3704 aut
1598 3671 1834 3720 apparere

707 3723 797 3772 sibi
845 3721 984 3771 iussit
1032 3721 1188 3769 filiove
1250 3721 1312 3769 ob
1373 3728 1513 3783 togae
1559 3738 1709 3787 purae
1759 3726 1830 3774 vel

706 3789 1008 3854 sponsalium
1056 3787 1311 3837 sollemnia
1359 3791 1659 3841 sacrificanti.
1731 3793 1834 3842 Sim

707 3865 919 3914 vocatus,
957 3856 1126 3920 inquit,
1163 3856 1276 3904 dum
1312 3857 1521 3905 officium
1559 3873 1718 3907 meum
1754 3867 1836 3909 aut

708 3939 856 3987 opera
896 3938 998 3972 mea
1038 3938 1133 3972 non
1172 3922 1325 3985 possit
1361 3924 1523 3973 haberi
1566 3940 1655 3988 pro
1693 3927 1836 3975 adsa-

709 3991 907 4049 crilicio,
946 3991 993 4040 id
1019 3999 1092 4040 est
1115 3990 1527 4040 administratione
1563 4008 1648 4042 seu
1687 3994 1837 4056 parti-

711 4057 949 4120 cipatione
984 4065 1066 4106 aut
1101 4072 1338 4106 consensu
1383 4061 1631 4118 sacrificii,
1679 4070 1839 4109 utatur

710 4123 794 4173 ille
831 4138 978 4187 opera
1016 4139 1120 4172 mea
1157 4132 1203 4173 et
1240 4125 1398 4174 officio
1439 4139 1562 4182 meo,
1606 4137 1834 4189 qnantum

709 4191 802 4240 sibi
862 4192 992 4240 libet.
1061 4191 1164 4240 Mox
1222 4200 1329 4241 voto
1379 4193 1557 4242 dictum
1609 4196 1837 4253 castigat:

711 4258 899 4307 Utinam
937 4268 1162 4323 qnantum
1200 4260 1291 4307 sibi
1327 4261 1538 4323 quidem,
1591 4261 1728 4323 qnasi
1763 4261 1840 4310 di-

712 4332 868 4374 cet-et:
908 4326 1091 4374 Utinam
1132 4326 1267 4382 illud,
1314 4328 1440 4389 quod
1481 4327 1693 4390 proxime
1729 4328 1840 4387 dixi,

713 4400 942 4455 quantum
980 4392 1072 4439 sibi
1109 4393 1319 4454 quidem,
1360 4393 1564 4453 disiungi
1602 4404 1743 4457 queat
1780 4398 1840 4444 ab

711 4459 873 4507 officio
910 4473 1113 4521 operare
1151 4473 1274 4517 mea,
1310 4467 1363 4508 ut
1397 4461 1489 4508 iam
1513 4461 1840 4511 dominusille

711 4526 902 4586 gentilis
953 4525 1010 4573 ad
1061 4541 1141 4574 eas
1198 4526 1548 4576 sollemnitates
1600 4529 1840 4578 neminem

708 4601 902 4644 vocaret
936 4593 1287 4654 Christianum,
1336 4607 1428 4643 nec
1471 4594 1629 4646 videre
1666 4609 1839 4659 posse·

2650 813 2728 865 11.
2765 828 3029 881 possemus

1883 882 1962 932 13.
1999 882 2315 932 circumdedit
2348 883 2594 933 saeculum
2630 880 2730 945 Αβ.

1895 1046 2003 1081 mus
2038 1033 2165 1096 quod
2204 1033 2364 1082 lacere
2413 1032 2553 1082 nobis
2594 1034 2730 1082 netas
2767 1039 2855 1082 est.
2926 1031 3053 1081 Sed·

1897 1100 2121 1163 quoniam
2170 1107 2362 1149 satanas
2409 1101 2470 1148 ita
2508 1100 2818 1149 circumdedit
2853 1114 3030 1149 saecu-

1898 1167 1994 1215 lum
2034 1166 2322 1223 idololatria,
2359 1166 2520 1216 licebit
2555 1169 2730 1216 adesse
2751 1168 2796 1215 in
2823 1168 3031 1230 quibus-

1899 1234 2037 1292 dam,
2074 1249 2196 1297 quae
2234 1249 2322 1283 nos
2360 1235 2569 1294 homiui,
2613 1250 2708 1283 non
2746 1235 2874 1283 idolo
2912 1234 3032 1282 ortt-

1899 1301 2060 1351 ciosos
2098 1302 2288 1350 babent.
2360 1302 2539 1351 Deinde
2573 1303 2856 1351 senteutiam
2887 1315 3033 1349 suam

1901 1368 2168 1417 concludit:
2209 1368 2450 1426 Ceterum,
2489 1370 2534 1418 id
2571 1378 2645 1419 cst
2679 1371 2861 1430 absque
2885 1368 3034 1416 liuius

1901 1436 2221 1502 distinctionis
2241 1436 2551 1496 indulgentia,
2571 1436 2681 1500 qnid
2704 1436 2876 1485 sacient
2901 1434 3034 1485 servi

1902 1504 1972 1552 vel
2013 1502 2169 1551 liberti
2207 1504 2391 1563 fideles,
2427 1505 2538 1553 item
2576 1503 2806 1552 ostii-iales
2841 1502 3035 1553 sacrifi-

1904 1570 2122 1619 cantibus
2158 1570 2366 1618 domiuis
2402 1572 2471 1619 vel
2526 1572 2741 1634 patronis
2775 1570 2846 1618 vel
2885 1584 3034 1633 prae-

1903 1638 2088 1687 sidibus
2125 1634 2480 1687 adhaerentes?
2550 1638 2701 1687 Huius
2737 1646 2894 1686 antem
2932 1637 3035 1687 loci

1903 1705 2189 1767 depravandi
2218 1706 2519 1754 occasionem
2556 1706 2686 1753 dedit
2721 1704 2916 1753 minime
2951 1705 3035 1752 in·-

1903 1772 2094 1820 tellecta
2141 1787 2225 1821 vox
2272 1774 2565 1834 adsacrificii.
2636 1773 2821 1821 Etenim
2875 1770 3036 1832 ignari

1901 1839 2263 1900 significationis
2311 1849 2547 1889 mutavere
2596 1855 2652 1889 ac
2686 1855 2774 1903 pro
2812 1855 2869 1889 eo
2905 1839 3038 1889 scri-

1905 1922 2047 1970 psere
2081 1907 2131 1955 in
2166 1910 2425 1969 sacrifieiis,
2478 1907 2612 1955 nullo
2649 1922 2809 1956 seusu.
2879 1908 3037 1956 Adm-

1903 1975 2066 2036 crificia'
2100 1974 2264 2022 titulus
2299 1975 2471 2023 dicitur
2506 1974 2907 2038 quemadmodum
2941 1976 3038 2023 ud—

1903 2044 2098 2091 me'litiue
2147 2041 2295 2102 gratia
2346 2038 2429 2105 [fr.
2471 2042 2511 2090 1.
2551 2058 2625 2104 pr.
2660 2043 2720 2092 de
2757 2043 2836 2091 oss'.
2874 2042 3038 2092 Praer.

1908 2109 2060 2157 Praet.
2098 2108 2135 2167 l,
2175 2105 2278 2173 ll.]
2333 2110 2594 2168 „Arcadius
2630 2111 2712 2168 ait,
2761 2124 2867 2159 cum
2902 2109 3040 2172 apud

1905 2184 2089 2226 veteres
2135 2176 2446 2225 dictatoribus
2499 2178 2557 2225 ad
2603 2184 2796 2240 tempus
2843 2189 3040 2225 summa

1906 2253 2121 2308 potestas
2159 2244 2462 2303 crederetur,
2510 2245 2766 2305 magistros
2819 2244 3038 2308 equitum

1910 2312 2027 2369 sitii,
2056 2311 2293 2373 eligebant
2344 2310 2424 2374 qui
2460 2311 2688 2360 adsociati
2724 2310 3040 2374 participales

1910 2394 2053 2428 curae
2111 2380 2366 2428 admilitiue
2409 2381 2560 2441 9rutia
2605 2379 2864 2428 secundam
2918 2385 3042 2442 post

1911 2461 1996 2496 eos
2034 2454 2317 2508 potestatem
2356 2449 2629 2506 gererent.‘·
2679 2447 2760 2496 Sic
2783 2447 2952 2507 legitur
2983 2447 3041 2495 iu

1912 2514 2162 2562 Pandectis
2200 2513 2504 2573 FlorentiniS,
2555 2528 2651 2563 non
2687 2522 2739 2562 ut
2771 2514 2910 2575 vulgo
2943 2515 3042 2562 mr·-

1910 2581 2040 2630 litiae
2074 2582 2240 2643 qratia.
2313 2580 2521 2641 Magistri
2556 2582 2767 2645 equitum
2794 2580 3042 2630 admilita-

1910 2649 2025 2698 baut
2059 2648 2316 2712 praesectis
2342 2649 2601 2713 praetorio,
2638 2664 2901 2713 eorumque
2920 2663 3042 2698 cura

1910 2717 2158 2766 dicebatur
2203 2718 2459 2776 adurilitia,
2515 2717 2623 2780 qnia
2673 2717 2817 2766 additi
2866 2723 2912 2765 et
2947 2716 3040 2765 ad·

1909 2784 2077 2834 sociati
2128 2794 2263 2833 erant
2311 2798 2455 2834 curae
2504 2785 2855 2847 praefectorum
2892 2798 3041 2848 prae-

1910 2854 2051 2900 torio.
2101 2851 2180 2900 Sic
2215 2853 2358 2902 etiam
2395 2853 2441 2901 in
2478 2852 2785 2900 adsaci-iliciis
2822 2851 3041 2900 adsacri-

1913 2920 2056 2967 lieare
2093 2919 2373 2968 dicebantur
2408 2920 2488 2982 qni
2525 2928 2724 2982 propter
2750 2919 3043 2968 sacrificinm

1913 2987 2112 3035 aderant
2156 2987 2471 3044 sacrificanti,
2525 2987 2607 3050 qui
2653 2986 2855 3035 consilio
2901 2999 3044 3034 sum-

1914 3062 2054 3118 ptuve
2088 3068 2225 3102 sacra
2255 3055 2507 3103 facientem
2535 3054 2833 3105 adiuvabant.
2880 3053 3042 3102 Officii

1917 3128 1965 3169 et
2020 3135 2198 3183 operae
2260 3121 2511 3184 expunctio
2559 3128 2635 3171 est
2678 3121 2945 3186 persolutio
2992 3127 3045 3170 et

1915 3188 2194 3251 praestatio.
2254 3189 2465 3250 (Rigalt.)
2535 3189 2602 3237 De
2648 3187 3046 3252 interpretation·

1916 3256 2108 3319 quidem
2164 3257 2411 3305 consentio
2482 3271 2590 3305 cum
2654 3256 2884 3317 Rigaltio,
2952 3254 3047 3305 sut

1915 3324 2058 3372 verba
2095 3322 2233 3373 aliter
2265 3324 2507 3385 distinguo
2545 3332 2593 3373 et
2614 3332 2770 3382 struo,
2806 3331 2856 3373 ut
2880 3323 3044 3387 Septi-

1917 3389 2044 3440 mius
2078 3390 2231 3439 dieat:
2279 3390 2330 3439 Si
2366 3392 2456 3440 sim
2491 3398 2685 3440 vocatus
2722 3406 2811 3440 uec
2844 3393 2943 3447 ssat,
2993 3397 3047 3439 nt

1917 3458 2140 3506 sacrificii
2176 3458 2362 3507 titulum
2402 3460 2572 3508 babeat
2623 3473 2780 3507 meum
2817 3458 2876 3507 ad
2913 3457 3047 3523 quod

1919 3539 2027 3573 snm
2062 3534 2258 3575 vocatus
2292 3526 2522 3586 officium,
2572 3526 2712 3575 etiam
2752 3540 2899 3588 opera
2937 3534 3046 3574 mea

1919 3600 2215 3655 expungatur
2260 3593 2307 3641 in
2357 3601 2584 3656 quantum
2632 3593 2725 3643 sibi
2774 3593 2938 3641 libet>
2977 3592 3045 3642 De

1918 3659 2080 3722 ellipsi
2127 3660 2472 3709 condicionalis
2517 3663 2561 3710 si
2607 3670 2772 3710 notum
2821 3667 2923 3720 est3
2990 3673 3049 3708 ex

1919 3726 2246 3787 Tertulliano,
2294 3728 2420 3791 apud
2468 3743 2609 3791 quem
2657 3727 3048 3792 frequentissima

1919 3801 2009 3852 est,
2045 3793 2227 3857 aliquot
2262 3795 2477 3858 exempla
2514 3795 2648 3845 attuli
2681 3795 2741 3843 ad
2766 3795 2833 3842 De
2854 3795 3050 3843 Corona

1920 3876 2026 3924 cap.
2065 3861 2143 3910 11.
2215 3855 2284 3910 lh
2319 3863 2562 3912 vocabatis
2596 3863 2840 3926 expunctio
2880 3868 2928 3911 et
2962 3877 3050 3909 ea:-

1917 3943 2118 3991 ,πωροι-ε
2182 3928 2296 3977 alibi
2360 3930 2636 3979 adnotatum
2702 3937 2791 3978 est.
2893 3928 3049 3977 Voca—

1921 3995 2033 4043 buta
2071 3997 2117 4043 in
2156 3997 2352 4045 modum
2371 3999 2649 4060 adsacrificii
2668 3997 2867 4045 conficta
2896 3996 3050 4045 habea

1922 4063 2049 4126 apud
2107 4064 2454 4113 Tertullianum
2519 4065 2786 4113 adinvenire
2844 4063 3048 4125 Apolog.

1923 4144 2029 4192 cap.
2066 4130 2115 4180 4.
2171 4133 2322 4188 (certe
2370 4146 2423 4180 ex
2470 4132 2752 4180 auctoritato
2787 4130 2898 4180 libri
2933 4130 3051 4179 Fut-

1923 4197 2123 4256 densis)‚
2161 4201 2372 4248 advivere
2405 4199 2473 4247 De
2494 4199 2683 4247 Corona
2720 4212 2826 4261 cap.
2862 4197 2911 4247 Ἰ.
2984 4198 3051 4246 De

1922 4264 2105 4381 Anima5
2138 4280 2243 4329 cap.
2291 4266 2397 4326 57„
2444 4267 2683 4316 adtraduoe
2715 4266 2784 4314 De
2820 4265 3052 4315 Patientia

1930 4345 2036 4395 cap.
2111 4367 2123 4380 .

1995 4465 2043 4516 h.
2086 4475 2314 4529 quantum
2353 4467 2444 4517 sibi
2481 4463 2621 4532 libet]
2676 4467 2787 4517 Λᾶν.
2823 4467 3052 4526 Hermog.

1927 4546 2031 4594 cap.
2068 4533 2147 4581 23.
2198 4534 2397 4594 „Fuerit
2442 4534 2555 4583 licet
2603 4535 2798 4583 materia
2833 4540 3054 4598 quantun

1924 4601 2020 4649 eibi
2051 4602 2175 4662 licet,
2213 4602 2285 4652 vel
2322 4604 2485 4665 potius
2519 4601 2864 4664 Hermogeni.“
