<?xml version="1.0" encoding="UTF-8"?>
<!DOCTYPE html PUBLIC "-//W3C//DTD XHTML 1.0 Transitional//EN"
    "http://www.w3.org/TR/xhtml1/DTD/xhtml1-transitional.dtd">
<html xmlns="http://www.w3.org/1999/xhtml" xml:lang="en" lang="en">
 <head>
  <title>
</title>
<meta http-equiv="Content-Type" content="text/html;charset=utf-8" />
  <meta name='ocr-system' content='tesseract 3.04.00' />
  <meta name='ocr-capabilities' content='ocr_page ocr_carea ocr_par ocr_line ocrx_word'/>
</head>
<body>
  <div class='ocr_page' id='page_1' title='image "./quintiseptimiif04tertgoog_0015.png"; bbox 0 0 3263 5311; ppageno 0'>
   <div class='ocr_carea' id='block_1_1' title="bbox 1189 451 2538 499">
    <p class='ocr_par' dir='ltr' id='par_1_1' title="bbox 1189 451 2538 499">
     <span class='ocr_line' id='line_1_1' title="bbox 1189 451 2538 499; baseline -0.004 0"><span class='ocrx_word' id='word_1_1' title='bbox 1189 454 1535 499; x_wconf 70' lang='lat' dir='ltr'>murum.</span> <span class='ocrx_word' id='word_1_2' title='bbox 2235 462 2240 471; x_wconf 87' lang='grc'><strong><em>·</em></strong></span> <span class='ocrx_word' id='word_1_3' title='bbox 2477 451 2538 493; x_wconf 81' lang='lat'>11</span> 
     </span>
    </p>
   </div>
   <div class='ocr_carea' id='block_1_2' title="bbox 148 602 2542 4723">
    <p class='ocr_par' dir='ltr' id='par_1_2' title="bbox 192 602 2536 1294">
     <span class='ocr_line' id='line_1_2' title="bbox 196 602 2536 680; baseline -0.003 -10"><span class='ocrx_word' id='word_1_4' title='bbox 196 620 307 670; x_wconf 80' lang='lat' dir='ltr'>sant</span> <span class='ocrx_word' id='word_1_5' title='bbox 358 608 631 669; x_wconf 72' lang='lat' dir='ltr'>familiae</span> <span class='ocrx_word' id='word_1_6' title='bbox 692 608 862 669; x_wconf 85' lang='lat' dir='ltr'>cuius</span> <span class='ocrx_word' id='word_1_7' title='bbox 925 614 1070 667; x_wconf 84' lang='lat' dir='ltr'>sunt</span> <span class='ocrx_word' id='word_1_8' title='bbox 1114 605 1360 667; x_wconf 82' lang='lat' dir='ltr'>Parisini</span> <span class='ocrx_word' id='word_1_9' title='bbox 1418 623 1478 666; x_wconf 87' lang='lat' dir='ltr'>n.</span> <span class='ocrx_word' id='word_1_10' title='bbox 1516 605 1700 668; x_wconf 73' lang='lat'><strong>1623.</strong></span> <span class='ocrx_word' id='word_1_11' title='bbox 1747 612 1806 664; x_wconf 88' lang='lat' dir='ltr'>et</span> <span class='ocrx_word' id='word_1_12' title='bbox 1848 604 2071 674; x_wconf 59' lang='lat'><strong>2616„</strong></span> <span class='ocrx_word' id='word_1_13' title='bbox 2131 618 2324 680; x_wconf 83' lang='lat' dir='ltr'>neque</span> <span class='ocrx_word' id='word_1_14' title='bbox 2377 602 2536 663; x_wconf 86' lang='lat' dir='ltr'>illius</span> 
     </span>
     <span class='ocr_line' id='line_1_3' title="bbox 193 702 2536 782; baseline -0.003 -10"><span class='ocrx_word' id='word_1_15' title='bbox 193 711 332 771; x_wconf 81' lang='lat' dir='ltr'>euius</span> <span class='ocrx_word' id='word_1_16' title='bbox 374 718 525 771; x_wconf 76' lang='lat' dir='ltr'>sunt</span> <span class='ocrx_word' id='word_1_17' title='bbox 560 708 915 781; x_wconf 64' lang='lat' dir='ltr'>Gothum,</span> <span class='ocrx_word' id='word_1_18' title='bbox 962 707 1349 775; x_wconf 60' lang='lat' dir='ltr'>Britannus,</span> <span class='ocrx_word' id='word_1_19' title='bbox 1391 703 1856 776; x_wconf 76' lang='lat' dir='ltr'>Ambrosianus,</span> <span class='ocrx_word' id='word_1_20' title='bbox 1905 702 2297 774; x_wconf 80' lang='lat' dir='ltr'>oxoniensis,</span> <span class='ocrx_word' id='word_1_21' title='bbox 2341 720 2536 782; x_wconf 88' lang='lat' dir='ltr'>neque</span> 
     </span>
     <span class='ocr_line' id='line_1_4' title="bbox 194 803 2534 890; baseline -0.003 -18"><span class='ocrx_word' id='word_1_22' title='bbox 194 830 301 872; x_wconf 73' lang='lat' dir='ltr'>uim</span> <span class='ocrx_word' id='word_1_23' title='bbox 328 810 691 890; x_wconf 76' lang='lat' dir='ltr'>vulgaribus</span> <span class='ocrx_word' id='word_1_24' title='bbox 735 818 796 870; x_wconf 89' lang='lat' dir='ltr'>et</span> <span class='ocrx_word' id='word_1_25' title='bbox 838 808 1155 870; x_wconf 85' lang='lat' dir='ltr'>deterioris</span> <span class='ocrx_word' id='word_1_26' title='bbox 1202 816 1379 868; x_wconf 86' lang='lat' dir='ltr'>notae</span> <span class='ocrx_word' id='word_1_27' title='bbox 1418 806 1592 869; x_wconf 83' lang='lat' dir='ltr'>libris</span> <span class='ocrx_word' id='word_1_28' title='bbox 1640 811 2002 884; x_wconf 82' lang='lat' dir='ltr'>congruunt,</span> <span class='ocrx_word' id='word_1_29' title='bbox 2050 803 2156 864; x_wconf 82' lang='lat' dir='ltr'>sed</span> <span class='ocrx_word' id='word_1_30' title='bbox 2179 822 2534 883; x_wconf 87' lang='lat' dir='ltr'>repraesen-</span> 
     </span>
     <span class='ocr_line' id='line_1_5' title="bbox 192 902 2536 991; baseline -0.003 -18"><span class='ocrx_word' id='word_1_31' title='bbox 192 922 295 973; x_wconf 80' lang='lat' dir='ltr'>tant</span> <span class='ocrx_word' id='word_1_32' title='bbox 333 930 561 974; x_wconf 78' lang='lat' dir='ltr'>novam</span> <span class='ocrx_word' id='word_1_33' title='bbox 606 909 979 991; x_wconf 80' lang='lat' dir='ltr'>Apologetici</span> <span class='ocrx_word' id='word_1_34' title='bbox 1022 910 1438 972; x_wconf 77' lang='lat' dir='ltr'>recensionem</span> <span class='ocrx_word' id='word_1_35' title='bbox 1483 907 1556 970; x_wconf 89' lang='lat' dir='ltr'>ab</span> <span class='ocrx_word' id='word_1_36' title='bbox 1600 906 1942 969; x_wconf 75' lang='lat' dir='ltr'>eruditioris</span> <span class='ocrx_word' id='word_1_37' title='bbox 1985 902 2230 967; x_wconf 82' lang='lat' dir='ltr'>alicuius</span> <span class='ocrx_word' id='word_1_38' title='bbox 2272 906 2536 985; x_wconf 77' lang='lat' dir='ltr'>magistri</span> 
     </span>
     <span class='ocr_line' id='line_1_6' title="bbox 195 1005 2533 1092; baseline -0.003 -17"><span class='ocrx_word' id='word_1_39' title='bbox 195 1032 343 1075; x_wconf 83' lang='lat' dir='ltr'>mann</span> <span class='ocrx_word' id='word_1_40' title='bbox 386 1014 752 1092; x_wconf 76' lang='lat' dir='ltr'>profectam.</span> <span class='ocrx_word' id='word_1_41' title='bbox 827 1010 1128 1090; x_wconf 73' lang='lat' dir='ltr'>Scriptura</span> <span class='ocrx_word' id='word_1_42' title='bbox 1171 1010 1397 1090; x_wconf 88' lang='lat' dir='ltr'>passim</span> <span class='ocrx_word' id='word_1_43' title='bbox 1442 1018 1574 1071; x_wconf 85' lang='lat' dir='ltr'>cum</span> <span class='ocrx_word' id='word_1_44' title='bbox 1620 1006 1901 1069; x_wconf 85' lang='lat' dir='ltr'>Fuldensi</span> <span class='ocrx_word' id='word_1_45' title='bbox 1945 1005 2284 1068; x_wconf 86' lang='lat' dir='ltr'>concordat.</span> <span class='ocrx_word' id='word_1_46' title='bbox 2352 1006 2533 1069; x_wconf 89' lang='lat' dir='ltr'>Com-</span> 
     </span>
     <span class='ocr_line' id='line_1_7' title="bbox 197 1107 2535 1193; baseline -0.003 -19"><span class='ocrx_word' id='word_1_47' title='bbox 197 1133 409 1175; x_wconf 77' lang='lat' dir='ltr'>munem</span> <span class='ocrx_word' id='word_1_48' title='bbox 457 1132 612 1175; x_wconf 82' lang='lat' dir='ltr'>vero</span> <span class='ocrx_word' id='word_1_49' title='bbox 658 1112 1046 1193; x_wconf 85' lang='lat' dir='ltr'>Erlaugensis</span> <span class='ocrx_word' id='word_1_50' title='bbox 1080 1120 1163 1174; x_wconf 87' lang='lat' dir='ltr'>·et</span> <span class='ocrx_word' id='word_1_51' title='bbox 1207 1110 1689 1172; x_wconf 77' lang='lat' dir='ltr'>vindobonensis</span> <span class='ocrx_word' id='word_1_52' title='bbox 1736 1108 2026 1188; x_wconf 83' lang='lat' dir='ltr'>originem</span> <span class='ocrx_word' id='word_1_53' title='bbox 2084 1107 2261 1169; x_wconf 86' lang='lat' dir='ltr'>etiam</span> <span class='ocrx_word' id='word_1_54' title='bbox 2321 1108 2535 1170; x_wconf 87' lang='lat' dir='ltr'>ortho-</span> 
     </span>
     <span class='ocr_line' id='line_1_8' title="bbox 197 1214 699 1294; baseline 0 -19"><span class='ocrx_word' id='word_1_55' title='bbox 197 1216 415 1294; x_wconf 76' lang='lat' dir='ltr'>graphia</span> <span class='ocrx_word' id='word_1_56' title='bbox 459 1214 699 1294; x_wconf 81' lang='lat' dir='ltr'>prodit.</span> 
     </span>
    </p>

    <p class='ocr_par' dir='ltr' id='par_1_3' title="bbox 193 1309 2542 1794">
     <span class='ocr_line' id='line_1_9' title="bbox 342 1309 2534 1391; baseline -0.002 -16"><span class='ocrx_word' id='word_1_57' title='bbox 342 1315 749 1387; x_wconf 77' lang='lat' dir='ltr'>Florentinis,</span> <span class='ocrx_word' id='word_1_58' title='bbox 792 1314 853 1377; x_wconf 86' lang='lat' dir='ltr'>ui</span> <span class='ocrx_word' id='word_1_59' title='bbox 900 1313 1097 1386; x_wconf 83' lang='lat' dir='ltr'>fallor,</span> <span class='ocrx_word' id='word_1_60' title='bbox 1145 1311 1452 1375; x_wconf 81' lang='lat' dir='ltr'>codicibus</span> <span class='ocrx_word' id='word_1_61' title='bbox 1496 1329 1645 1373; x_wconf 89' lang='lat' dir='ltr'>usus</span> <span class='ocrx_word' id='word_1_62' title='bbox 1691 1319 1784 1371; x_wconf 88' lang='lat' dir='ltr'>est</span> <span class='ocrx_word' id='word_1_63' title='bbox 1825 1310 2178 1372; x_wconf 83' lang='lat' dir='ltr'>Franciscus</span> <span class='ocrx_word' id='word_1_64' title='bbox 2209 1309 2534 1391; x_wconf 78' lang='lat' dir='ltr'>Zephyrus,</span> 
     </span>
     <span class='ocr_line' id='line_1_10' title="bbox 197 1411 2542 1495; baseline -0.003 -17"><span class='ocrx_word' id='word_1_65' title='bbox 197 1418 245 1477; x_wconf 87' lang='lat' dir='ltr'>in</span> <span class='ocrx_word' id='word_1_66' title='bbox 286 1416 647 1478; x_wconf 77' lang='lat' dir='ltr'>recensione</span> <span class='ocrx_word' id='word_1_67' title='bbox 688 1414 1052 1495; x_wconf 78' lang='lat' dir='ltr'>Apologetici</span> <span class='ocrx_word' id='word_1_68' title='bbox 1096 1432 1270 1493; x_wconf 87' lang='lat' dir='ltr'>quam</span> <span class='ocrx_word' id='word_1_69' title='bbox 1315 1412 1664 1492; x_wconf 75' lang='lat' dir='ltr'>paraphrasi</span> <span class='ocrx_word' id='word_1_70' title='bbox 1727 1411 1920 1474; x_wconf 86' lang='lat' dir='ltr'>addita</span> <span class='ocrx_word' id='word_1_71' title='bbox 1963 1412 2249 1474; x_wconf 84' lang='lat' dir='ltr'>babemus</span> <span class='ocrx_word' id='word_1_72' title='bbox 2294 1413 2354 1474; x_wconf 91' lang='lat' dir='ltr'>in</span> <span class='ocrx_word' id='word_1_73' title='bbox 2400 1412 2542 1474; x_wconf 88' lang='lat' dir='ltr'>edd.-</span> 
     </span>
     <span class='ocr_line' id='line_1_11' title="bbox 196 1512 2535 1596; baseline -0.003 -17"><span class='ocrx_word' id='word_1_74' title='bbox 196 1518 298 1596; x_wconf 81' lang='lat' dir='ltr'>Sig.</span> <span class='ocrx_word' id='word_1_75' title='bbox 343 1516 580 1579; x_wconf 83' lang='lat' dir='ltr'>Gcleuii</span> <span class='ocrx_word' id='word_1_76' title='bbox 627 1524 805 1594; x_wconf 86' lang='lat' dir='ltr'>atque</span> <span class='ocrx_word' id='word_1_77' title='bbox 849 1514 963 1576; x_wconf 82' lang='lat' dir='ltr'>lac.</span> <span class='ocrx_word' id='word_1_78' title='bbox 1007 1514 1268 1576; x_wconf 84' lang='lat' dir='ltr'>Pameiii.</span> <span class='ocrx_word' id='word_1_79' title='bbox 1354 1513 1423 1574; x_wconf 78' lang='lat' dir='ltr'>ln</span> <span class='ocrx_word' id='word_1_80' title='bbox 1467 1512 1732 1592; x_wconf 81' lang='lat' dir='ltr'>Epistola</span> <span class='ocrx_word' id='word_1_81' title='bbox 1777 1513 1934 1574; x_wconf 84' lang='lat' dir='ltr'>enim</span> <span class='ocrx_word' id='word_1_82' title='bbox 1978 1512 2418 1592; x_wconf 85' lang='lat' dir='ltr'>Nuncupatoria</span> <span class='ocrx_word' id='word_1_83' title='bbox 2461 1513 2535 1574; x_wconf 87' lang='lat' dir='ltr'>ad</span> 
     </span>
     <span class='ocr_line' id='line_1_12' title="bbox 194 1612 2531 1693; baseline -0.002 -14"><span class='ocrx_word' id='word_1_84' title='bbox 194 1618 489 1679; x_wconf 82' lang='lat' dir='ltr'>Simonem</span> <span class='ocrx_word' id='word_1_85' title='bbox 557 1625 619 1678; x_wconf 89' lang='lat' dir='ltr'>et</span> <span class='ocrx_word' id='word_1_86' title='bbox 661 1616 965 1677; x_wconf 75' lang='lat' dir='ltr'>Nicolaum</span> <span class='ocrx_word' id='word_1_87' title='bbox 1009 1614 1200 1676; x_wconf 84' lang='lat' dir='ltr'>Neros</span> <span class='ocrx_word' id='word_1_88' title='bbox 1257 1614 1417 1676; x_wconf 82' lang='lat' dir='ltr'>cives</span> <span class='ocrx_word' id='word_1_89' title='bbox 1460 1612 1838 1675; x_wconf 86' lang='lat' dir='ltr'>Florentinos</span> <span class='ocrx_word' id='word_1_90' title='bbox 1892 1632 1951 1693; x_wconf 91' lang='lat' dir='ltr'>p.</span> <span class='ocrx_word' id='word_1_91' title='bbox 1987 1616 2129 1677; x_wconf 83' lang='lat'><strong>797.</strong></span> <span class='ocrx_word' id='word_1_92' title='bbox 2188 1614 2282 1675; x_wconf 90' lang='lat' dir='ltr'>ed.</span> <span class='ocrx_word' id='word_1_93' title='bbox 2330 1614 2531 1676; x_wconf 78' lang='lat' dir='ltr'>Gelan.</span> 
     </span>
     <span class='ocr_line' id='line_1_13' title="bbox 193 1714 2537 1794; baseline -0.001 -14"><span class='ocrx_word' id='word_1_94' title='bbox 193 1738 235 1779; x_wconf 82' lang='lat' dir='ltr'>a.</span> <span class='ocrx_word' id='word_1_95' title='bbox 261 1718 589 1780; x_wconf 49' lang='lat' dir='ltr'>munla</span> <span class='ocrx_word' id='word_1_96' title='bbox 662 1715 829 1790; x_wconf 82' lang='lat' dir='ltr'>„Nos</span> <span class='ocrx_word' id='word_1_97' title='bbox 887 1715 1229 1790; x_wconf 79' lang='lat' dir='ltr'>utilitatem,</span> <span class='ocrx_word' id='word_1_98' title='bbox 1287 1715 1507 1794; x_wconf 72' lang='lat' dir='ltr'>inquit,</span> <span class='ocrx_word' id='word_1_99' title='bbox 1565 1714 1698 1775; x_wconf 87' lang='lat' dir='ltr'>eius</span> <span class='ocrx_word' id='word_1_100' title='bbox 1756 1714 2027 1794; x_wconf 86' lang='lat' dir='ltr'>opusculi</span> <span class='ocrx_word' id='word_1_101' title='bbox 2084 1714 2431 1777; x_wconf 89' lang='lat' dir='ltr'>subodorati</span> <span class='ocrx_word' id='word_1_102' title='bbox 2475 1724 2537 1776; x_wconf 84' lang='lat' dir='ltr'>et</span> 
     </span>
    </p>

    <p class='ocr_par' dir='ltr' id='par_1_4' title="bbox 148 1816 2538 4723">
     <span class='ocr_line' id='line_1_14' title="bbox 148 1816 2536 1898; baseline -0 -18"><span class='ocrx_word' id='word_1_103' title='bbox 148 1819 432 1880; x_wconf 84' lang='lat' dir='ltr'>&#39;libenter</span> <span class='ocrx_word' id='word_1_104' title='bbox 490 1819 694 1898; x_wconf 86' lang='lat' dir='ltr'>ipsum</span> <span class='ocrx_word' id='word_1_105' title='bbox 750 1817 1082 1879; x_wconf 73' lang='lat' dir='ltr'>lectitamus</span> <span class='ocrx_word' id='word_1_106' title='bbox 1153 1827 1213 1879; x_wconf 80' lang='lat' dir='ltr'>et</span> <span class='ocrx_word' id='word_1_107' title='bbox 1270 1816 1594 1879; x_wconf 70' lang='lat' dir='ltr'>collatione</span> <span class='ocrx_word' id='word_1_108' title='bbox 1659 1825 2041 1878; x_wconf 67' lang='lat' dir='ltr'>vetustorum</span> <span class='ocrx_word' id='word_1_109' title='bbox 2096 1818 2365 1879; x_wconf 73' lang='lat' dir='ltr'>codicum</span> <span class='ocrx_word' id='word_1_110' title='bbox 2414 1835 2536 1897; x_wconf 76' lang='lat' dir='ltr'>pro</span> 
     </span>
     <span class='ocr_line' id='line_1_15' title="bbox 185 1915 2533 1995; baseline -0.002 -14"><span class='ocrx_word' id='word_1_111' title='bbox 185 1921 351 1982; x_wconf 70' lang='lat' dir='ltr'>virili</span> <span class='ocrx_word' id='word_1_112' title='bbox 386 1931 621 1983; x_wconf 72' lang='lat' dir='ltr'>nostra</span> <span class='ocrx_word' id='word_1_113' title='bbox 669 1917 936 1981; x_wconf 72' lang='lat' dir='ltr'>libellum</span> <span class='ocrx_word' id='word_1_114' title='bbox 980 1923 1134 1982; x_wconf 73' lang='lat' dir='ltr'>iuvit</span> <span class='ocrx_word' id='word_1_115' title='bbox 1176 1916 1587 1979; x_wconf 71' lang='lat' dir='ltr'>maculare.“</span> <span class='ocrx_word' id='word_1_116' title='bbox 1682 1915 1800 1977; x_wconf 83' lang='lat' dir='ltr'>Sed</span> <span class='ocrx_word' id='word_1_117' title='bbox 1843 1916 2066 1995; x_wconf 87' lang='lat' dir='ltr'>peioris</span> <span class='ocrx_word' id='word_1_118' title='bbox 2110 1925 2278 1979; x_wconf 87' lang='lat' dir='ltr'>erant</span> <span class='ocrx_word' id='word_1_119' title='bbox 2319 1917 2379 1978; x_wconf 89' lang='lat' dir='ltr'>hi</span> <span class='ocrx_word' id='word_1_120' title='bbox 2426 1936 2533 1978; x_wconf 87' lang='lat' dir='ltr'>co-</span> 
     </span>
     <span class='ocr_line' id='line_1_16' title="bbox 185 2017 2532 2098; baseline -0.001 -15"><span class='ocrx_word' id='word_1_121' title='bbox 185 2020 338 2083; x_wconf 57' lang='lat' dir='ltr'>aiens</span> <span class='ocrx_word' id='word_1_122' title='bbox 386 2030 573 2082; x_wconf 86' lang='lat' dir='ltr'>notae</span> <span class='ocrx_word' id='word_1_123' title='bbox 618 2028 678 2081; x_wconf 85' lang='lat' dir='ltr'>ot</span> <span class='ocrx_word' id='word_1_124' title='bbox 714 2018 975 2098; x_wconf 80' lang='lat' dir='ltr'>vulgaris</span> <span class='ocrx_word' id='word_1_125' title='bbox 1018 2019 1177 2081; x_wconf 87' lang='lat' dir='ltr'>illius</span> <span class='ocrx_word' id='word_1_126' title='bbox 1223 2035 1396 2097; x_wconf 89' lang='lat' dir='ltr'>quam</span> <span class='ocrx_word' id='word_1_127' title='bbox 1441 2017 1680 2096; x_wconf 86' lang='lat' dir='ltr'>saepius</span> <span class='ocrx_word' id='word_1_128' title='bbox 1736 2018 1853 2079; x_wconf 86' lang='lat' dir='ltr'>iam</span> <span class='ocrx_word' id='word_1_129' title='bbox 1897 2018 2215 2096; x_wconf 81' lang='lat' dir='ltr'>significavi</span> <span class='ocrx_word' id='word_1_130' title='bbox 2260 2017 2532 2080; x_wconf 78' lang='lat' dir='ltr'>familiae.</span> 
     </span>
     <span class='ocr_line' id='line_1_17' title="bbox 181 2118 2534 2200; baseline -0.002 -17"><span class='ocrx_word' id='word_1_131' title='bbox 181 2121 457 2184; x_wconf 69' lang='lat' dir='ltr'>Heliores</span> <span class='ocrx_word' id='word_1_132' title='bbox 503 2119 695 2181; x_wconf 82' lang='lat' dir='ltr'>libros</span> <span class='ocrx_word' id='word_1_133' title='bbox 736 2119 994 2200; x_wconf 87' lang='lat' dir='ltr'>primum</span> <span class='ocrx_word' id='word_1_134' title='bbox 1039 2119 1306 2182; x_wconf 75' lang='lat' dir='ltr'>adhibuit</span> <span class='ocrx_word' id='word_1_135' title='bbox 1329 2119 1442 2181; x_wconf 86' lang='lat' dir='ltr'>lac.</span> <span class='ocrx_word' id='word_1_136' title='bbox 1467 2118 1765 2180; x_wconf 83' lang='lat' dir='ltr'>Parnelius</span> <span class='ocrx_word' id='word_1_137' title='bbox 1787 2164 1803 2190; x_wconf 95' lang='lat'>,</span> <span class='ocrx_word' id='word_1_138' title='bbox 1848 2136 2200 2198; x_wconf 86' lang='lat' dir='ltr'>quamquam</span> <span class='ocrx_word' id='word_1_139' title='bbox 2231 2119 2534 2199; x_wconf 86' lang='lat' dir='ltr'>quomodo</span> 
     </span>
     <span class='ocr_line' id='line_1_18' title="bbox 184 2219 2538 2300; baseline 0 -18"><span class='ocrx_word' id='word_1_140' title='bbox 184 2222 257 2282; x_wconf 82' lang='lat' dir='ltr'>iia</span> <span class='ocrx_word' id='word_1_141' title='bbox 300 2223 388 2283; x_wconf 86' lang='lat' dir='ltr'>uti</span> <span class='ocrx_word' id='word_1_142' title='bbox 436 2221 689 2282; x_wconf 83' lang='lat' dir='ltr'>deberet</span> <span class='ocrx_word' id='word_1_143' title='bbox 732 2237 855 2282; x_wconf 88' lang='lat' dir='ltr'>non</span> <span class='ocrx_word' id='word_1_144' title='bbox 899 2219 1051 2283; x_wconf 88' lang='lat' dir='ltr'>bene</span> <span class='ocrx_word' id='word_1_145' title='bbox 1094 2239 1336 2300; x_wconf 84' lang='lat' dir='ltr'>gnarus.</span> <span class='ocrx_word' id='word_1_146' title='bbox 1409 2220 1692 2282; x_wconf 84' lang='lat' dir='ltr'>Adhibuit</span> <span class='ocrx_word' id='word_1_147' title='bbox 1733 2237 1874 2280; x_wconf 80' lang='lat' dir='ltr'>vero</span> <span class='ocrx_word' id='word_1_148' title='bbox 1917 2219 2313 2292; x_wconf 86' lang='lat' dir='ltr'>Puteaneum,</span> <span class='ocrx_word' id='word_1_149' title='bbox 2360 2220 2538 2282; x_wconf 88' lang='lat' dir='ltr'>hodie</span> 
     </span>
     <span class='ocr_line' id='line_1_19' title="bbox 184 2320 2534 2396; baseline -0 -13"><span class='ocrx_word' id='word_1_150' title='bbox 184 2322 525 2384; x_wconf 71' lang='lat' dir='ltr'>Pan-isinum</span> <span class='ocrx_word' id='word_1_151' title='bbox 581 2340 644 2383; x_wconf 89' lang='lat' dir='ltr'>n.</span> <span class='ocrx_word' id='word_1_152' title='bbox 677 2324 899 2394; x_wconf 66' lang='lat'>1623„</span> <span class='ocrx_word' id='word_1_153' title='bbox 965 2321 1233 2383; x_wconf 83' lang='lat' dir='ltr'>adhibuit</span> <span class='ocrx_word' id='word_1_154' title='bbox 1284 2320 1502 2383; x_wconf 89' lang='lat' dir='ltr'>librum</span> <span class='ocrx_word' id='word_1_155' title='bbox 1556 2320 1961 2383; x_wconf 87' lang='lat' dir='ltr'>Elnonensem</span> <span class='ocrx_word' id='word_1_156' title='bbox 2018 2322 2081 2382; x_wconf 91' lang='lat' dir='ltr'>S.</span> <span class='ocrx_word' id='word_1_157' title='bbox 2127 2320 2375 2384; x_wconf 80' lang='lat' dir='ltr'>Amandi</span> <span class='ocrx_word' id='word_1_158' title='bbox 2433 2322 2534 2396; x_wconf 71' lang='lat' dir='ltr'>(ef.</span> 
     </span>
     <span class='ocr_line' id='line_1_20' title="bbox 186 2421 2534 2502; baseline -0 -18"><span class='ocrx_word' id='word_1_159' title='bbox 186 2423 413 2484; x_wconf 79' lang='lat' dir='ltr'>Sander</span> <span class='ocrx_word' id='word_1_160' title='bbox 454 2422 611 2484; x_wconf 85' lang='lat' dir='ltr'>Bibl.</span> <span class='ocrx_word' id='word_1_161' title='bbox 642 2422 804 2502; x_wconf 83' lang='lat' dir='ltr'>Belg.</span> <span class='ocrx_word' id='word_1_162' title='bbox 835 2421 1003 2484; x_wconf 70' lang='lat' dir='ltr'><strong>MSS.</strong></span> <span class='ocrx_word' id='word_1_163' title='bbox 1047 2440 1108 2502; x_wconf 85' lang='lat' dir='ltr'>p.</span> <span class='ocrx_word' id='word_1_164' title='bbox 1132 2427 1237 2487; x_wconf 86' lang='lat'>51.</span> <span class='ocrx_word' id='word_1_165' title='bbox 1285 2440 1342 2483; x_wconf 90' lang='lat' dir='ltr'>n.</span> <span class='ocrx_word' id='word_1_166' title='bbox 1376 2424 1551 2498; x_wconf 79' lang='lat'><strong>228.)</strong></span> <span class='ocrx_word' id='word_1_167' title='bbox 1598 2432 1657 2483; x_wconf 87' lang='lat' dir='ltr'>et</span> <span class='ocrx_word' id='word_1_168' title='bbox 1687 2421 2134 2484; x_wconf 81' lang='lat' dir='ltr'>Gandaveusem</span> <span class='ocrx_word' id='word_1_169' title='bbox 2167 2423 2230 2484; x_wconf 90' lang='lat' dir='ltr'>S.</span> <span class='ocrx_word' id='word_1_170' title='bbox 2256 2422 2534 2495; x_wconf 82' lang='lat' dir='ltr'>Bavonis‚</span> 
     </span>
     <span class='ocr_line' id='line_1_21' title="bbox 185 2523 2536 2603; baseline -0.001 -16"><span class='ocrx_word' id='word_1_171' title='bbox 185 2524 451 2587; x_wconf 74' lang='lat' dir='ltr'>eiusdem</span> <span class='ocrx_word' id='word_1_172' title='bbox 500 2532 824 2602; x_wconf 84' lang='lat' dir='ltr'>utrumque</span> <span class='ocrx_word' id='word_1_173' title='bbox 867 2529 1001 2585; x_wconf 76' lang='lat' dir='ltr'>cuin</span> <span class='ocrx_word' id='word_1_174' title='bbox 1042 2524 1347 2586; x_wconf 87' lang='lat' dir='ltr'>Puteaneo</span> <span class='ocrx_word' id='word_1_175' title='bbox 1399 2523 1686 2596; x_wconf 79' lang='lat' dir='ltr'>familiae,</span> <span class='ocrx_word' id='word_1_176' title='bbox 1753 2531 2036 2602; x_wconf 82' lang='lat' dir='ltr'>quantum</span> <span class='ocrx_word' id='word_1_177' title='bbox 2095 2542 2169 2585; x_wconf 81' lang='lat' dir='ltr'>ex</span> <span class='ocrx_word' id='word_1_178' title='bbox 2223 2524 2536 2603; x_wconf 85' lang='lat' dir='ltr'>scripturis</span> 
     </span>
     <span class='ocr_line' id='line_1_22' title="bbox 186 2622 2533 2704; baseline 0 -17"><span class='ocrx_word' id='word_1_179' title='bbox 186 2623 319 2687; x_wconf 75' lang='lat' dir='ltr'>inde</span> <span class='ocrx_word' id='word_1_180' title='bbox 363 2625 589 2687; x_wconf 87' lang='lat' dir='ltr'>notatis</span> <span class='ocrx_word' id='word_1_181' title='bbox 636 2623 832 2704; x_wconf 79' lang='lat' dir='ltr'>colligi</span> <span class='ocrx_word' id='word_1_182' title='bbox 875 2622 1041 2700; x_wconf 89' lang='lat' dir='ltr'>licet,</span> <span class='ocrx_word' id='word_1_183' title='bbox 1087 2624 1357 2688; x_wconf 82' lang='lat' dir='ltr'>adhibuit</span> <span class='ocrx_word' id='word_1_184' title='bbox 1400 2634 1526 2688; x_wconf 84' lang='lat' dir='ltr'>tres</span> <span class='ocrx_word' id='word_1_185' title='bbox 1554 2624 1867 2687; x_wconf 77' lang='lat' dir='ltr'>Vaticanus</span> <span class='ocrx_word' id='word_1_186' title='bbox 1911 2626 2009 2702; x_wconf 81' lang='lat' dir='ltr'>(cs.</span> <span class='ocrx_word' id='word_1_187' title='bbox 2040 2625 2359 2688; x_wconf 78' lang='lat' dir='ltr'>Montlauc.</span> <span class='ocrx_word' id='word_1_188' title='bbox 2382 2624 2533 2687; x_wconf 89' lang='lat' dir='ltr'>Bibl.</span> 
     </span>
     <span class='ocr_line' id='line_1_23' title="bbox 185 2724 2534 2805; baseline 0.001 -18"><span class='ocrx_word' id='word_1_189' title='bbox 185 2724 333 2787; x_wconf 85' lang='lat' dir='ltr'>Bibl.</span> <span class='ocrx_word' id='word_1_190' title='bbox 385 2735 537 2788; x_wconf 89' lang='lat' dir='ltr'>tom.</span> <span class='ocrx_word' id='word_1_191' title='bbox 579 2726 628 2787; x_wconf 85' lang='lat'>1.</span> <span class='ocrx_word' id='word_1_192' title='bbox 682 2743 743 2805; x_wconf 89' lang='lat' dir='ltr'>p.</span> <span class='ocrx_word' id='word_1_193' title='bbox 776 2727 940 2803; x_wconf 82' lang='grc'><strong>69.),</strong></span> <span class='ocrx_word' id='word_1_194' title='bbox 1012 2725 1438 2799; x_wconf 71' lang='lat' dir='ltr'>pithoeanum,</span> <span class='ocrx_word' id='word_1_195' title='bbox 1512 2726 1936 2789; x_wconf 75' lang='lat' dir='ltr'>coloniensem</span> <span class='ocrx_word' id='word_1_196' title='bbox 1999 2735 2060 2788; x_wconf 83' lang='lat' dir='ltr'>et</span> <span class='ocrx_word' id='word_1_197' title='bbox 2118 2726 2534 2800; x_wconf 86' lang='lat' dir='ltr'>Leodiensem‚</span> 
     </span>
     <span class='ocr_line' id='line_1_24' title="bbox 192 2823 2536 2907; baseline 0 -20"><span class='ocrx_word' id='word_1_198' title='bbox 192 2825 325 2887; x_wconf 85' lang='lat' dir='ltr'>olim</span> <span class='ocrx_word' id='word_1_199' title='bbox 370 2823 865 2901; x_wconf 85' lang='lat' dir='ltr'>Torrentianum,</span> <span class='ocrx_word' id='word_1_200' title='bbox 932 2827 984 2888; x_wconf 86' lang='lat' dir='ltr'>si</span> <span class='ocrx_word' id='word_1_201' title='bbox 1043 2827 1301 2889; x_wconf 85' lang='lat' dir='ltr'>indiculo</span> <span class='ocrx_word' id='word_1_202' title='bbox 1356 2826 1602 2889; x_wconf 83' lang='lat' dir='ltr'>editioni</span> <span class='ocrx_word' id='word_1_203' title='bbox 1645 2827 2014 2889; x_wconf 82' lang='lat' dir='ltr'>Pamelianae</span> <span class='ocrx_word' id='word_1_204' title='bbox 2065 2828 2332 2907; x_wconf 82' lang='lat' dir='ltr'>praefixo</span> <span class='ocrx_word' id='word_1_205' title='bbox 2383 2828 2536 2888; x_wconf 78' lang='lat' dir='ltr'>fides</span> 
     </span>
     <span class='ocr_line' id='line_1_25' title="bbox 197 2927 2536 3008; baseline 0.001 -22"><span class='ocrx_word' id='word_1_206' title='bbox 197 2935 313 3000; x_wconf 79' lang='lat' dir='ltr'>est3</span> <span class='ocrx_word' id='word_1_207' title='bbox 354 2945 495 2990; x_wconf 80' lang='lat' dir='ltr'>nam</span> <span class='ocrx_word' id='word_1_208' title='bbox 538 2928 604 2990; x_wconf 89' lang='lat' dir='ltr'>in</span> <span class='ocrx_word' id='word_1_209' title='bbox 649 2927 797 3008; x_wconf 85' lang='lat' dir='ltr'>ipsis</span> <span class='ocrx_word' id='word_1_210' title='bbox 837 2927 1077 3006; x_wconf 85' lang='lat' dir='ltr'>quidem</span> <span class='ocrx_word' id='word_1_211' title='bbox 1120 2927 1601 2990; x_wconf 82' lang='lat' dir='ltr'>adnotationibus</span> <span class='ocrx_word' id='word_1_212' title='bbox 1648 2945 1856 2990; x_wconf 87' lang='lat' dir='ltr'>eorum</span> <span class='ocrx_word' id='word_1_213' title='bbox 1900 2945 2121 2989; x_wconf 84' lang='lat' dir='ltr'>nomen</span> <span class='ocrx_word' id='word_1_214' title='bbox 2153 2935 2215 2989; x_wconf 88' lang='lat' dir='ltr'>et</span> <span class='ocrx_word' id='word_1_215' title='bbox 2240 2928 2536 2988; x_wconf 83' lang='lat' dir='ltr'>variantes</span> 
     </span>
     <span class='ocr_line' id='line_1_26' title="bbox 193 3013 2538 3109; baseline 0 -21"><span class='ocrx_word' id='word_1_216' title='bbox 193 3029 409 3090; x_wconf 74' lang='lat' dir='ltr'>frustra</span> <span class='ocrx_word' id='word_1_217' title='bbox 454 3029 1052 3108; x_wconf 73' lang='lat' dir='ltr'>cirmmspectamus,</span> <span class='ocrx_word' id='word_1_218' title='bbox 1096 3046 1208 3090; x_wconf 89' lang='lat' dir='ltr'>nec</span> <span class='ocrx_word' id='word_1_219' title='bbox 1249 3013 1410 3091; x_wconf 78' lang='lat' dir='ltr'>certe</span> <span class='ocrx_word' id='word_1_220' title='bbox 1438 3028 1538 3090; x_wconf 88' lang='lat' dir='ltr'>ille</span> <span class='ocrx_word' id='word_1_221' title='bbox 1567 3047 1754 3108; x_wconf 82' lang='lat' dir='ltr'>quem·</span> <span class='ocrx_word' id='word_1_222' title='bbox 1777 3046 1958 3109; x_wconf 88' lang='lat' dir='ltr'>supra</span> <span class='ocrx_word' id='word_1_223' title='bbox 1989 3027 2283 3107; x_wconf 84' lang='lat' dir='ltr'>descripsi</span> <span class='ocrx_word' id='word_1_224' title='bbox 2304 3027 2538 3090; x_wconf 80' lang='lat' dir='ltr'>Pithoei</span> 
     </span>
     <span class='ocr_line' id='line_1_27' title="bbox 196 3127 2537 3210; baseline 0 -21"><span class='ocrx_word' id='word_1_225' title='bbox 196 3128 372 3190; x_wconf 78' lang='lat' dir='ltr'>codex</span> <span class='ocrx_word' id='word_1_226' title='bbox 414 3129 767 3192; x_wconf 77' lang='lat' dir='ltr'>Tertulliani</span> <span class='ocrx_word' id='word_1_227' title='bbox 820 3130 1007 3192; x_wconf 86' lang='lat' dir='ltr'>libros</span> <span class='ocrx_word' id='word_1_228' title='bbox 1052 3128 1137 3190; x_wconf 88' lang='lat' dir='ltr'>De</span> <span class='ocrx_word' id='word_1_229' title='bbox 1178 3129 1365 3191; x_wconf 84' lang='lat' dir='ltr'>Pallio</span> <span class='ocrx_word' id='word_1_230' title='bbox 1422 3139 1596 3210; x_wconf 84' lang='lat' dir='ltr'>atque</span> <span class='ocrx_word' id='word_1_231' title='bbox 1639 3129 1726 3190; x_wconf 88' lang='lat' dir='ltr'>De</span> <span class='ocrx_word' id='word_1_232' title='bbox 1767 3128 1976 3191; x_wconf 82' lang='lat' dir='ltr'>Anima</span> <span class='ocrx_word' id='word_1_233' title='bbox 2030 3127 2327 3205; x_wconf 77' lang='lat' dir='ltr'>continet,</span> <span class='ocrx_word' id='word_1_234' title='bbox 2386 3145 2537 3207; x_wconf 86' lang='lat' dir='ltr'>quos</span> 
     </span>
     <span class='ocr_line' id='line_1_28' title="bbox 196 3229 2535 3311; baseline 0.001 -22"><span class='ocrx_word' id='word_1_235' title='bbox 196 3237 381 3292; x_wconf 81' lang='lat' dir='ltr'>tamen</span> <span class='ocrx_word' id='word_1_236' title='bbox 422 3231 485 3303; x_wconf 80' lang='lat' dir='ltr'>ei</span> <span class='ocrx_word' id='word_1_237' title='bbox 528 3230 825 3292; x_wconf 83' lang='lat' dir='ltr'>indiculus</span> <span class='ocrx_word' id='word_1_238' title='bbox 868 3230 966 3293; x_wconf 88' lang='lat' dir='ltr'>ille</span> <span class='ocrx_word' id='word_1_239' title='bbox 1010 3229 1351 3292; x_wconf 85' lang='lat' dir='ltr'>contribuit.</span> <span class='ocrx_word' id='word_1_240' title='bbox 1438 3230 1677 3310; x_wconf 86' lang='lat' dir='ltr'>Optime</span> <span class='ocrx_word' id='word_1_241' title='bbox 1718 3239 1859 3311; x_wconf 85' lang='lat' dir='ltr'>post</span> <span class='ocrx_word' id='word_1_242' title='bbox 1898 3230 2223 3292; x_wconf 88' lang='lat' dir='ltr'>Pamelium</span> <span class='ocrx_word' id='word_1_243' title='bbox 2267 3229 2342 3292; x_wconf 86' lang='lat' dir='ltr'>de</span> <span class='ocrx_word' id='word_1_244' title='bbox 2368 3230 2535 3309; x_wconf 86' lang='lat' dir='ltr'>Apo-</span> 
     </span>
     <span class='ocr_line' id='line_1_29' title="bbox 196 3323 2537 3410; baseline -0.001 -16"><span class='ocrx_word' id='word_1_245' title='bbox 196 3327 437 3409; x_wconf 69' lang='lat' dir='ltr'>lugeam</span> <span class='ocrx_word' id='word_1_246' title='bbox 486 3331 705 3392; x_wconf 79' lang='lat' dir='ltr'>meruit</span> <span class='ocrx_word' id='word_1_247' title='bbox 748 3330 985 3393; x_wconf 85' lang='lat' dir='ltr'>demum</span> <span class='ocrx_word' id='word_1_248' title='bbox 1049 3332 1141 3392; x_wconf 83' lang='lat' dir='ltr'>vir</span> <span class='ocrx_word' id='word_1_249' title='bbox 1181 3347 1428 3410; x_wconf 86' lang='lat' dir='ltr'>maguae</span> <span class='ocrx_word' id='word_1_250' title='bbox 1485 3323 1836 3394; x_wconf 75' lang='lat' dir='ltr'>eruditionis</span> <span class='ocrx_word' id='word_1_251' title='bbox 1903 3332 2222 3410; x_wconf 87' lang='lat' dir='ltr'>iudiciique</span> <span class='ocrx_word' id='word_1_252' title='bbox 2276 3330 2537 3393; x_wconf 87' lang='lat' dir='ltr'>sollertia</span> 
     </span>
     <span class='ocr_line' id='line_1_30' title="bbox 194 3430 2535 3514; baseline -0.001 -19"><span class='ocrx_word' id='word_1_253' title='bbox 194 3433 577 3508; x_wconf 56' lang='lat' dir='ltr'>praecelli-,nm</span> <span class='ocrx_word' id='word_1_254' title='bbox 610 3430 953 3495; x_wconf 74' lang='lat' dir='ltr'>Desiderius</span> <span class='ocrx_word' id='word_1_255' title='bbox 1011 3432 1337 3505; x_wconf 78' lang='lat' dir='ltr'>HeralduS,</span> <span class='ocrx_word' id='word_1_256' title='bbox 1384 3433 1595 3495; x_wconf 81' lang='lat' dir='ltr'>‘cuius</span> <span class='ocrx_word' id='word_1_257' title='bbox 1664 3433 1846 3495; x_wconf 89' lang='lat' dir='ltr'>editio</span> <span class='ocrx_word' id='word_1_258' title='bbox 1905 3433 2129 3514; x_wconf 80' lang='lat' dir='ltr'>prodiit</span> <span class='ocrx_word' id='word_1_259' title='bbox 2180 3432 2425 3495; x_wconf 82' lang='lat' dir='ltr'>Parisiis</span> <span class='ocrx_word' id='word_1_260' title='bbox 2482 3450 2535 3494; x_wconf 90' lang='lat' dir='ltr'>a.</span> 
     </span>
     <span class='ocr_line' id='line_1_31' title="bbox 196 3531 2536 3609; baseline 0 -16"><span class='ocrx_word' id='word_1_261' title='bbox 196 3531 534 3606; x_wconf 65' lang='lat' dir='ltr'>nncxm„</span> <span class='ocrx_word' id='word_1_262' title='bbox 605 3532 943 3595; x_wconf 81' lang='lat' dir='ltr'>substructa</span> <span class='ocrx_word' id='word_1_263' title='bbox 987 3534 1335 3595; x_wconf 87' lang='lat' dir='ltr'>auctoritate</span> <span class='ocrx_word' id='word_1_264' title='bbox 1379 3532 1631 3595; x_wconf 88' lang='lat' dir='ltr'>duorum</span> <span class='ocrx_word' id='word_1_265' title='bbox 1687 3534 1957 3596; x_wconf 89' lang='lat' dir='ltr'>codicum</span> <span class='ocrx_word' id='word_1_266' title='bbox 2002 3552 2187 3609; x_wconf 87' lang='lat' dir='ltr'>mss.,</span> <span class='ocrx_word' id='word_1_267' title='bbox 2253 3532 2536 3595; x_wconf 84' lang='lat' dir='ltr'>Puteanei</span> 
     </span>
     <span class='ocr_line' id='line_1_32' title="bbox 192 3631 2538 3714; baseline 0.001 -21"><span class='ocrx_word' id='word_1_268' title='bbox 192 3631 341 3695; x_wconf 62' lang='lat' dir='ltr'>Eius</span> <span class='ocrx_word' id='word_1_269' title='bbox 385 3633 891 3707; x_wconf 84' lang='lat' dir='ltr'>emendatissimi,</span> <span class='ocrx_word' id='word_1_270' title='bbox 938 3643 998 3696; x_wconf 89' lang='lat' dir='ltr'>et</span> <span class='ocrx_word' id='word_1_271' title='bbox 1036 3633 1458 3714; x_wconf 86' lang='lat' dir='ltr'>Bongarsiani,</span> <span class='ocrx_word' id='word_1_272' title='bbox 1525 3635 1626 3713; x_wconf 87' lang='lat' dir='ltr'>qui</span> <span class='ocrx_word' id='word_1_273' title='bbox 1680 3641 1805 3696; x_wconf 86' lang='lat' dir='ltr'>erat</span> <span class='ocrx_word' id='word_1_274' title='bbox 1855 3634 2157 3714; x_wconf 80' lang='lat' dir='ltr'>sequioris</span> <span class='ocrx_word' id='word_1_275' title='bbox 2214 3643 2275 3696; x_wconf 84' lang='lat' dir='ltr'>et</span> <span class='ocrx_word' id='word_1_276' title='bbox 2329 3635 2538 3696; x_wconf 89' lang='lat' dir='ltr'>aetatis</span> 
     </span>
     <span class='ocr_line' id='line_1_33' title="bbox 196 3723 2533 3815; baseline 0.001 -22"><span class='ocrx_word' id='word_1_277' title='bbox 196 3743 245 3793; x_wconf 76' lang='lat' dir='ltr'>et</span> <span class='ocrx_word' id='word_1_278' title='bbox 292 3723 610 3797; x_wconf 65' lang='lat' dir='ltr'>bonitalis.</span> <span class='ocrx_word' id='word_1_279' title='bbox 697 3734 851 3796; x_wconf 78' lang='lat' dir='ltr'>Nihil</span> <span class='ocrx_word' id='word_1_280' title='bbox 908 3744 1113 3798; x_wconf 87' lang='lat' dir='ltr'>contra</span> <span class='ocrx_word' id='word_1_281' title='bbox 1156 3735 1518 3798; x_wconf 86' lang='lat' dir='ltr'>Tertulliano</span> <span class='ocrx_word' id='word_1_282' title='bbox 1574 3735 1872 3815; x_wconf 87' lang='lat' dir='ltr'>praestitit</span> <span class='ocrx_word' id='word_1_283' title='bbox 1928 3753 2108 3815; x_wconf 88' lang='lat' dir='ltr'>opera</span> <span class='ocrx_word' id='word_1_284' title='bbox 2168 3735 2367 3815; x_wconf 86' lang='lat' dir='ltr'>Sigeb.</span> <span class='ocrx_word' id='word_1_285' title='bbox 2409 3734 2533 3796; x_wconf 86' lang='lat' dir='ltr'>Ha-</span> 
     </span>
     <span class='ocr_line' id='line_1_34' title="bbox 196 3833 2536 3916; baseline 0.002 -24"><span class='ocrx_word' id='word_1_286' title='bbox 196 3836 489 3916; x_wconf 73' lang='lat' dir='ltr'>vercampi</span> <span class='ocrx_word' id='word_1_287' title='bbox 552 3836 615 3897; x_wconf 87' lang='lat' dir='ltr'>in</span> <span class='ocrx_word' id='word_1_288' title='bbox 670 3835 1055 3916; x_wconf 80' lang='lat' dir='ltr'>Apologetico</span> <span class='ocrx_word' id='word_1_289' title='bbox 1122 3833 1424 3898; x_wconf 86' lang='lat' dir='ltr'>collocata.</span> <span class='ocrx_word' id='word_1_290' title='bbox 1540 3837 1674 3910; x_wconf 88' lang='lat' dir='ltr'>Vir,</span> <span class='ocrx_word' id='word_1_291' title='bbox 1743 3836 1794 3898; x_wconf 89' lang='lat' dir='ltr'>si</span> <span class='ocrx_word' id='word_1_292' title='bbox 1850 3836 1982 3915; x_wconf 86' lang='lat' dir='ltr'>quis</span> <span class='ocrx_word' id='word_1_293' title='bbox 2043 3836 2242 3909; x_wconf 69' lang='lat' dir='ltr'>alius,</span> <span class='ocrx_word' id='word_1_294' title='bbox 2290 3835 2419 3897; x_wconf 90' lang='lat' dir='ltr'>sani</span> <span class='ocrx_word' id='word_1_295' title='bbox 2474 3836 2536 3896; x_wconf 88' lang='lat' dir='ltr'>in</span> 
     </span>
     <span class='ocr_line' id='line_1_35' title="bbox 196 3936 2534 4017; baseline 0 -22"><span class='ocrx_word' id='word_1_296' title='bbox 196 3937 577 3999; x_wconf 73' lang='lat' dir='ltr'>recensendis</span> <span class='ocrx_word' id='word_1_297' title='bbox 618 3945 883 3999; x_wconf 80' lang='lat' dir='ltr'>veterum</span> <span class='ocrx_word' id='word_1_298' title='bbox 940 3937 1178 4017; x_wconf 89' lang='lat' dir='ltr'>scriptis</span> <span class='ocrx_word' id='word_1_299' title='bbox 1235 3937 1436 3999; x_wconf 81' lang='lat' dir='ltr'>iudicii</span> <span class='ocrx_word' id='word_1_300' title='bbox 1494 3945 1726 4017; x_wconf 81' lang='lat' dir='ltr'>expers</span> <span class='ocrx_word' id='word_1_301' title='bbox 1750 3936 1990 4016; x_wconf 76' lang='lat' dir='ltr'>Afrique</span> <span class='ocrx_word' id='word_1_302' title='bbox 2045 3936 2342 3998; x_wconf 86' lang='lat' dir='ltr'>sermonis</span> <span class='ocrx_word' id='word_1_303' title='bbox 2399 3951 2534 3997; x_wconf 89' lang='lat' dir='ltr'>om-</span> 
     </span>
     <span class='ocr_line' id='line_1_36' title="bbox 194 4037 2537 4118; baseline 0 -21"><span class='ocrx_word' id='word_1_304' title='bbox 194 4037 335 4097; x_wconf 86' lang='lat' dir='ltr'>nino</span> <span class='ocrx_word' id='word_1_305' title='bbox 385 4039 635 4118; x_wconf 73' lang='lat' dir='ltr'>ignarus</span> <span class='ocrx_word' id='word_1_306' title='bbox 694 4055 842 4099; x_wconf 84' lang='lat' dir='ltr'>usus</span> <span class='ocrx_word' id='word_1_307' title='bbox 899 4044 1023 4099; x_wconf 87' lang='lat' dir='ltr'>erat</span> <span class='ocrx_word' id='word_1_308' title='bbox 1080 4038 1283 4100; x_wconf 88' lang='lat' dir='ltr'>codice</span> <span class='ocrx_word' id='word_1_309' title='bbox 1339 4038 1621 4101; x_wconf 86' lang='lat' dir='ltr'>Leidensi</span> <span class='ocrx_word' id='word_1_310' title='bbox 1679 4037 1782 4099; x_wconf 89' lang='lat' dir='ltr'>illo</span> <span class='ocrx_word' id='word_1_311' title='bbox 1839 4037 1939 4117; x_wconf 85' lang='lat' dir='ltr'>qui</span> <span class='ocrx_word' id='word_1_312' title='bbox 2004 4037 2259 4117; x_wconf 86' lang='lat' dir='ltr'>plurima</span> <span class='ocrx_word' id='word_1_313' title='bbox 2317 4037 2537 4115; x_wconf 87' lang='lat' dir='ltr'>scripta</span> 
     </span>
     <span class='ocr_line' id='line_1_37' title="bbox 192 4135 2534 4219; baseline 0.001 -24"><span class='ocrx_word' id='word_1_314' title='bbox 192 4135 537 4201; x_wconf 70' lang='lat' dir='ltr'>Termffiani</span> <span class='ocrx_word' id='word_1_315' title='bbox 584 4137 876 4211; x_wconf 89' lang='lat' dir='ltr'>continet,</span> <span class='ocrx_word' id='word_1_316' title='bbox 952 4147 1011 4200; x_wconf 89' lang='lat' dir='ltr'>et</span> <span class='ocrx_word' id='word_1_317' title='bbox 1054 4139 1324 4218; x_wconf 79' lang='lat' dir='ltr'>exemplo</span> <span class='ocrx_word' id='word_1_318' title='bbox 1367 4139 1564 4219; x_wconf 85' lang='lat' dir='ltr'>aliquo</span> <span class='ocrx_word' id='word_1_319' title='bbox 1610 4138 1752 4200; x_wconf 86' lang='lat' dir='ltr'>edit.</span> <span class='ocrx_word' id='word_1_320' title='bbox 1797 4138 2157 4217; x_wconf 81' lang='lat' dir='ltr'>Rigaltianae</span> <span class='ocrx_word' id='word_1_321' title='bbox 2200 4156 2269 4200; x_wconf 83' lang='lat' dir='ltr'>ex</span> <span class='ocrx_word' id='word_1_322' title='bbox 2314 4137 2534 4198; x_wconf 86' lang='lat' dir='ltr'>biblio-</span> 
     </span>
     <span class='ocr_line' id='line_1_38' title="bbox 192 4236 2534 4320; baseline 0.001 -23"><span class='ocrx_word' id='word_1_323' title='bbox 192 4236 364 4300; x_wconf 71' lang='lat' dir='ltr'>thee·</span> <span class='ocrx_word' id='word_1_324' title='bbox 398 4239 607 4303; x_wconf 84' lang='lat' dir='ltr'>Franc.</span> <span class='ocrx_word' id='word_1_325' title='bbox 652 4239 940 4312; x_wconf 83' lang='lat' dir='ltr'>Fabricii,</span> <span class='ocrx_word' id='word_1_326' title='bbox 998 4240 1168 4301; x_wconf 83' lang='lat' dir='ltr'>cuius</span> <span class='ocrx_word' id='word_1_327' title='bbox 1212 4240 1276 4301; x_wconf 88' lang='lat' dir='ltr'>in</span> <span class='ocrx_word' id='word_1_328' title='bbox 1318 4240 1643 4320; x_wconf 88' lang='lat' dir='ltr'>marginem</span> <span class='ocrx_word' id='word_1_329' title='bbox 1686 4239 1905 4301; x_wconf 87' lang='lat' dir='ltr'>Paulus</span> <span class='ocrx_word' id='word_1_330' title='bbox 1950 4238 2321 4302; x_wconf 84' lang='lat' dir='ltr'>Colomesius</span> <span class='ocrx_word' id='word_1_331' title='bbox 2367 4247 2534 4299; x_wconf 86' lang='lat' dir='ltr'>tran-</span> 
     </span>
     <span class='ocr_line' id='line_1_39' title="bbox 188 4339 2535 4420; baseline -0 -21"><span class='ocrx_word' id='word_1_332' title='bbox 188 4339 501 4418; x_wconf 78' lang='lat' dir='ltr'>scripserat</span> <span class='ocrx_word' id='word_1_333' title='bbox 544 4340 875 4404; x_wconf 76' lang='lat' dir='ltr'>variantem</span> <span class='ocrx_word' id='word_1_334' title='bbox 918 4341 1270 4420; x_wconf 83' lang='lat' dir='ltr'>scripturam</span> <span class='ocrx_word' id='word_1_335' title='bbox 1317 4359 1386 4403; x_wconf 85' lang='lat' dir='ltr'>ex</span> <span class='ocrx_word' id='word_1_336' title='bbox 1433 4340 1636 4403; x_wconf 85' lang='lat' dir='ltr'>codice</span> <span class='ocrx_word' id='word_1_337' title='bbox 1677 4339 2139 4419; x_wconf 83' lang='lat' dir='ltr'>,‚Agobardino“</span> <span class='ocrx_word' id='word_1_338' title='bbox 2183 4339 2386 4401; x_wconf 83' lang='lat' dir='ltr'>nescio</span> <span class='ocrx_word' id='word_1_339' title='bbox 2417 4356 2535 4417; x_wconf 87' lang='lat' dir='ltr'>quo</span> 
     </span>
     <span class='ocr_line' id='line_1_40' title="bbox 190 4438 2533 4522; baseline -0.001 -21"><span class='ocrx_word' id='word_1_340' title='bbox 190 4451 509 4522; x_wconf 78' lang='lat' dir='ltr'>excerptam</span> <span class='ocrx_word' id='word_1_341' title='bbox 568 4444 645 4505; x_wconf 89' lang='lat' dir='ltr'>ab</span> <span class='ocrx_word' id='word_1_342' title='bbox 688 4443 819 4504; x_wconf 82' lang='lat' dir='ltr'>Ios.</span> <span class='ocrx_word' id='word_1_343' title='bbox 864 4441 1145 4504; x_wconf 78' lang='lat' dir='ltr'>Mercero.</span> <span class='ocrx_word' id='word_1_344' title='bbox 1254 4441 1385 4502; x_wconf 86' lang='lat' dir='ltr'>Hoc</span> <span class='ocrx_word' id='word_1_345' title='bbox 1438 4441 1593 4503; x_wconf 90' lang='lat' dir='ltr'>enim</span> <span class='ocrx_word' id='word_1_346' title='bbox 1655 4441 1860 4503; x_wconf 86' lang='lat' dir='ltr'>testari</span> <span class='ocrx_word' id='word_1_347' title='bbox 1915 4442 1997 4503; x_wconf 86' lang='lat' dir='ltr'>ait</span> <span class='ocrx_word' id='word_1_348' title='bbox 2049 4458 2284 4502; x_wconf 89' lang='lat' dir='ltr'>manum</span> <span class='ocrx_word' id='word_1_349' title='bbox 2341 4438 2533 4517; x_wconf 86' lang='lat' dir='ltr'>ipsius</span> 
     </span>
     <span class='ocr_line' id='line_1_41' title="bbox 186 4537 2534 4623; baseline -0.001 -24"><span class='ocrx_word' id='word_1_350' title='bbox 186 4537 495 4606; x_wconf 77' lang='lat' dir='ltr'>Golomesii</span> <span class='ocrx_word' id='word_1_351' title='bbox 558 4546 676 4608; x_wconf 87' lang='lat' dir='ltr'>bac</span> <span class='ocrx_word' id='word_1_352' title='bbox 748 4541 1172 4623; x_wconf 86' lang='lat' dir='ltr'>inscriptione:</span> <span class='ocrx_word' id='word_1_353' title='bbox 1242 4542 1350 4615; x_wconf 89' lang='lat' dir='ltr'>„ln</span> <span class='ocrx_word' id='word_1_354' title='bbox 1409 4544 1673 4621; x_wconf 81' lang='lat' dir='ltr'>margine</span> <span class='ocrx_word' id='word_1_355' title='bbox 1729 4541 1902 4603; x_wconf 89' lang='lat' dir='ltr'>huius</span> <span class='ocrx_word' id='word_1_356' title='bbox 1972 4542 2285 4603; x_wconf 82' lang='lat' dir='ltr'>voluminis</span> <span class='ocrx_word' id='word_1_357' title='bbox 2349 4538 2534 4599; x_wconf 84' lang='lat' dir='ltr'>habos</span> 
     </span>
     <span class='ocr_line' id='line_1_42' title="bbox 192 4637 2534 4723; baseline -0.003 -17"><span class='ocrx_word' id='word_1_358' title='bbox 192 4637 373 4706; x_wconf 68' lang='lat' dir='ltr'>losioe</span> <span class='ocrx_word' id='word_1_359' title='bbox 422 4646 676 4710; x_wconf 70' lang='lat' dir='ltr'>Mei-ceri</span> <span class='ocrx_word' id='word_1_360' title='bbox 740 4651 921 4705; x_wconf 88' lang='lat' dir='ltr'>notas</span> <span class='ocrx_word' id='word_1_361' title='bbox 979 4653 1037 4705; x_wconf 88' lang='lat' dir='ltr'>et</span> <span class='ocrx_word' id='word_1_362' title='bbox 1075 4642 1281 4705; x_wconf 83' lang='lat' dir='ltr'>-varias</span> <span class='ocrx_word' id='word_1_363' title='bbox 1336 4643 1623 4706; x_wconf 85' lang='lat' dir='ltr'>lectiones</span> <span class='ocrx_word' id='word_1_364' title='bbox 1684 4662 1717 4704; x_wconf 87' lang='lat' dir='ltr'>e</span> <span class='ocrx_word' id='word_1_365' title='bbox 1771 4642 1972 4706; x_wconf 87' lang='lat' dir='ltr'>codice</span> <span class='ocrx_word' id='word_1_366' title='bbox 2025 4639 2400 4723; x_wconf 78' lang='lat' dir='ltr'>Agobardino</span> <span class='ocrx_word' id='word_1_367' title='bbox 2460 4637 2534 4699; x_wconf 91' lang='lat' dir='ltr'>ab</span> 
     </span>
    </p>
   </div>
   <div class='ocr_carea' id='block_1_3' title="bbox 3228 1310 3231 1894">
    <p class='ocr_par' dir='ltr' id='par_1_5' title="bbox 3228 1310 3231 1894">
     <span class='ocr_line' id='line_1_43' title="bbox 3228 1310 3231 1894; baseline 0 0"><span class='ocrx_word' id='word_1_368' title='bbox 3228 1310 3231 1894; x_wconf 95' lang='lat' dir='ltr'> </span> 
     </span>
    </p>
   </div>
   <div class='ocr_carea' id='block_1_4' title="bbox 3225 2895 3228 3475">
    <p class='ocr_par' dir='ltr' id='par_1_6' title="bbox 3225 2895 3228 3475">
     <span class='ocr_line' id='line_1_44' title="bbox 3225 2895 3228 3475; baseline 0 0"><span class='ocrx_word' id='word_1_369' title='bbox 3225 2895 3228 3475; x_wconf 95' lang='lat' dir='ltr'> </span> 
     </span>
    </p>
   </div>
  </div>
 </body>
</html>
