3263 5311
795 382 874 427 DE
916 383 1143 428 musmo
1187 382 1480 427 amns
1521 382 1865 428 pneumon.

2386 369 2515 435 875

209 534 340 613 opas
376 530 478 592 dei.
540 531 719 604 Quod
762 533 964 612 opus?
1016 524 1112 595 De·
1146 552 1266 614 quo
1310 535 1424 608 ait,
1467 532 1702 595 Bonum
1746 543 1842 596 est
1883 552 2121 597 carnem
2164 512 2287 598 nan
2333 536 2513 599 edere
2580 490 2589 499 ο

208 640 260 693 et
292 632 466 694 vinum
506 650 629 694 non
671 642 902 712 potare.

203 732 446 813 pitiabilis
486 733 599 805 deo
641 741 857 796 nostro
900 744 1013 798 est.

1004 634 1151 697 Nam
1196 634 1299 714 qui
1343 635 1403 695 in
1447 635 1584 696 istis
1630 635 1845 709 servit,
1910 634 2211 719 placabiffi
2254 645 2317 699 ot
2357 656 2509 717 pm..

1123 734 1378 808 Quidam
1421 735 1611 798 credit
1654 736 1856 797 omnia
1896 737 2302 799 manducan&
2345 732 2781 813 esse‚'¹¹⁰m·1¹V.

203 834 410 914 quidam
437 842 629 896 autem
659 834 932 897 infirmus
961 836 1201 897 ⁴¹³olera
1229 834 1526 911 vescitur3
1571 837 1673 916 qui
1702 836 2046 911 manducat,
2090 856 2169 899 ne
2196 838 2514 903 ‘nullificet

199 954 310 997 non
346 936 797 999 manducantem.
884 936 977 998 Tu
1021 936 1154 1015 quis
1199 955 1299 1010 es,
1357 938 1458 1016 qui
1503 936 2045 1000 alienum-servum
2087 938 2367 1002 iudicas?
2436 941 2514 1003 Et

200 1037 289 1117 qui
325 1037 646 1112 manducat,
693 1045 752 1099 et
794 1037 895 1117 qui
937 1055 1062 1098 non
1104 1037 1451 1111 manducat,
1495 1038 1610 1099 deo
1656 1038 1777 1118 agit
1817 1039 2059 1117 gratias.
2124 1038 2271 1101 Cum
2313 1049 2511 1103 autem

197 1139 425 1200 humano
466 1137 710 1199 arbitrio
752 1138 948 1200 ‘vetet
989 1139 1457 1200 controversiam
1499 1139 1663 1212 fieri,
1736 1136 1958 1219 quanto
2013 1140 2203 1219 magis
2257 1140 2512 1206 divino?

195 1240 269 1300 lta
318 1238 523 1301 sciebat
587 1239 914 1318 quosdam.
933 1240 1319 1319 castigatores
1377 1248 1438 1302 et
1491 1240 1906 1304 interdictores
1959 1240 2148 1303 victas
2214 1242 2509 1319 incusare,

194 1340 282 1419 qui
323 1358 388 1401 ex
426 1340 693 1413 fastidio,
759 1358 883 1402 non
927 1341 1029 1421 qui
1072 1360 1145 1403 ex
1190 1341 1406 1403 officio.
1431 1340 1832 1415 abstinerent,
1898 1340 2157 1421 probare
2208 1361 2353 1404 vero
2410 1346 2511 1424 qui

191 1441 248 1502 in
286 1441 592 1516 honorem,
637 1432 762 1502 non
805 1442 907 1521 qui
952 1442 1014 1502 in
1058 1441 1388 1503 convicium
1432 1442 1742 1505 creatoris.
1800 1442 1879 1503 Et
1918 1443 1974 1503 si
2016 1443 2211 1504 claves
2254 1443 2519 1506 macelli‘

187 1541 284 1603 tibi
323 1541 551 1603 tradidit
591 1543 944 1622 permittens
989 1543 1120 1604 esui
1164 1542 1363 1603 omnia
1408 1543 1479 1604 ad
1525 1542 2002 1605 constituendam
2037 1543 2504 1624 idolothytorum

188 1643 602 1722 exceptionem,
645 1660 770 1705 non
818 1651 1013 1704 tamen
1057 1643 1119 1705 in
1161 1643 1406 1704 macello
1457 1661 1707 1722 regnum
1737 1644 1835 1706 dei
1864 1644 2126 1716 inclusit,
2171 1645 2297 1708 Nec
2323 1647 2821 1728 enim,110m,11v‚1·1,

185 1744 388 1823 inquit,
430 1762 572 1806 esus
616 1752 720 1805 aut
757 1751 937 1825 potus
983 1751 1077 1805 est
1117 1744 1212 1805 dei
1242 1761 1526 1822 regnum,
1573 1753 1665 1818 et,
1709 1744 1862 1807 Esca
1891 1763 2006 1806 nos
2035 1745 2149 1806 deo
2179 1764 2313 1808 non
2334 1765 2504 1809 com-
2527 1754 2817 1811 mor-me-

182 1845 434 1918 mendant,
498 1863 619 1905 non
662 1853 731 1905 ut
769 1845 844 1906 de
898 1843 1062 1906 arida
1117 1843 1339 1906 dictum
1394 1852 1603 1924 putes,
1679 1846 1784 1907 sed
1840 1846 2045 1925 potius
2102 1846 2178 1908 de
2231 1832 2408 1910 uncta
2452 1858 2513 1911 et
2598 1922 2609 1927 -

181 1954 462 2019 accurata,
508 1944 800 2024 siquidem
842 1945 1177 2019 subiciens,
1234 1944 1359 2006 Nec
1402 1945 1454 2006 si
1498 1946 2083 2019 manducaverimus,
2141 1946 2509 2010 ⁷abundabi-

177 2067 335 2120 mus,
393 2065 501 2107 nec
544 2047 596 2107 si
640 2064 761 2106 non
806 2046 1387 2119 manducaverimus,
1445 2046 1823 2121 deficiemus,
1880 2047 1988 2109 tibi
2042 2046 2231 2127 magis
2274 2049 2514 2110 insonat

176 2148 273 2228 qui
316 2148 607 2209 abundare
651 2153 710 2207 te
754 2146 1059 2210 existimas
1103 2148 1157 2208 si
1202 2147 1379 2220 edas,
1426 2154 1485 2208 et
1527 2147 1782 2209 delicere
1824 2148 1875 2209 si
1910 2166 2032 2210 non
2065 2148 2251 2231 edas‚'
2288 2158 2348 2210 et
2375 2149 2511 2210 ideo

171 2250 283 2311 ista
323 2250 628 2310 detractae.
713 2247 1034 2309 Dominum
1078 2266 1316 2327 quoque
1361 2266 1535 2327 quam
1579 2247 1821 2326 indigne
1882 2248 1955 2309 ad
1999 2256 2157 2325 tuam
2199 2248 2505 2313 libidinem

169 2349 574 2430 interpretaris
618 2348 848 2428 passim
901 2349 1352 2410 manducantem
1416 2334 1508 2409 et'
1536 2346 1870 2421 bibentem,
1937 2347 2044 2408 sed
2106 2355 2286 2428 puto,
2352 2350 2513 2428 quod

168 2451 341 2513 etiam
383 2449 698 2512 'ieiunarit
739 2451 841 2528 qui
883 2449 1090 2512 beatos
1135 2467 1257 2511 non
1303 2456 1635 2522 saturatoS‚
1684 2449 1793 2509 sed
1823 2448 2158 2511 esurientes
2202 2456 2264 2510 et
2293 2450 2508 2511 sitien-

161 2563 255 2613 tes
297 2550 723 2631 pronuntiarit,
770 2551 872 2630 qui
916 2570 1112 2614 escam
1156 2550 1572 2631 profitebatur,
1615 2567 1741 2610 non
1780 2567 1959 2629 quam
1989 2549 2268 2630 discipuli
2294 2551 2504 2613 existi-

157 2661 421 2727 marant,
467 2651 574 2714 sed
604 2652 838 2733 paterni
868 2653 1068 2732 operis
1099 2651 1556 2733 perfectionem,
1605 2650 1829 2713 docens
1862 2651 2096 2731 operari
2128 2669 2324 2714 escam
2356 2671 2507 2731 quae

151 2763 467 2835 permanet
509 2754 570 2814 in
613 2753 792 2815 vitam‘
836 2762 1167 2829 aeternam,
1224 2753 1322 2814 ⁹in
1380 2753 1676 2814 ordinaria
1735 2751 1909 2816 etiam
1968 2753 2239 2814 oratione
2292 2772 2508 2833 panem
2585 2751 2747 2804 ΜΨ·

153 2856 446 2917 mandans
502 2855 956 2935 postulandum,
1020 2873 1146 2916 non
1202 2864 1264 2916 et
1308 2853 1634 2915 ¹⁰Attalieas
1680 2852 1937 2914 divitias·

2046 2852 2146 2914 Sic
2203 2862 2263 2915 et
2306 2854 2511 2916 Esaias

2580 786 2748 841 zum..
2812 834 2821 841 .

2533 1537 2554 1582 1
2561 1538 2661 1581 Cor.
2674 1540 2727 1593 X,

2540 1591 2696 1644 zssqq.

2519 2243 2740 2297 Matth.xl‚
2752 2248 2821 2290 to.

2534 2294 2650 2345 iva.
2680 2296 2778 2349 η.

2536 2545 2629 2589 1011.
2650 2546 2792 2597 msa.

2520 2597 2721 2691 ..titt-1
2750 2650 2817 2693 tt.

2533 2701 2616 2741 ies.
2631 2680 2770 2751 tvm,

145 2974 279 3017 non
323 2956 564 3034 negavit
605 2956 779 3017 deum
826 2954 1082 3033 elegisse
1125 2955 1438 3028 ieiunium,
1488 2954 1594 3015 sed
1629 2946 1801 3032 quale
1828 2972 1953 3014 non
1983 2954 2228 3032 elegerit
2256 2973 2504 3026 enume-
2530 2966 2839 3020 tammum„

141 3058 327 3119 ravit.
416 3057 488 3118 ln
531 3055 741 3117 diebus
786 3055 977 3130 enim,
1034 3056 1255 3135 inquit,
1322 3055 1686 3117 ieiuniorum
1738 3062 2075 3116 vestrorum
2132 3055 2511 3119 inveniuntur

145 3157 550 3218 ¹¹voluntates
592 3164 856 3230 vestrae,
925 3165 988 3218 et
1029 3175 1239 3218 omnes
1301 3156 1604 3218 subiectos
1660 3154 1833 3217 vobis
1892 3155 2234 3230 succutitis,
2292 3165 2396 3218 aut
2436 3158 2510 3219 ad

140 3259 422 3320 convicia
483 3266 543 3319 et
593 3258 730 3318 lites
787 3256 1063 3320 ieiunatis
1125 3265 1185 3317 et
1227 3256 1472 3318 caeditis
1527 3257 1765 3336 pugnis.

140 3411 239 3459 ab.
282 3410 422 3460 olera
465 3411 553 3461 CD.
590 3412 709 3461 tiber
746 3410 1003 3460 Clementis.
1084 3409 1218 3460 olere
1253 3410 1340 3461 AB.

1862 3256 1995 3318 Non
2054 3256 2168 3318 tale
2221 3257 2509 3320 ieiunium

1462 3408 1509 3458 5.
1549 3408 1783 3459 nullificet
1821 3409 1905 3459 CD.
1943 3411 2061 3460 liber
2083 3411 2341 3472 Clementis,
2380 3412 2511 3462 Fata.

140 3480 364 3529 Ursinus.
442 3479 635 3529 vilificat
667 3478 753 3528 AB.
844 3476 891 3527 6.
930 3483 1054 3526 vetet
1074 3477 1178 3538 CD„
1215 3479 1475 3538 Ham-isius,
1514 3477 1870 3527 Fulmllrsinus.
1942 3479 2055 3527 vitet
2089 3480 2176 3535 AB,
2269 3478 2318 3529 7.
2357 3480 2515 3529 abun·

141 3546 377 3595 labimus
420 3547 529 3605 CB„
564 3547 822 3595 Han-isius·
893 3544 1237 3594 abundavimus
1274 3546 1359 3595 AB.

1088 3612 1168 3661 10.
1191 3612 1429 3670 ‚Attalicas
1466 3611 1668 3662 divitias.
1722 3612 1805 3662 Sic
1837 3613 1930 3663 AD.
2011 3614 2253 3664 Attalicas.
2307 3614 2389 3664 Sic
2421 3615 2511 3664 Bc.

141 3614 270 3663 iavit
306 3614 406 3662 AB:
511 3613 558 3662 9.
599 3613 890 3662 inordinaria
927 3614 978 3662 A.

140 3681 219 3730 ll.
264 3681 554 3744 voluntates
595 3682 641 3731 G.
711 3679 982 3744 voluptates
1017 3681 1202 3743 reliqui.

144 3795 292 3831 eres.
381 3781 642 3844 Sequioris
691 3782 819 3831 enim
870 3781 968 3831 aevi
1016 3781 1285 3843 scriptores

141 3854 403 3900 Μνησίαν-ε
441 3855 681 3913 usurpant
705 3849 888 3913 passim
911 3863 1002 3913 pro
1029 3850 1287 3898 detractare

141 3917 200 3964 *el
247 3918 540 3966 detrectare.
611 3916 710 3966 Vet.
749 3917 909 3967 Gloss.
949 3917 995 3964 in
1022 3913 1112 3964 Mai
1134 3917 1284 3965 Aactt.

140 3986 297 4033 nass.
355 3992 484 4032 tom.
516 3983 586 4031 Vl.
639 3983 812 4048 p.520
869 3984 1160 4044 „Dav-aetat,
1211 3997 1287 4033 re·

140 4056 325 4110 ructat,
367 4050 624 4100 rectumst
677 4051 837 4102 Gloss.
876 4050 1122 4100 Philoxeni
1160 4051 1289 4109 „Re-

140 4125 332 4178 motus,
407 4111 714 4184 διαλογίζῃ,
773 4108 1067 4182 ἀναβάλλῃ.
1124 4111 1288 4164 ἄεισι·

140 4180 457 4248 tamarae,
502 4176 864 4251 dvaloylcyss‘
920 4186 1002 4236 Sic
1021 4186 1081 4234 fr.
1102 4183 1179 4233 13.
1212 4199 1287 4248 pr.

147 4268 178 4301 e
223 4255 420 4302 Aecus.
462 4252 605 4312 48,2
642 4253 770 4312 „Qui
807 4253 1105 4316 reipublicae
1142 4266 1286 4301 causa

141 4320 377 4378 brnen-it,
434 4320 554 4368 dum
595 4335 691 4370 non
726 4322 1048 4371 retractandae
1082 4320 1165 4378 (al.
1206 4321 1288 4369 de-

140 4389 442 4444 ·ectaemdae)
482 4388 606 4448 legis
642 4401 788 4436 causa
824 4387 1012 4437 abest.“
1086 4386 1288 4436 Tertull.

140 4454 342 4518 polog.
392 4454 586 4517 cap.2l
625 4454 933 4513 „fortassean
971 4455 1064 4504 boc
1093 4454 1292 4511 nomine

140 4538 166 4570 e
233 4528 388 4569 statu
454 4522 564 4570 eius
614 4519 928 4572 ’'cerastem“
987 4528 1095 4571 cett.
1165 4520 1287 4570 lbid.

141 4603 231 4653 ip.
272 4586 354 4637 39
415 4588 524 4650 „de
569 4588 678 4638 solo
728 4588 935 4654 triclinio
985 4588 1289 4640 Christiano·

1466 3543 1514 3594 8.
1549 3544 1777 3594 ieiunarit
1814 3545 1899 3595 CD.
1926 3546 2044 3596 liber
2064 3545 2320 3598 Clementis.
2388 3547 2514 3596 ieiu-

1389 3793 1496 3829 rum
1533 3777 1854 3829 retractatur“
1889 3786 2001 3829 cett.
2083 3780 2156 3829 CI.
2177 3778 2290 3829 ibid.
2328 3781 2516 3844 cappa}

1389 3855 1437 3896 et
1467 3846 1545 3895 11.
1616 3845 1857 3895 videndas
1907 3854 1982 3894 est
2028 3844 2088 3894 de
2124 3848 2217 3896 boc
2249 3847 2513 3897 vocabulo·

1387 3927 1495 3963 rum
1529 3920 1781 3963 retractare
1816 3920 1864 3961 et
1897 3919 2172 3964 retractator
2208 3927 2298 3962 usu
2336 3922 2383 3962 et
2400 3915 2513 3964 Sal·

1390 3981 1573 4097 masgus
1621 3980 1681 4030 sd
1719 3980 1916 4044 Scriptt.
1956 3981 2075 4029 Hist.
2110 3983 2227 4043 Aug.
2262 3995 2312 4044 p.
2336 3980 2419 4030 31.
2468 3990 2516 4032 et

1391 4063 1422 4112 p
1459 4116 1495 4166 s.
1532 4109 1751 4179 macelli]

1390 4197 1561 4247 aymus
1599 4182 1631 4232 l.
1653 4183 1684 4232 Ι.
1724 4181 1861 4243 „Nec
1900 4183 2093 4241 mirum,
2130 4183 2172 4231 si
2209 4197 2353 4232 omns
2384 4183 2515 4247 quod

1391 4252 1440 4299 in
1478 4250 1686 4300 macello
1738 4249 1957 4299 venditur
2005 4249 2258 4313 apostolus
2307 4251 2401 4299 emi
2438 4250 2517 4299 iu-

1387 4316 1500 4367 beat
1536 4325 1585 4366 et
1619 4315 1824 4377 comedi,
1880 4332 1987 4367 cum
2038 4317 2311 4366 idololatris
2347 4324 2394 4364 et
2428 4317 2517 4366 ad-

1391 4385 1487 4434 buc
1539 4384 1809 4446 intemplo
1862 4384 2107 4434 idolorum
2162 4384 2298 4446 quasi
2354 4382 2516 4433 idolo·

1389 4452 1519 4514 thyts
1544 4452 1866 4510 vescentibus,
1900 4466 1992 4515 pro
2015 4465 2202 4499 summa
2228 4450 2517 4499 abuinentia

1389 4519 1537 4568 suerit
1599 4517 1719 4569 cibis
1783 4524 1967 4567 tantum
2046 4517 2291 4567 abstinere
2359 4517 2518 4579 genti-

1389 4584 1561 4635 lium.“

1788 4114 1848 4163 Et
1881 4114 1961 4164 bic
1997 4115 2209 4164 imitatus
2238 4123 2314 4165 est
2340 4116 2514 4166 Hiero·
2557 4163 2568 4169 -
