3263 5311
1148 406 1622 451 aromaca-mnu.
2442 394 2567 459 281

207 557 362 637 quit,
411 566 474 618 et
515 555 860 637 philosophi
889 555 1190 619 ¹⁰monent
1222 556 1260 589 ¹¹
1276 564 1476 637 atque·
1501 558 1875 637 profitentur,
1920 558 2340 634 innocentiam,
2387 560 2567 625 iusti-

209 658 382 731 tiam,
429 657 808 737 patientiam,
851 656 1239 720 sobrietatem
1255 703 1271 732 ,
1315 657 1678 738 pudicitiam.
1787 658 1907 721 Cur
1949 677 2091 740 crgo
2136 659 2351 740 quibus
2395 679 2567 724 com-

207 776 494 841 paremur
535 758 612 820 de
651 757 999 839 disciplina,
1044 758 1224 821 ¹'nou
1259 758 1513 843 proinde
1541 759 1659 822 illis
1689 754 2084 840 adaequamur
2114 759 2242 823 ”ad
2269 760 2567 826 licentiam

210 860 745 940 impunitatemque
788 858 1181 940 disciplinae?
1221 860 1315 922 vel
1359 870 1570 925 curet
1610 860 1779 936 uilli,
1825 869 1893 924 ut
1933 880 2108 943 pares
2153 862 2382 939 nostri,
2439 882 2563 928 non

205 970 498 1042 urgentur
539 960 614 1022 ad
677 960 869 1023 officia
913 960 957 995 ¹⁸
969 978 1122 1041 qnae
1177 979 1296 1024 uos
1351 980 1474 1024 non
1531 962 1824 1025 obeuntes
1880 962 2326 1044 periclitamur?
2415 965 2569 1038 Quis

212 1065 374 1125 enim
438 1061 864 1143 philosophum
930 1062 1262 1126 sacrificare
1327 1072 1428 1127 aut
1490 1062 1758 1126 deierare
1819 1072 1923 1127 aut
1981 1064 2253 1129 lucernas
2317 1066 2565 1129 meridie
2605 1110 2617 1121 .

210 1163 451 1225 ²⁸*vanas
492 1160 795 1243 proterre¹
835 1161 1190 1244 conpellit‘P·
1249 1164 1595 1238 Quinimmo
1640 1172 1703 1226 et
1744 1164 1891 1227 deos
1935 1174 2171 1228 vestros
2215 1166 2406 1246 palam
2448 1166 2561 1230 de-

209 1272 453 1326 struunt
507 1273 568 1325 et
609 1264 652 1297 ¹¹¹
667 1264 1130 1344 superstitiones
1183 1273 1414 1328 vestras
1477 1266 1937 1328 commentariis·
1985 1285 2223 1347 quoque
2285 1277 2567 1331 accusant

204 1363 584 1427 laudantibus
627 1363 820 1427 vohis.
909 1365 1183 1455 Plerique
1228 1366 1459 1429 ¹⁸etiam
1501 1367 1565 1429 in
1607 1367 1911 1449 principes
1954 1368 2207 1431 latrant⁸
2250 1369 2561 1433 sustinen-
2654 1386 2665 1395 ·

207 1466 370 1528 tibus
433 1464 648 1539 vohis,
715 1475 777 1528 et
815 1466 1045 1529 facilius
1101 1468 1314 1531 statuis
1359 1476 1420 1531 et
1461 1467 1505 1502 ¹⁹
1519 1468 1749 1531 salariis
1793 1469 2342 1533 ”remunerantur-¹·
2386 1489 2559 1552 quam

207 1566 342 1629 ²¹ud
381 1566 608 1629 bestias
652 1568 1134 1646 pronuntiantur.
1239 1568 1360 1631 Sed
1423 1570 1661 1632 merito.
1702 1602 1725 1611 ·-
1759 1569 2167 1651 ”Philosophi
2220 1572 2379 1635 enim
2434 1591 2560 1635 non

206 1667 527 1730 Christiani
572 1668 1083 1747 cognominatur.
1183 1668 1471 1732 ¹'Nomen
1524 1671 1642 1747 hoc
1696 1670 2192 1752 philosophorum
2248 1673 2558 1736 daemonia

205 1786 334 1830 non
376 1767 614 1847 '‘fugat.
702 1768 1030 1842 ”Quidni‘t
1094 1788 1230 1832 cum
1276 1771 1600 1833 secuudum
1646 1772 1793 1834 deos
1846 1771 2191 1853 philosophi
2235 1773 2555 1837 daemonas

204 1868 591 1949 ”deputenti
682 1871 944 1932 Socratis
987 1890 1102 1932 vox
1147 1879 1270 1932 est:
1317 1871 1378 1933 Si
1410 1872 1787 1936 daemonium
1816 1871 2178 1953 permittatk.
2250 1874 2415 1937 Idem
2442 1874 2560 1938 ”et

207 1988 333 2032 cum
379 1970 601 2051 aliquid
645 1970 720 2033 de
762 1972 1006 2033 veritate
1047 1971 1375 2053 ¹'sapiebat
1416 1971 1563 2036 deos
1624 1992 1883 2053 negans,
1948 1974 2298 2055 Aesculapio
2359 1983 2557 2040 tamen

204 2069 641 2153 ”gallinaceum
683 2071 1080 2153 ”prosecat-N
1123 2074 1238 2135 iam
1284 2074 1346 2135 in
1389 2074 1507 2135 fine
1546 2072 1588 2106 ⁸¹
1605 2073 1874 2149 iubebat,
1922 2075 2097 2137 credo
2144 2075 2221 2136 ob
2265 2077 2556 2139 honorem

210 2224 286 2273 to.
324 2232 522 2274 manent
569 2224 623 2275 Ε.
659 2224 834 2289 Effert.
887 2244 894 2253 ·
968 2226 1048 2276 11.
1097 2233 1239 2290 atque
1283 2226 1466 2291 ABEGI.
1521 2227 1670 2276 Oxou.
1704 2228 1879 2292 Erfurt.
1927 2229 2132 2279 Amin-os.
2222 2237 2269 2279 et
2315 2230 2591 2283 DFobcde.'

211 2292 401 2342 Vindob.
517 2291 600 2342 12.
646 2307 743 2343 non
792 2294 926 2354 (num
963 2294 1017 2343 Ε.
1051 2293 1223 2357 Erfurt.
1264 2293 1432 2353 Oxou.)
1479 2294 1685 2357 proinde
1733 2294 1832 2344 illis
1875 2296 2076 2346 ABEFG.
2121 2296 2309 2346 Vindob.
2345 2300 2553 2351 Ambrae.

212 2358 360 2408 oxon.
395 2360 563 2422 Erfurt.
667 2360 872 2424 proinde
917 2360 1138 2425 (perinde
1176 2358 1235 2421 c.)
1283 2360 1380 2410 illis
1428 2374 1524 2410 non
1572 2361 1772 2413 Dubcde.
1807 2362 1998 2412 Havete.
2103 2377 2198 2412 non
2248 2364 2451 2427 proinde
2487 2362 2552 2431 λῙ.

211 2424 293 2474 13.
327 2424 564 2488 diligentia
600 2428 867 2493 (Scioppius
884 2430 1057 2478 emend.
1085 2427 1143 2477 de
1176 2428 1386 2488 licentia)
1425 2436 1472 2478 et
1506 2429 1806 2479 immunitate
1841 2430 2125 2494 disciplinae
2159 2426 2204 2478 λ.
2320 2432 2397 2482 14.
2434 2433 2555 2485 iilud

207 2506 350 2556 pares
383 2488 429 2539 2.
540 2494 616 2544 15.
656 2510 779 2559 quae
817 2509 906 2544 nos
941 2497 1178 2546 obeuntes
1215 2496 1299 2546 Da.
1370 2510 1492 2561 quae
1529 2510 1624 2544 uon
1664 2497 1900 2547 obeuntes
1935 2514 1975 2549 c.
2084 2496 2161 2547 16.
2200 2513 2342 2548 vanas
2370 2504 2554 2564 prosti-

205 2567 340 2610 tuere
375 2561 604 2624 conpellit
634 2556 700 2626 λῙ.
717 2562 906 2613 flavere.
976 2577 1120 2613 vanas
1159 2563 1286 2612 terre
1324 2562 1616 2628 conpellitur
1655 2564 1704 2614 G.
1812 2564 1891 2614 17.
1929 2567 2298 2629 superstitiones
2337 2568 2554 2629 publicas

209 2630 560 2680 commentariis
594 2625 640 2678 λ.
765 2628 842 2681 18.
895 2631 1037 2681 etiarn
1075 2630 1318 2695 principes
1356 2631 1531 2681 latrant
1574 2632 1793 2683 Burthius
1841 2633 1903 2683 ad
1938 2634 2135 2684 Statium
2173 2641 2280 2684 tom.
2308 2635 2363 2685 11.
2397 2652 2443 2698 p.
2468 2635 2551 2688 88.

211 2695 290 2746 19.
322 2698 514 2747 solariis
561 2699 611 2748 G.
649 2698 849 2762 Lipsius.
933 2698 1178 2748 salutariis
1215 2715 1254 2748 c.
1336 2699 1575 2748 salaribus
1611 2701 1664 2749 F.
1707 2700 1895 2751 Vindob.
2037 2700 2117 2750 20.
2169 2702 2467 2752 honorantur
2500 2705 2552 2753 F.

206 2779 270 2879 {¹²5
298 2764 903 2896 tntsssssz‘lnzittzss.
919 2773 1268 2884 ΡὲὙἛὶῖἓῖἷῐ..
1289 2766 1394 2883 ῗῗῖ.
1421 2767 1474 2816 ¹²
1499 2765 2364 2896 ..22¹..5‘22225332335'J‘'¹355ss
2403 2770 2553 2905 ⁰²33:

207 2896 514 2961 philosophi:
550 2915 643 2950 non
681 2901 808 2950 enim
845 2901 984 2951 Dabc.
1102 2900 1183 2949 23.
1235 2900 1418 2949 Nomen
1471 2901 1598 2949 enim
1647 2900 2049 2963 philosophorum
2088 2901 2141 2950 Ε.
2179 2902 2352 2965 Erfurt.
2469 2901 2551 2954 24.

209 2964 398 3026 fugiunt
430 2961 475 3011 λ.
563 2966 644 3015 25.
678 2968 851 3027 Quidni
873 2981 967 3018 nou
988 2969 1251 3018 secundum
1286 2970 1335 3017 G.
1407 2968 1580 3026 Quidni
1619 2981 1728 3016 cum
1765 2969 1906 3017 etiam
1945 2969 1995 3017 F.
2092 2967 2176 3017 26.
2214 2967 2443 3031 deputant
2478 2972 2550 3020 cd.

205 3030 289 3081 27.
341 3040 389 3082 et
437 3034 516 3097 qui
550 3034 723 3098 aliquid
760 3031 805 3081 λ.
926 3034 1006 3085 28.
1044 3037 1200 3099 sapiat
1237 3052 1306 3084 ac.
1423 3034 1504 3084 29.
1542 3034 1860 3097 gallinaceum
1909 3050 1997 3085 om.
2035 3036 2086 3084 F.
2130 3036 2320 3084 Vindob.
2407 3036 2550 3099 galli-

208 3098 387 3149 natinm
424 3102 512 3150 AG.
616 3100 695 3152 30.
734 3103 1007 3167 prosecrari
1045 3104 1097 3153 F.
1140 3103 1330 3156 Vindob-
1433 3101 1517 3152 31.
1554 3100 1810 3152 mandabat
1844 3095 1890 3148 λ.

203 3202 593 3253 criminationes:
647 3195 903 3268 „wc-ptr
945 3198 1036 3251 καὶ
1068 3202 1185 3256 nas·
1219 3197 1322 3250 τὸν
1425 3210 1520 3253 tem
1559 3202 1703 3252 etiam
1740 3203 1906 3252 nescio
1942 3202 2075 3265 quid,
2111 3202 2228 3252 satis
2267 3203 2432 3254 habuit
2468 3220 2550 3254 ca-

201 3258 397 3327 &sacar
447 3265 625 3318 τόπον
672 3264 846 3320 οἴεται
878 3266 1186 3334 διαβαλεῖν,
1244 3269 1322 3335 τῷ
1423 3283 1534 3322 nem
1573 3268 1878 3333 appellare.“
1914 3269 2153 3328 (Herald.)

199 3333 380 3385 κοινὸν
418 3324 562 3385 εἶναι
592 3332 858 3405 καὶπρὸς
905 3332 1033 3391 τοὺς
1067 3327 1323 3395 ἀλλήλους·
1495 3338 1541 3386 h.
1590 3338 1789 3386 salariis'
1834 3333 2229 3402 remunerantur]
2288 3339 2360 3388 Cf.
2413 3338 2549 3401 Dios.

199 3399 402 3468 φιλοσὸ
457 3418 552 3457 ους·
586 3397 661 3458 ὥς
696 3396 759 3454 οὔ
782 3398 986 3471 σεμνόν
1020 3419 1074 3453 τι
1095 3400 1187 3452 καὶ
1208 3419 1322 3453 και·
1425 3406 1580 3455 Laert-
1631 3406 1685 3464 X,
1722 3404 1771 3454 9.
1820 3405 2014 3454 Lucian.
2066 3406 2280 3456 Eunuch.
2335 3421 2444 3469 cap.
2483 3405 2551 3468 3.,

194 3465 290 3519 νὸν
428 3472 603 3538 difflua.
629 3478 670 3501 “
738 3475 865 3523 Sane
913 3473 1172 3524 Christiani
1228 3474 1320 3536 ipsi
1425 3473 1703 3521 Philostrat.
1728 3472 1835 3521 viu.
1857 3472 2074 3534 Sophisl.
2112 3472 2148 3530 Ι,
2184 3471 2234 3532 8,
2272 3472 2319 3521 2.
2361 3489 2407 3536 p.
2431 3472 2549 3523 490.

193 3554 295 3590 cum
331 3543 467 3592 ritae
515 3555 634 3590 suae
668 3554 821 3602 genus
870 3549 1051 3591 sectam
1103 3539 1323 3604 appelln—
1427 3540 1502 3588 ed.
1557 3539 1747 3597 Olear„
1802 3539 1988 3588 Tatian.
2038 3540 2168 3589 Orat.
2227 3540 2284 3589 ad
2340 3541 2552 3592 Graecos

189 3605 438 3674 πίας-ηιμ
462 3622 580 3657 voce
619 3608 712 3657 hoc
747 3608 856 3659 loco
893 3609 1042 3672 utitur
1066 3608 1325 3657 Tertullin-
1428 3622 1532 3670 cap.
1571 3604 1653 3654 32.
1692 3606 1782 3656 lul.
1821 3605 2078 3670 capitolin.
2116 3607 2205 3655 vit.
2240 3608 2462 3658 Antonini
2500 3623 2552 3672 p.

191 3687 292 3735 nus,
326 3685 376 3726 et
418 3675 533 3726 aliis
568 3675 785 3733 infinitis,
820 3676 1040 3724 videntur
1075 3675 1187 3725 hnic
1214 3676 1324 3737 opi-
1429 3673 1511 3724 21.
1547 3673 1601 3723 C.
1640 3673 1715 3723 ed.
1753 3673 1989 3732 Salmas„
2039 3674 2096 3722 ad
2147 3674 2282 3722 cuius
2330 3675 2470 3723 verba
2507 3689 2551 3723 v.

193 3741 319 3793 uioni
355 3744 531 3794 locum
568 3742 780 3791 dedisse.
813 3742 1054 3804 (Herald.)
1427 3740 1654 3790 salmasii
1687 3740 1850 3790 adnot.
1874 3756 1923 3803 p.
1948 3740 2029 3789 72.
2064 3749 2110 3789 et
2142 3740 2413 3789 Caoauboni
2440 3754 2550 3803 pag.

1428 3807 1509 3857 76.
1557 3808 1807 3857 Socratem
1856 3815 2011 3856 statua
2062 3808 2348 3855 honoratum
2397 3807 2551 3856 ruisse

1427 3875 1635 3936 legimus
1671 3888 1817 3936 supra
1856 3889 1962 3937 cap.
2002 3873 2080 3922 14.

1494 3942 1525 3991 i.
1563 3937 1781 3999 Quidni?
1834 3955 1942 3990 cum
1979 3938 2243 3990 secundnm
2282 3939 2401 3991 deos
2436 3941 2550 4004 phi-

1424 4007 1618 4072 losophi
1656 4007 1918 4057 daemonas
1953 4001 2226 4072 deputent]
2248 4007 2393 4057 -Cum
2431 4008 2550 4059 deos

1423 4077 1578 4141 ipsos,
1597 4076 1770 4140 inquit,
1785 4075 1921 4125 coelo
1937 4074 2136 4139 pellant,
2151 4075 2261 4124 dnm
2278 4075 2551 4138 destruunt,

1424 4144 1538 4208 quid
1567 4142 1785 4192 iidem2ni
1812 4150 2015 4207 possunt
2052 4142 2338 4206 corporibus
2365 4143 2551 4207 pellere

246 4227 292 4274 g.
328 4215 481 4264 etiam
525 4212 572 4261 in
609 4210 855 4276 principes
903 4206 1103 4276 latrant}
1157 4211 1321 4260 Philo-
1422 4212 1704 4268 daemonas,
1740 4225 1865 4276 quos
1899 4210 2119 4275 proximo
2149 4209 2257 4261 loco
2293 4218 2406 4275 post
2431 4211 2550 4261 deos

185 4281 460 4344 sophorum
483 4280 789 4329 contumacia
807 4279 1030 4343 pluribus
1048 4286 1209 4328 notata
1230 4287 1321 4327 est.
1424 4274 1722 4329 recensent?
2521 4292 2530 4300 ·

183 4344 288 4399 Rue
317 4358 492 4400 antem
529 4346 731 4397 omnino
761 4346 967 4410 pertinet
999 4346 1128 4409 quod
1153 4345 1323 4396 scribit
1491 4344 1538 4395 k.
1574 4346 1624 4395 Si
1663 4345 1970 4395 daemonium
2008 4341 2293 4411 permittat]
2352 4345 2426 4396 ct.
2464 4360 2550 4396 su-

182 4412 448 4466 Snetonins
470 4414 836 4478 invespasiano
858 4408 989 4478 [cap.
1017 4410 1151 4476 13.];
1188 4413 1321 4474 „De-
1423 4427 1514 4477 pra
1549 4427 1655 4477 cap.
1693 4411 1776 4461 22.
1813 4420 1862 4461 et
1895 4411 1964 4461 De
1988 4412 2156 4461 Anima
2192 4428 2303 4480 cap.
2331 4412 2377 4466 t.
2414 4413 2549 4462 Pluto

185 4485 410 4545 mettium
432 4483 670 4545 cynicum
707 4481 756 4530 iu
791 4481 963 4531 itinere
1000 4480 1193 4530 obvium
1227 4480 1322 4529 sihi
1421 4479 1563 4544 Apol.
1598 4494 1648 4542 p.
1687 4478 1771 4528 31.
1818 4478 1873 4529 D.
1926 4478 2129 4530 Phaedr.
2176 4494 2225 4544 p.
2273 4478 2390 4528 242.
2439 4491 2548 4529 cnm

181 4558 288 4611 post
339 4550 712 4600 damnationem
762 4562 820 4598 ac
853 4562 1010 4612 neque
1063 4560 1321 4609 assurgere
1426 4548 1654 4610 inter-prr.
1692 4545 1792 4596 Cic.
1829 4546 1890 4595 de
1925 4545 2078 4596 Divin.
2117 4545 2155 4604 l,
2192 4545 2275 4594 54.

185 4628 336 4682 neque
371 4616 595 4668 salutare
621 4613 688 4667 'se
724 4615 1018 4678 dignantem,
1069 4613 1319 4666 ohlatran-
1491 4614 1525 4663 1.
1559 4608 1834 4679 prosecari]
1872 4613 1945 4665 cf.
1966 4612 2027 4663 de
2055 4613 2150 4663 hoc
2176 4625 2427 4663 sacrorum
2461 4626 2549 4662 vo·

253 3843 286 3893 ῐ.
304 3853 385 3894 aut
407 3844 647 3894 lucernas
674 3841 873 3892 meridie
903 3857 1045 3892 vanas
1079 3838 1323 3906 proferre]

189 3908 326 3960 Recte
361 3912 428 3960 La
461 3909 656 3960 Cerda:
695 3910 1064 3960 Romosissimas
1099 3909 1324 3958 lucernas

188 3990 432 4040 apponere
476 3983 529 4025 et
575 3975 902 4037 clarissimas,
949 3978 1011 4027 ita
1050 3985 1100 4026 ut
1136 3983 1181 4026 et
1217 3976 1321 4025 dies

186 4043 481 4108 infringatur
521 4051 568 4093 et
603 4043 746 4094 veluti
782 4044 1064 4094 claritudine
1100 4058 1186 4092 sua
1223 4058 1321 4092 non

186 4120 415 4176 appareat
434 4110 569 4162 solis
593 4111 772 4173 fulgor.
810 4113 883 4161 Cr.
920 4109 1070 4176 supra
1108 4125 1213 4175 cap.
1239 4109 1320 4160 35.
