3263 5311
1093 478 1172 524 nr.
1215 477 1530 522 runiciru.
2362 458 2482 526 831

173 628 620 710 disciplinam,
687 634 938 708 propter
990 646 1143 707 quos
1198 626 1534 690 laborantes
1575 627 1642 689 in
1682 627 1814 706 lege
1858 626 1899 659 ¹⁷
1913 626 2148 689 miserit
2188 627 2336 690 deus
2377 645 2488 707 per
2512 637 2768 692 Rom-vm,

173 747 383 794 carnem
423 728 611 791 fflium
652 745 828 790 suum
867 729 931 789 in
979 726 1420 791 ¹‘similitudine
1462 727 1663 790 carnis
1705 726 2173 807 delinquentiae,
2235 734 2297 790 et
2335 745 2484 807 pro-
2537 689 2656 732 θ’θ’
2674 691 2739 733 ¹³‘

169 839 290 912 pter
326 828 777 912 delinquentiam
820 828 1186 892 dmnaverit
1227 828 1687 909 delinquentiam
1728 828 1792 889 in
1820 843 2028 902 carne,
2074 827 2162 890 uti
2191 827 2286 891 ius
2314 828 2488 907 legis,

171 931 374 1011 inquit,
429 929 776 1009 impleretur
816 929 881 990 in
922 929 1134 1005 nobis,
1199 929 1302 1011 qui
1346 949 1469 992 non
1511 928 1840 993 secundum
1894 946 2162 1005 carnem,
2230 929 2338 991 sed
2382 949 2488 992 se-

171 1031 403 1096 cundum
447 1030 723 1111 spiritum
766 1029 1118 1093 incedimus.
1194 1030 1312 1104 Qui
1354 1031 1511 1094 enim
1554 1030 1878 1092 secundum
1923 1049 2159 1093 carnem
2189 1030 2492 1107 incedunt,

171 1153 238 1196 ea
274 1152 412 1214 quae
453 1132 647 1195 carnis
693 1138 836 1194 sunt
878 1133 1147 1211 sapiunt,
1216 1139 1275 1194 et
1326 1133 1426 1211 qui
1472 1131 1797 1193 secundum
1854 1131 2162 1212 spiritum,
2226 1150 2296 1194 ea
2338 1149 2491 1213 quae

170 1243 300 1297 sunt
335 1233 591 1313 spiritus.
675 1232 934 1296 Sensum
978 1241 1174 1295 autem
1217 1233 1410 1295 carnis
1453 1242 1708 1296 mortem
1760 1232 2090 1294 adfirmavit
2140 1251 2311 1307 esse3
2378 1232 2487 1293 de-

167 1334 298 1397 hinc
332 1343 389 1397 et
415 1332 811 1408 inimicitiam,
858 1342 920 1395 et
946 1334 1010 1396 in
1041 1334 1303 1410 ¹⁹deum,
1332 1342 1411 1397 ,et
1453 1353 1560 1396 eos
1604 1334 1708 1413 qui
1751 1342 1894 1395 sunt
1934 1333 1995 1394 in
2040 1351 2247 1408 carne,
2290 1334 2352 1396 id
2397 1340 2492 1396 est

167 1438 228 1498 in
265 1454 436 1498 sensu
478 1434 704 1506 carnis,
762 1434 875 1496 deo
918 1434 1152 1515 placere
1192 1454 1316 1497 non
1359 1453 1573 1515 posse:
1630 1443 1717 1508 et,
1776 1435 1839 1498 Si
1884 1434 2210 1497 secundum
2251 1451 2491 1496 carnem

167 1536 373 1610 vivitis,
415 1534 639 1614 inquit,
683 1536 945 1598 futurum
990 1544 1086 1598 est
1125 1545 1194 1598 ut
1233 1537 1591 1598 moriamini.
1652 1536 1810 1609 Quid
1854 1543 2050 1598 autem
2093 1534 2491 1614 intellegimus

167 1637 348 1700 carnis
387 1654 632 1698 sensum
675 1644 734 1698 et
775 1638 968 1699 carnis
1012 1637 1219 1712 vitam,
1263 1637 1385 1699 nisi
1427 1638 1821 1716 quodcunque
1849 1637 2032 1716 pudet
2058 1634 2493 1716 pronuntiare?

167 1738 357 1801 Cetera
397 1736 556 1798 euim
599 1737 794 1800 carnis
839 1747 900 1799 et
939 1737 1249 1818 apostolus
1293 1738 1681 1800 nominasset.
1783 1738 2046 1799 Proinde
2101 1746 2163 1799 et
2212 1736 2491 1817 Ephesiis

166 1839 398 1921 pristina
439 1845 722 1918 reputans
780 1838 853 1899 de
909 1839 1110 1901 futuro
1169 1845 1403 1900 monet:
1469 1839 1536 1899 In
1592 1838 1811 1917 quibus
1869 1849 1930 1899 et
1982 1855 2094 1899 nos
2155 1835 2489 1899 conversati
2516 1849 2742 1905 sputus.

170 1952 400 2013 sumus,
461 1940 745 2001 facientes
799 1940 1307 2020 concupiscentias
1366 1948 1424 2001 et
1466 1938 1887 2019 ¹⁹¹>voluptates
1942 1938 2159 2000 carnis.
2266 1936 2493 1999 Notans

167 2042 407 2122 denique
449 2039 585 2102 illos
631 2040 731 2119 qui
776 2058 845 2101 se
886 2049 1237 2120 negassent,
1286 2039 1509 2102 scilicet
1554 2040 1957 2113 ChristianoS‚
2013 2039 2181 2100 ²¹’eo‘
2221 2038 2382 2119 quod
2426 2055 2493 2100 se

163 2142 537 2206 tradidissent
578 2141 641 2203 in
683 2142 1088 2220 operationem
1131 2140 1536 2203 immunditiae
1579 2142 1811 2214 omnis,
1856 2142 1978 2203 Vos
2008 2150 2236 2211 autem,
2280 2138 2494 2218 inquit,
2520 2134 2713 2229 ¹³&ng

159 2262 282 2307 non
323 2243 407 2306 sic
447 2242 737 2305 didicistis
782 2242 1100 2304 Christum.
1216 2241 1292 2302 Et
1330 2241 1545 2302 iterum
1588 2241 1630 2272 ²¹
1652 2241 1742 2303 sic
1784 2241 1952 2303 dicit:
2011 2241 2127 2313 Qui
2170 2241 2495 2314 furabatur,

159 2346 278 2408 iam
318 2363 436 2422 non
478 2345 727 2406 furetur.
827 2341 944 2403 Sed
1008 2351 1066 2404 et
1110 2342 1207 2421 qui
1251 2341 1729 2404 ²'moechabatur
1771 2342 2090 2413 hactenus,
2157 2359 2280 2401 non
2323 2358 2494 2402 moe-

162 2447 394 2518 chetur,
453 2452 514 2506 et
555 2444 654 2524 qui
697 2442 1098 2508 fornicabatur
1150 2443 1469 2517 hactenuS‚
1533 2461 1657 2504 non
1714 2441 2059 2503 fornicetur.
2166 2441 2501 2504 Adiecisset

161 2547 318 2609 enim
361 2554 419 2607 et
461 2546 637 2618 haec,
710 2545 763 2606 si
824 2543 1034 2606 talibus
1088 2544 1319 2606 veniam
1355 2544 1682 2624 'porrigere
1739 2553 2096 2605 consuesset
2136 2544 2230 2606 vel
2272 2541 2499 2624 porrigi

158 2649 398 2711 omnino
463 2646 782 2720 voluisset,
847 2646 948 2726 qui
1011 2664 1122 2708 nec
1176 2645 1359 2707 verbo
1416 2645 1601 2726 pollui
1659 2645 1896 2716 volens,
1973 2644 2219 2720 Omnis,
2285 2642 2495 2725 inquit,

153 2769 352 2813 sermo
396 2749 588 2829 turpis
631 2766 751 2809 non
795 2747 1080 2826 procedat
1122 2765 1194 2808 ex
1239 2765 1344 2808 ore
1386 2755 1609 2809 vestro.
1700 2748 1877 2809 Item:
1921 2745 2257 2809 Fornicatio
2304 2753 2500 2806 autem

83 2884 106 2898 ·
153 2860 220 2913 et
262 2849 626 2912 immunditia
671 2848 865 2908 omnis
909 2866 986 2908 ne
1030 2848 1370 2910 nominetur
1410 2847 1652 2926 quidem
1694 2847 1850 2908 inter
1911 2864 2054 2919 vos,
2121 2846 2276 2907 sicut
2331 2844 2503 2906 decet

152 2958 427 3025 sanctos,
475 2957 637 3011 tanto
683 2946 890 3010 abest¹
927 2954 994 3009 ut
1036 2957 1379 3022 excusetur,
1426 2949 1543 3010 hoc
1585 2948 1880 3019 scientes,
1927 2946 2086 3026 quod
2131 2947 2326 3009 omnis
2368 2949 2497 3008 for-

147 3053 384 3114 nicator
425 3060 525 3112 aut
567 3049 908 3111 immundus
953 3066 1074 3110 non
1117 3047 1330 3111 habeat
1373 3048 1469 3109 dei
1512 3067 1782 3128 regnum.
1867 3047 2054 3111 Nemo
2099 3066 2208 3110 vos
2255 3047 2499 3110 seducat

143 3151 431 3216 inanibus
475 3150 692 3213 verbis.
778 3150 1031 3230 Propter
1073 3152 1190 3212 hoc
1243 3150 1402 3211 venit
1456 3150 1544 3211 ira
1599 3149 1696 3210 dei
1751 3168 1935 3230 super
1978 3152 2132 3214 filios
2175 3152 2497 3215 increduli-

143 3254 315 3316 tatis.
408 3252 558 3325 Quis
604 3250 835 3313 seducit
875 3251 1152 3313 inanibus
1195 3250 1426 3323 verbis,
1484 3250 1602 3312 nisi
1659 3250 1761 3331 qui
1805 3252 2180 3316 contionatur
2220 3256 2498 3317 remissi-

137 3355 335 3418 bilem
380 3371 515 3415 esse
553 3351 931 3414 moechiam?
974 3370 1098 3413 non
1141 3352 1379 3413 intuens
1425 3352 1599 3413 etiam
1644 3353 2022 3416 fundamenta
2066 3355 2193 3416 eius
2238 3355 2310 3416 ab
2352 3375 2501 3435 apo-

140 3454 318 3518 stolo
364 3453 671 3527 ”effossa
737 3471 869 3514 cum
915 3453 1229 3515 ebrietates
1286 3461 1344 3515 et
1398 3453 1870 3516 comessationes
1938 3446 2293 3535 compescit,
2350 3458 2505 3519 sicut

136 3564 213 3618 et
257 3554 389 3617 hic:
438 3554 512 3615 Et
550 3553 792 3615 ²*nolite
835 3554 1114 3617 inebriari
1157 3554 1329 3627 vino,
1375 3555 1438 3617 in
1480 3574 1599 3635 quo
1645 3563 1739 3618 est
1779 3555 2028 3617 luxuria.
2124 3556 2503 3638 Demonstrat
2527 3572 2770 3628 sph.v‚1s.

133 3664 210 3718 et
235 3652 697 3717 Colossensibus
742 3673 892 3735 quae
932 3655 1199 3717 membra
1242 3655 1602 3718 mortificent
1644 3675 1826 3736 super
1854 3664 2106 3731 terram,
2152 3659 2498 3721 fornicatio·
2515 3672 2807 3725 colonam&

127 3774 323 3829 nem,
390 3756 853 3829 immunditiam,
909 3755 1247 3828 libidinem,
1312 3757 1849 3836 concupiscentiam
1892 3757 2102 3819 malam
2147 3768 2206 3820 et
2247 3758 2503 3838 turpilo-

2522 2631 2697 2738 Εέἑιῴν,
2708 2635 2748 2677 4.
2760 2634 2801 2678 3.

131 3942 231 3994 17.
272 3956 367 4006 per
403 3956 596 3991 carnem
634 3943 819 3992 miserit
854 3942 974 3992 deus
1014 3943 1101 3993 CB.
1220 3942 1299 3992 18.
1335 3942 1698 3994 similitudinem
1739 3942 1826 3992 CD.
1946 3942 2023 3992 19.
2073 3943 2214 3992 deum
2267 3943 2354 3993 CD.
2390 3944 2509 3992 liber

127 4011 421 4061 Clementis.
492 4008 740 4061 dominum
777 4010 863 4060 AB.
994 4010 1057 4060 19
1073 4012 1118 4060 b.
1154 4010 1424 4060 voluntates
1457 4010 1535 4059 Fr.
1566 4009 1744 4059 Iunius.
1848 4009 1929 4059 20.
1979 4024 2036 4058 eo
2085 4009 2215 4072 quod
2253 4010 2340 4060 CD.
2389 4011 2508 4062 liber

127 4076 420 4128 Clementis.
503 4078 654 4138 gratia
690 4077 819 4141 quod
853 4079 905 4128 A.
993 4078 1162 4139 gratia,
1210 4091 1269 4127 eo
1305 4077 1433 4142 quod
1468 4076 1521 4126 B.
1635 4076 1717 4125 21.
1768 4078 1808 4127 si
1843 4079 1894 4128 A.
2016 4074 2097 4126 22.
2136 4078 2420 4128 moechatur
2451 4080 2503 4129 A.

121 4143 230 4196 23.
273 4144 436 4194 effusa
471 4149 524 4194 Α.
626 4143 711 4193 24.
747 4144 846 4194 noli
883 4152 929 4195 te
964 4145 1017 4195 B.

118 4277 313 4341 „Nam
357 4278 448 4328 etsi
484 4285 654 4342 postea
691 4285 829 4341 pater
849 4278 1106 4329 multarum
1129 4279 1287 4329 nntio-
1388 4279 1657 4329 accrevisse
1705 4278 1914 4329 arbitror
1972 4293 2028 4328 ex
2079 4277 2312 4329 vocabulo
2361 4292 2504 4343 prae·
2546 4276 2552 4287 '

115 4359 267 4398 num
307 4353 639 4409 nuncupatur,
676 4346 760 4394 sed
780 4360 943 4394 earum
971 4360 1093 4411 quae
1118 4360 1172 4396 ex
1192 4347 1286 4396 nde
1388 4361 1577 4409 gresso.

113 4412 422 4474 digamiam
458 4412 781 4477 praecedente
810 4412 894 4462 fflii
922 4412 1164 4464 habebant
1198 4413 1287 4463 de-
1457 4414 1492 4463 f.
1528 4420 1660 4463 tanto
1696 4408 1857 4478 abest]
1891 4413 1941 4462 V.
1979 4413 2141 4463 adnot.
2177 4412 2236 4462 ad
2274 4412 2343 4469 De
2376 4411 2506 4460 Test.

109 4480 316 4547 putari
356 4480 632 4531 Abrahae.“
1385 4480 1585 4530 Animae
1607 4495 1714 4544 cap.
1734 4478 1778 4529 1.
1804 4481 1887 4530 Sic
1907 4494 2053 4545 supra
2074 4495 2177 4544 cap.
2196 4479 2258 4528 13
2278 4477 2506 4541 „quando

205 4560 258 4598 o.
306 4546 400 4611 eo]
438 4547 730 4598 Vocabulum
761 4549 915 4611 yratid
948 4546 1077 4611 quod
1112 4547 1288 4611 legitur
1389 4548 1590 4596 maxima
1626 4561 1846 4611 quaeque
1882 4561 1979 4596 non
1999 4548 2190 4597 soleant
2223 4546 2362 4594 etiam
2399 4545 2507 4593 sine

109 4618 182 4667 in
223 4615 490 4666 veteribus
527 4615 667 4667 libris
702 4628 792 4679 pro
831 4630 900 4675 eo,
943 4628 1049 4665 cum
1072 4615 1285 4667 Pamelio
1386 4614 1747 4732 praecfiiicatioue
1774 4614 1982 4705 ‘donare
2042 4620 2168 4665 tanto
2217 4613 2345 4663 abest
2397 4611 2529 4663 sine·

1386 4682 1511 4744 sigui
1548 4679 1770 4733 catione!
