3263 5311
2121 363 2150 380 ⁴-

1328 401 1406 445 na
1452 402 1708 447 conosi.
2567 395 2695 458 439

336 551 501 632 muni
546 549 683 613 usui
726 548 1056 626 'vindicem
1121 551 1253 633 ipse
1295 553 1398 614 tibi
1445 555 1564 615 iam
1605 553 2004 636 'praescribis
2050 573 2174 617 non
2217 555 2556 622 habendum
2597 562 2695 623 ¹‘in

334 645 817 717 commufiionem
859 671 1009 716 usus
1052 654 1209 735 apud
1251 672 1366 720 nos
1409 654 1605 734 ‘quod
1662 671 1787 717 non
1829 655 2162 742 inveniatur
2202 657 2302 720 “in
2345 659 2440 722 dei
2484 660 2686 725 rebuS.

337 755 497 829 Quid
539 753 699 817 enim
741 754 894 816 'tam
934 753 1244 835 iudignum
1287 754 1403 817 deo
1458 773 1635 836 quam
1677 756 1872 835 ⁸quod
1914 757 2156 839 dignum
2199 759 2408 824 idolo?
2499 761 2695 835 ⁹Quid

333 865 531 919 autem
573 865 697 918 tam
751 856 993 936 dignum
1047 855 1209 918 idolo
1263 855 1494 936 mquam
1538 857 1700 938 quod
1745 865 1806 919 et
1845 857 2133 922 mortuo?
2226 859 2376 922 Nam
2420 871 2481 924 et
2522 881 2693 928 mor-

333 967 578 1020 tuorum
623 963 723 1018 est
760 956 841 1018 ita
884 958 1215 1032 coronari·,
1261 955 1407 1019 ”vel
1448 958 1785 1039 ¹’quoniam
1830 967 1891 1022 et
1930 959 2051 1040 ipsi
2094 958 2251 1023 idola
2297 961 2499 1024 statim
2541 963 2695 1024 fiunt

332 1067 401 1122 et
438 1057 643 1120 habitu
687 1057 950 1120 etcultu
994 1057 1522 1132 consecrationum
1571 1078 1724 1140 quae
1766 1061 1923 1141 apud
1963 1078 2081 1122 nos
2128 1059 2171 1094 ¹³
2186 1062 2447 1124 secunda
2490 1061 2689 1126 idolo-

333 1159 508 1223 latria
551 1166 699 1221 est0.
784 1158 971 1238 Igitur
1013 1159 1112 1239 qui
1158 1160 1450 1230 ¹⁴{careant
1492 1178 1714 1235 sensu,
1770 1159 2009 1223 illorum
2071 1162 2186 1222 erit
2241 1162 2546 1243 ¹³perinde
2587 1163 2689 1244 juti

338 1279 409 1324 ea
451 1278 548 1335 re,
593 1259 763 1322 cuius
795 1258 1087 1322 “careant
1129 1278 1347 1335 sensu,
1393 1260 1629 1341 “atque
1669 1261 1720 1321 si
1753 1261 1970 1323 ¹⁸abuti
2014 1281 2081 1324 ea
2123 1262 2370 1338 vellent,
2415 1263 2468 1324 si
2501 1281 2692 1326 sensu

330 1380 460 1426 non
503 1369 793 1424 carerent.
879 1359 1049 1422 Nulla
1089 1379 1230 1424 vero
1274 1360 1554 1423 distantia
1596 1369 1692 1424 est
1733 1360 2044 1435 abutendi,
2113 1381 2247 1425 cum
2289 1363 2506 1426 veritas
2553 1382 2690 1429 ces-

334 1472 433 1527 sat
471 1461 697 1525 utendi.
784 1460 1072 1524 Cessante
1114 1469 1323 1524 natura
1368 1461 1695 1535 sentiendi,
1756 1462 1925 1542 ²⁹qua
1968 1462 2151 1537 vultd,
2213 1465 2347 1544 quis
2392 1447 2718 1542 abutatur‚'

334 1583 469 1628 cum
511 1580 638 1625 non
680 1561 897 1624 habeat
937 1581 1052 1644 qua
1095 1559 1339 1624 utatur?
1424 1562 1611 1650 Nobis
1671 1572 1867 1626 autem
1911 1563 2072 1626 abuti
2116 1563 2271 1644 apud
2315 1566 2694 1644 apostolum·
2754 1604 2764 1614 -
2843 1551 2856 1560 ’

331 1681 458 1727 non
501 1665 666 1737 licet,
712 1659 978 1724 facilins‘
1015 1681 1139 1724 non
1181 1663 1269 1725 uti
1313 1663 1659 1737 docentem,
1703 1663 1822 1726 nisi
1867 1664 2026 1744 quod
2070 1682 2185 1750 nec
2226 1663 2549 1726 abutuntur
2588 1666 2690 1744 qui

328 1765 482 1835 nihil
528 1763 814 1826 sentiunt.
902 1762 1021 1826 Sed
1064 1772 1228 1826 vacat
1268 1771 1460 1826 totum
1504 1772 1565 1825 et
1606 1774 1702 1826 est
1762 1764 1961 1844 ipsum
2018 1783 2258 1845 quoque
2312 1783 2464 1845 opus
2519 1783 2690 1826 mor-

332 1876 535 1940 tuum,
599 1864 944 1944 ”quantum
987 1864 1048 1926 in
1092 1864 1301 1937 idolis,
1357 1866 1553 1927 vivum
1595 1863 1800 1944 plane,
1868 1874 2149 1945 quantum
2193 1865 2255 1927 in
2299 1865 2629 1928 daemoniis
2641 1877 2691 1941 ⁸,

290 1966 466 2028 '²¹ad
511 1983 661 2047 quae
704 1965 965 2046 pertinet
1007 1965 1377 2044 superstitio.
1443 1964 1606 2026 Idola
1652 1966 1993 2040 nationum,
2037 1966 2290 2044 ”inquit
2327 1966 2543 2042 David,
2588 1986 2690 2030 ar-
2717 1953 2969 2057 ςῖῧῗῗές,

331 2077 575 2148 gentum
619 2075 680 2129 et
721 2085 950 2128 aurum.
1041 2065 1262 2132 Oculos
1306 2064 1558 2138 habent,
1615 2084 1730 2128 nec
1770 2066 2002 2137 vident,
2047 2065 2318 2141 ”nare5,
2375 2086 2488 2130 nec
2532 2069 2687 2130 odo-

326 2175 567 2241 rantur,
612 2165 913 2241 ²⁴manus,
958 2183 1071 2227 nec
1108 2165 1634 2227 ”contrectabunu
1720 2166 1838 2227 Per
1881 2166 2028 2242 haec
2072 2167 2231 2227 enim
2275 2167 2524 2230 floribus
2566 2170 2686 2230 frui

336 2278 477 2330 est.-
526 2267 703 2340 Quod
748 2267 803 2328 si
846 2266 1051 2328 ”tales
1096 2266 1274 2328 edicit
1314 2267 1549 2328 futuros
1594 2267 1694 2346 qui
1737 2266 1898 2327 idola
1938 2267 2332 2342 fabricantur,
2379 2268 2527 2331 tales
2572 2268 2690 2348 iam

338 2376 480 2431 sunt
523 2367 621 2448 qui
666 2366 994 2431 secundum
1036 2366 1336 2428 idolorum
1381 2376 1656 2429 ornatum
1688 2367 1828 2448 quid
1860 2369 2165 2453 utuntur-¹¹.
2233 2361 2444 2432 Omnia
2471 2369 2692 2433 munda
2721 2389 2945 2443 Tit.1‚1.'›.

337 2553 388 2606 2.
424 2555 647 2607 vendices
692 2571 815 2605 uuus
856 2555 1190 2606 vaticanorum.
1294 2553 1343 2606 3.
1380 2556 1688 2619 praescribes
1721 2555 1850 2607 BCD.
1972 2556 2021 2605 4.
2060 2557 2108 2605 in
2146 2559 2536 2608 communionem
2572 2572 2692 2608 usus

336 2624 464 2690 quod
498 2624 585 2675 AR.
657 2623 705 2673 in
742 2623 1084 2674 communione
1119 2637 1237 2673 usus
1273 2623 1400 2688 apud
1437 2637 1557 2685 noa,
1594 2623 1724 2688 quod
1759 2625 1946 2690 reliqui.
2040 2624 2089 2674 5.
2126 2625 2256 2688 quod
2292 2639 2388 2675 non
2426 2625 2692 2676 inveniatur

329 2692 537 2744 AFGHR.
608 2690 739 2755 quod
777 2691 1043 2741 inveniatur
1074 2692 1263 2755 reliqui.
1368 2691 1416 2741 6.
1453 2692 1501 2741 in
1539 2692 1615 2742 dei
1652 2692 1800 2742 rebus
1831 2694 1919 2743 AR.
1989 2693 2038 2741 in
2073 2692 2221 2742 rebus
2258 2692 2333 2741 dci
2371 2693 2555 2755 reliqui.
2639 2692 2687 2741 7.

328 2767 431 2809 tam
467 2758 718 2820 indignum
753 2758 804 2808 R.
842 2758 1053 2808 Ursinus.
1122 2765 1219 2807 tam
1257 2758 1452 2820 dignum
1490 2760 1602 2810 libri
1634 2762 1727 2809 mei
1759 2761 1930 2823 reliqui
1964 2774 2134 2809 omues.
2241 2758 2290 2807 8.
2327 2759 2457 2823 quod
2493 2759 2690 2820 dignum

333 2824 469 2875 idolo
503 2823 689 2889 ΔφΰΒ.
711 2826 920 2876 Ursinus.
990 2825 1121 2889 quod
1141 2826 1378 2888 ..dignum
1414 2825 1546 2875 idolo
1582 2823 1680 2888 Αβ.
1752 2825 1882 2890 quod
1918 2825 2165 2887 iudignum
2191 2824 2337 2873 idolo
2371 2827 2558 2890 reliqui.
2639 2825 2690 2876 9.

338 2891 465 2951 Quid
501 2891 629 2941 enim
663 2899 759 2942 tam
797 2891 844 2942 G.
911 2893 966 2942 ln
998 2892 1051 2941 Δ.
1085 2895 1223 2942 verba
1257 2892 1383 2951 Quid
1418 2899 1578 2943 autem
1613 2901 1710 2942 tam
1748 2893 1944 2955 dignum
1980 2892 2112 2941 idolo
2149 2898 2256 2941 sunt
2281 2894 2470 2953 omissa,
2511 2899 2552 2943 et
2577 2895 2693 2944 bene

335 2961 505 3009 abesse
533 2965 741 3023 possunt.
846 2958 924 3008 10.
962 2972 1104 3023 quam
1142 2958 1271 3023 quod
1309 2968 1499 3011 mortuo
1534 2960 1624 3010 BC.
1717 2960 1795 3009 11.
1830 2959 1903 3009 vel
1941 2974 2031 3008 om.
2065 2960 2152 3009 AB.
2243 2958 2322 3009 12.
2359 2973 2500 3022 quem
2528 2958 2688 3025 etipai

331 3024 576 3092 B(m.pr.)
592 3025 675 3076 CD.
781 3025 860 3076 13.
895 3025 1109 3076 secunda
1145 3025 1367 3076 idolatria
1402 3028 1458 3077 11.
1548 3027 1630 3076 14.
1667 3034 1863 3076 careant
1894 3040 2042 3077 aensu
2077 3027 2130 3075 A.
2171 3032 2348 3076 *sensu
2385 3033 2579 3076 careant
2611 3041 2690 3078 re-

331 3094 472 3158 liqui.
578 3092 656 3143 15.
692 3093 896 3158 perinde
930 3094 1018 3144 AR.
1086 3093 1293 3157 proinde
1327 3095 1514 3159 reliqui.
1623 3093 1701 3143 16.
1740 3099 1934 3143 careant
1967 3106 2114 3143 sensu
2149 3093 2237 3143 AR.
2306 3107 2455 3143 sensu
2492 3102 2689 3144 careant

326 3160 460 3211 BGD.
530 3174 679 3211 sensu
715 3167 879 3211 carent
912 3161 970 3212 Ε.
1040 3174 1186 3210 sensu
1240 3168 1461 3211 carerent
1504 3162 1693 3226 reliqui.
1812 3155 1893 3210 17.
1946 3174 2099 3224 aeque
2145 3160 2187 3208 si
2234 3160 2367 3210 ΓΕΒ.
2455 3175 2512 3211 ac
2547 3161 2688 3224 quasi

328 3228 573 3279 Rhenanus
608 3230 659 3278 in
691 3243 838 3293 marg.
875 3229 947 3280 ed.
988 3226 1137 3278 1528.
1245 3228 1325 3278 18.
1363 3227 1492 3278 abuti
1531 3243 1585 3278 ea
1620 3227 1799 3279 vellent
1832 3229 1880 3278 R.
1964 3227 2093 3277 abuti
2130 3240 2187 3276 eo
2224 3225 2400 3277 vellent
2431 3228 2483 3276 A.
2555 3227 2687 3280 abuti

329 3295 509 3346 vellent
542 3295 728 3359 reliqui.
836 3295 915 3345 19.
954 3310 1103 3359 quave
1139 3294 1249 3358 quis
1285 3297 1507 3346 abutatur
1541 3296 1675 3346 FGH.
1746 3309 1840 3359 qua
1879 3294 2008 3344 velut
2043 3294 2151 3357 quis
2187 3294 2412 3344 abutatur
2446 3295 2689 3345 Rhenanus

325 3364 381 3412 in
413 3378 562 3427 marg.
599 3364 673 3413 cd.
712 3360 861 3412 1528.
967 3361 1050 3413 20.
1089 3371 1321 3426 quantum
1375 3379 1464 3415 om.
1504 3363 1549 3413 0.
1652 3361 1736 3412 21.
1774 3370 1916 3426 atque
1968 3362 2174 3425 pertinet
2207 3362 2295 3411 BC.
2401 3360 2482 3410 22.
2520 3362 2688 3426 inquid

329 3427 428 3493 Αβ.
534 3427 617 3479 23.
654 3443 797 3479 nares
832 3445 924 3482 nec
956 3430 1041 3480 AR.
1125 3445 1268 3480 nares
1303 3430 1484 3480 babent
1528 3443 1619 3480 nec
1665 3431 1850 3494 reliqui.
1957 3428 2039 3478 24.
2089 3442 2259 3480 manus
2295 3428 2476 3480 babent
2510 3443 2602 3480 uec
2640 3429 2688 3479 G.

328 3495 414 3548 25.
452 3503 754 3548 contrectant
785 3498 837 3549 R.
941 3495 1022 3547 26.
1057 3496 1180 3548 tales
1216 3512 1270 3549 se
1306 3497 1420 3548 dicit
1452 3497 1542 3549 BC.
1611 3497 1710 3547 tale
1746 3511 1800 3548 se
1835 3495 1951 3547 dicit
1984 3497 2039 3548 D.

399 3665 520 3730 Cap.
554 3664 613 3715 X.
672 3680 717 3716 a.
762 3673 1064 3717 mortuorum
1101 3675 1176 3716 eat
1210 3667 1274 3716 ita
1312 3680 1456 3716 coro-
1504 3661 1509 3666 ’
1559 3667 1822 3731 Perperam
1869 3667 1919 3715 iu
1967 3665 2260 3716 editionibus
2308 3672 2422 3728 poat
2455 3666 2688 3717 sentiendi

330 3730 461 3795 nari]
498 3731 615 3782 Luc.
653 3732 715 3782 de
747 3733 900 3784 Luctn
936 3748 1042 3798 cap.
1073 3733 1150 3783 11.
1190 3732 1355 3783 Schol.
1394 3734 1455 3783 ad
1558 3733 1829 3784 maiusculo
1865 3734 2004 3794 signo
2041 3747 2146 3782 rum
2188 3732 2283 3782 itur
2316 3733 2571 3781 sententia.
2727 3737 2739 3747 ·

328 3799 497 3864 Eut-ip.
530 3799 716 3850 Pboou.
769 3799 915 3851 1626.
966 3802 1089 3852 Plut.
1127 3799 1301 3851 Timol.
1348 3814 1455 3864 cap.
1628 3815 1670 3850 e.
1709 3799 1837 3863 apud
1873 3798 2149 3863 apostolum
2211 3797 2686 3859 leorinth.v11,31.

330 3864 417 3916 26.
452 3866 675 3931 Xenopb.
710 3867 969 3919 Memorab.
1007 3868 1068 3928 11,
1104 3866 1155 3929 2,
1185 3866 1265 3917 13.
1303 3866 1455 3917 Clem.
1559 3866 1635 3917 Cl.
1671 3865 1877 3915 Tertull.
1910 3866 1981 3916 De
2016 3864 2158 3915 Cultu
2194 3864 2324 3913 Fem.
2363 3862 2423 3924 11,
2461 3863 2511 3912 9.

330 3933 463 3983 Alex.
503 3933 707 3996 Paedag.
755 3934 829 3994 11,
874 3934 926 3986 8.
988 3936 1108 3986 Stat.
1145 3935 1257 3986 silv.
1297 3934 1369 3996 n,
1409 3934 1455 3994 1,
1625 3934 1664 3982 1.
1698 3925 1915 3998 facilius]
1967 3931 2016 3983 h.
2052 3946 2094 3980 e.
2133 3930 2309 3994 aptius,
2343 3930 2542 3980 rectius.
2612 3931 2686 3985 lta

335 3999 435 4051 158
455 4015 560 4066 sqq.
595 4001 649 4051 V.
681 4001 727 4062 1,
754 4000 857 4052 210
889 4016 997 4068 sqq.
1036 4002 1157 4052 min.
1190 4002 1315 4060 Hist.
1350 4000 1455 4053 Nat.
1558 4014 1708 4064 supra
1759 4013 1866 4063 cap.
1903 3999 1932 4048 Ἰ
1991 3999 2227 4064 ,Accilius
2273 3996 2499 4062 pudenda
2547 3996 2684 4049 toliis

330 4066 451 4129 xxl,
486 4067 535 4118 3.
581 4067 795 4120 Kirchm.
841 4069 911 4121 De
942 4071 1119 4121 Bauer.
1156 4084 1207 4134 p.
1246 4069 1344 4119 103
1378 4083 1455 4135 aq.
1558 4082 1704 4133 quam
1750 4075 1972 4131 tempora
2017 4065 2220 4116 floribus
2266 4065 2524 4116 incinctam
2559 4066 2684 4117 acri·

328 4130 429 4185 221
468 4150 581 4200 sqq.
1554 4135 1684 4186 bit.“
1743 4149 1849 4199 cap.
1885 4134 1920 4185 9
1956 4134 2181 4199 „facilius
2217 4147 2327 4184 cum
2362 4134 2602 4198 tympanis
2638 4141 2688 4183 ct

395 4228 447 4279 1,-
486 4225 893 4297 comentationss]
927 4228 980 4279 v·
1013 4228 1214 4295 390103·
1254 4243 1357 4293 cap·
1375 4228 1455 4279 10·
1553 4204 1687 4254 tibiis
1735 4211 1784 4254 et
1827 4200 2073 4267 psalteriis
2106 4207 2353 4250 revertens
2389 4199 2450 4250 de
2486 4200 2687 4265 captivi-

398 4336 442 4370 ο.
478 4321 690 4372 secunda
726 4320 999 4372 idololatria
1035 4317 1150 4387 eat]
1186 4322 1346 4372 Prima
1383 4328 1458 4371 est
1556 4270 2327 4404 mgnsgfflffilgffnffiztffioffiffi
2346 4267 2683 4399 Ἥῖοέὲεῑζρῃ-

328 4387 494 4439 cultus
528 4387 851 4450 daemonum,
886 4389 1066 4451 altera,
1103 4403 1197 4453 qua
1232 4388 1457 4438 homines
1561 4406 1682 4456 23„st
1716 4418 1772 4455 ς,
1808 4405 1921 4456 c015,

327 4456 602 4507 0008201'125
637 4454 863 4508 coluntur
896 4458 1050 4508 insul·
1084 4456 1306 4507 deornm.
1624 4472 1675 4523 h.
1701 4472 1838 4536 ·‚quid
1885 4469 2130 4536 utuntur]
2162 4471 2231 4519 De
2278 4472 2516 4518 structura
2554 4465 2686 4517 verbi

398 4538 448 4589 d.
518 4552 581 4589 na
616 4534 737 4606 vult]
773 4540 824 4591 b.
852 4554 899 4591 ο.
935 4541 1072 4592 cuius
1108 4554 1205 4605 ope
1239 4546 1290 4590 et
1322 4540 1456 4590 anxi-
1556 4540 1630 4589 uti
1666 4553 1777 4589 cum
1810 4540 2079 4590 accusativo
2115 4554 2157 4588 v.
2195 4535 2255 4587 ad
2292 4535 2467 4585 librum
2500 4533 2568 4583 De
2589 4532 2686 4583 Te-

324 4606 407 4658 lio.
447 4622 475 4658 v
552 4624 555 4627 ·
602 4605 762 4672 abuti,
814 4608 864 4659 b.
901 4621 945 4663 c.
990 4609 1199 4659 abusum
1246 4607 1455 4658 efficere.
1560 4606 1688 4656 stim.
1727 4606 1810 4656 An.
1849 4620 1955 4671 cap.
1991 4607 2041 4656 4.
