3263 5311
1198 447 1676 494 APoLoGssrlcmt.
2505 437 2624 498 165

270 598 476 660 betis·.
570 594 615 629 ¹⁸
628 595 731 657 Sic
772 596 1154 677 Capitolium,
1212 598 1300 660 sic
1344 598 1649 661 olitorium
1691 599 1887 660 sorum
1929 599 2184 678 petitur3
2250 600 2362 662 suh
2421 600 2626 662 eadem

271 718 419 761 voce
458 693 829 778 praeconisf,
876 698 989 760 sub
1032 696 1239 760 cadem
1282 699 1484 773 hasta,
1542 699 1655 761 sub
1701 699 1909 761 eadem
1961 698 2398 762 ”adnotatione
2442 719 2628 782 quae-

272 799 497 863 stoi-ist
569 797 849 860 divinitas
910 797 1200 876 ”addicta
1265 799 1635 862 conducitur.
1759 799 1878 862 Sed
1952 800 2109 861 enim
2163 800 2351 880 ”agri
2404 803 2632 864 tributo

275 901 482 962 onusti
524 899 853 975 ”viliores‚
899 900 1205 961 hominum
1249 902 1438 981 capita
1479 900 1834 982 “stipendio
1879 920 2059 963 censa
2088 901 2440 980 ignobiliora
2471 906 2638 978 (nam

273 1001 441 1062 ”liae
486 1009 633 1061 sunt
672 1007 849 1062 notae
892 1001 1302 1081 captivitatis),
1360 1003 1457 1064 dei
1498 1021 1642 1063 vero
1688 1003 1788 1083 qui
1833 1002 2018 1082 magis
2067 1002 2389 1077 tributarii,
2447 1004 2634 1082 magis

277 1102 500 1176 sancti,
546 1102 731 1163 immo
775 1100 876 1181 qui
917 1101 1104 1180 magis
1151 1103 1368 1176 sancti,
1427 1104 1614 1183 magis
1662 1104 1952 1166 tributarii
1967 1103 2016 1165 ἱ.
2115 1103 2391 1166 Maiestas
2446 1122 2632 1184 quae-

284 1204 504 1264 stuaria
571 1202 845 1264 efficitur.
950 1202 1174 1264 Circuit
1237 1222 1537 1284 cauponas
1604 1205 1815 1286 religio
1879 1204 2224 1267 mendicans
2239 1204 2276 1266 ί.
2384 1204 2636 1284 Exigitis

281 1304 615 1366 mercedem
677 1322 791 1382 pro
849 1304 980 1365 solo
1049 1305 1286 1387 templi,
1352 1305 1520 1387 ”pro
1585 1307 1748 1368 aditu
1811 1306 1982 1368 sacri.
2091 1305 2226 1367 Non
2288 1305 2425 1368 licet
2486 1306 2635 1367 deos

284 1490 362 1540 19.
398 1490 481 1540 Sic
516 1489 840 1555 Capitolium,
889 1491 962 1540 sie
994 1491 1241 1541 olitorium
1277 1493 1494 1555 Aeol-tas.
1529 1493 1706 1556 Erfurt.
1747 1494 1895 1543 Oxou.
1999 1492 2051 1542 Si
2089 1492 2381 1557 Capitolium
2417 1492 2638 1542 sicolito-

281 1560 406 1607 rium
441 1559 533 1608 FG.
604 1558 685 1607 Sic
722 1557 1011 1621 Capitolium
1050 1560 1120 1609 sic
1156 1560 1427 1609 colitorium
1473 1561 1662 1610 Vindob.
1743 1560 1783 1609 si
1822 1561 2142 1623 Capitolium,
2178 1563 2220 1611 si
2259 1560 2501 1610 olitorium
2539 1561 2640 1609 cde.

283 1626 540 1675 maanus.
610 1625 693 1674 Sic
729 1625 1006 1689 capitolium
1044 1628 1169 1676 sicut
1205 1628 1448 1677 olitorium
1487 1621 1601 1686 (Mb.

286 1693 554 1742 condicitur
586 1694 639 1743 F.
668 1694 858 1743 Viudob.

289 1760 537 1823 dispendio
576 1769 743 1809 censet
778 1762 828 1810 F.

285 1827 456 1892 Erfurt.

351 1977 390 2011 e.
428 1962 477 2011 in
515 1962 732 2012 hastario
756 1963 1010 2025 vectigales
1038 1959 1264 2030 habetis]
1304 1964 1413 2028 lpse

289 2029 406 2078 libro
443 2030 493 2090 Ι,
534 2025 665 2094 [cap.
711 2027 795 2096 to]
842 2032 901 2081 ad
937 2032 1166 2082 Nationes
1202 2033 1411 2082 dixerat:

288 2098 452 2156 „Quos
489 2098 537 2146 in
578 2099 841 2147 hastarium
863 2101 1190 2160 regessistis.“
1238 2101 1410 2149 Hasta-

290 2166 406 2214 rium
442 2165 588 2226 igitur
624 2174 699 2215 est
736 2166 858 2216 liber
894 2168 1168 2228 hastarius,
1214 2183 1299 2217 seu
1336 2175 1412 2216 ta-

288 2232 521 2281 bularium
558 2240 607 2281 et
627 2241 869 2292 regestum
894 2235 1268 2296 vectigaliorum,
1290 2250 1413 2298 quae

292 2300 378 2348 sub
411 2300 551 2348 hasta
584 2308 632 2350 ct
668 2315 781 2349 voce
804 2304 1057 2363 praeconis
1082 2303 1413 2366 quinquennio

296 2381 478 2429 quoque
526 2367 682 2417 addici
738 2368 1127 2432 redemptoribus
1175 2370 1414 2419 solebant.

299 2433 376 2481 Sic
418 2435 593 2484 loricae
646 2436 1068 2496 conducebantur,
1130 2438 1201 2487 sic
1253 2438 1413 2487 sorum

297 2497 527 2550 olitorium
602 2509 650 2551 et
718 2503 810 2551 alia
882 2505 1157 2554 huiusmodi
1208 2506 1414 2569 publica.

296 2568 409 2617 Nam
445 2579 488 2617 et
517 2571 732 2632 Serapea
769 2578 815 2620 et
835 2571 1070 2635 Capitolia
1107 2573 1276 2623 eodem
1316 2575 1420 2622 iure

296 2638 573 2701 ptoscripta.
663 2639 882 2702 Denique
932 2640 1022 2690 sub
1076 2641 1242 2690 eadem
1281 2641 1418 2691 basta

297 2705 576 2768 Capitolium
615 2715 661 2754 et
698 2706 945 2757 olitorium
983 2708 1293 2759 addicebantur
1328 2724 1417 2772 pe-

301 2774 414 2820 tenti
446 2774 753 2836 redemptori.
811 2777 903 2823 Sed
944 2776 1055 2840 quid
1093 2778 1327 2827 transibat
1359 2778 1435 2826 ad*

305 2840 646 2902 redemptorem
683 2857 737 2890 ea
775 2840 1091 2893 addictione?
1149 2844 1251 2893 Hoc
1287 2844 1419 2892 vide-

307 2905 434 2965 licet,
477 2916 526 2955 ut
571 2908 758 2958 olitorio
807 2911 913 2958 soro
952 2911 1000 2959 in
1037 2910 1418 2975 quinquennium

308 2973 496 3023 addicto
530 2989 585 3022 ex
620 2978 954 3036 mercimonii5‚
1004 2993 1125 3042 quae
1162 2979 1277 3028 inibi
1315 2987 1416 3028 toto

308 3056 369 3090 eo
404 3049 616 3105 tempore
645 3055 1043 3106 proponerentur,
1079 3056 1235 3095 certas
1268 3048 1419 3109 stipes

306 3118 509 3170 cogeret.
597 3109 822 3161 Similiter
878 3114 1118 3177 Capitolio
1181 3114 1419 3163 conducto

302 3178 507 3239 exigeret
558 3180 804 3229 mercedes
852 3195 946 3243 pro
1002 3182 1059 3229 iis
1115 3197 1237 3246 quae
1287 3189 1422 3231 notat

302 3244 403 3308 ipse
438 3244 760 3295 Tertullianus
810 3247 880 3296 Ad
929 3248 1054 3297 Natt.
1093 3249 1142 3306 l,
1184 3248 1245 3297 10
1293 3264 1419 3312 „pro

300 3313 405 3361 solo
442 3315 622 3378 templi,
664 3330 753 3376 pro
790 3316 918 3365 aditu
955 3316 1100 3375 sacri,
1153 3331 1243 3380 pro
1280 3317 1421 3380 stipi-

300 3380 403 3441 bus,
438 3396 525 3444 pro
563 3382 758 3431 ostiis.“
783 3383 992 3444 (Rigalt.)
1046 3384 1153 3433 Non
1192 3399 1315 3447 opus
1353 3393 1426 3434 est

301 3456 350 3497 ut
393 3463 496 3500 cum
533 3449 743 3510 Rigaltio
792 3465 957 3505 vocem
1004 3454 1256 3501 hastarium
1306 3467 1423 3501 nova

299 3516 643 3577 significatione
693 3518 900 3579 positam
952 3519 1279 3568 existimemus
1333 3534 1422 3582 pro
1492 3532 1501 3541 ·

303 3582 418 3632 libro
479 3584 725 3642 hastario,
798 3593 841 3633 ta
914 3585 1034 3635 lario
1092 3586 1163 3634 vel
1214 3594 1421 3647 regesto.

299 3650 565 3700 Hastarium
608 3660 683 3700 est
719 3651 825 3700 locu
860 3688 873 3709 ‚
926 3653 1005 3701 ubi
1042 3654 1341 3702 venditiones
1379 3660 1426 3701 et

300 3718 557 3768 locationes
596 3718 821 3782 publicae
868 3720 1256 3780 instituebantur,
1308 3735 1425 3783 pro-

300 3787 413 3849 prie,
449 3787 528 3835 ubi
569 3788 959 3849 proscriptorum
997 3788 1122 3836 bona
1150 3788 1426 3836 vendeban-

242 3852 263 3867 ‘
298 3861 385 3902 tur.
434 3855 597 3903 Closs.
630 3852 727 3902 Vet.
767 3855 813 3903 in
841 3857 955 3916 Aug.
980 3854 1238 3904 MaiiAuct.
1269 3855 1425 3904 Class.

300 3926 408 3968 tom.
445 3921 517 3982 vt,
557 3938 609 3985 p.
633 3919 733 3969 526
780 3922 1108 3981 „Hastarium‚
1145 3923 1306 3981 statio,
1346 3922 1425 3970 ubi

300 3986 623 4037 vendebantur
658 3990 784 4037 bona
812 3990 1255 4052 proscriptorum.“
1292 3989 1429 4038 Ono-

305 4063 432 4104 mast.
464 4054 670 4105 Vulcan.
721 4056 811 4104 col.
851 4056 931 4105 62.
981 4057 1292 4115 „Hastarium
1339 4052 1430 4102 λα-

306 4116 726 4187 φυροπωλεὶαζ“
796 4126 954 4173 Gloss.
981 4125 1077 4173 Vct.
1112 4125 1214 4181 Lat.
1256 4125 1305 4173 Ρ.
1333 4124 1429 4172 Da·

302 4188 433 4239 uielia
482 4206 563 4253 ap.
620 4190 730 4238 Λᾶν.
767 4190 978 4240 Turneb.
1013 4193 1121 4241 Λᾶν.
1160 4192 1360 4251 xxviii,
1398 4190 1430 4240 5

300 4256 626 4317 „Hastarium,
656 4257 739 4306 ubi
761 4259 1145 4322 proscriptorum
1174 4260 1302 4308 bona
1316 4273 1432 4307 ren-

292 4323 526 4374 duntur.“

360 4394 391 4441 s.
440 4393 535 4441 sub
572 4392 750 4443 eadem
786 4404 902 4441 voce
938 4391 1216 4456 praeconis]
1249 4393 1427 4442 Notum

294 4472 442 4520 quare
478 4459 694 4509 dixerint
728 4458 911 4522 antiqui
947 4464 1030 4510 sub
1063 4477 1287 4525 praecone
1317 4463 1428 4510 sub-

294 4527 431 4575 iicere
483 4535 533 4576 et
583 4528 819 4576 subiicere
846 4530 953 4578 voci
984 4532 1253 4591 praeconis,
1313 4528 1427 4590 quid

296 4593 404 4642 item
443 4596 502 4644 de
536 4596 703 4658 lupide
737 4606 898 4643 mre.
969 4594 1062 4644 Sed
1101 4605 1146 4646 et
1177 4598 1239 4645 ita
1259 4595 1429 4645 Graeci

296 4658 441 4711 locuti
454 4670 587 4711 sunt.
616 4661 974 4711 Demosthenes
994 4662 1052 4712 de
1065 4664 1255 4714 Corona
1282 4676 1429 4727 prae-

963 1692 1045 1743 22.
1072 1695 1156 1755 agi
1194 1696 1324 1745 DEG.
1360 1697 1535 1758 Erfurt.
1576 1695 1726 1744 Oxou.
1797 1709 1884 1756 age
1919 1696 1971 1745 F.

969 1761 1050 1811 25.
1089 1763 1177 1811 hae
1212 1757 1444 1826 Aacaaes.
1482 1762 1723 1822 (vindob.)
1759 1763 1948 1813 Harae.
2040 1763 2158 1813 haec
2192 1763 2407 1814 DEFabc.
2447 1762 2641 1823 (Oxou.)

592 1826 678 1877 26.
714 1842 803 1892 pro
840 1828 1003 1878 auditu
1040 1830 1166 1880 sacri
1204 1830 1253 1879 G.
1300 1831 1487 1882 Vindob.
1536 1844 1648 1893 ‘pro
1687 1830 1815 1880 aditu
1852 1830 2051 1881 sacrarii
2087 1825 2133 1880 λ.

1708 1625 1789 1676 20.
1827 1627 2139 1677 advocatione
2176 1629 2226 1679 F.
2330 1625 2409 1676 21.
2449 1627 2639 1677 abdicta
2683 1683 2692 1690 ,

2076 1694 2157 1745 23.
2197 1694 2378 1744 vilioris
2409 1689 2457 1740 λ.
2556 1692 2638 1743 24.

1515 1964 1729 2014 secturae
1766 1964 1974 2014 navalis:
2026 1958 2162 2021 „noti
2192 1957 2303 2043 γάρ
2338 1977 2427 2012 τοι
2461 1956 2644 2010 πάντα

1516 2022 1593 2078 δι’
1637 2021 1811 2089 αὐτὴν
1842 2030 2149 2086 ποιοῦνται,
2205 2045 2297 2080 και
2340 2023 2645 2096 μονονοιαὶ

1515 2091 1620 2146 ὑπὸ
1657 2091 1886 2164 κήρυκος·
1919 2095 2161 2147 πωλοῦσι
2195 2093 2266 2147 τὰ
2287 2093 2512 2147 κοινά.“
2547 2100 2647 2147 Lu·

1515 2168 1684 2216 cianus
1736 2166 1796 2216 de
1844 2167 2060 2217 Mercede
2110 2168 2399 2218 conductis:
2458 2154 2640 2230 ‚sws’d‘’

1518 2227 1701 2312 ὥσπερ
1737 2247 1821 2287 τις
1853 2228 2093 2287 Βιθυνὸς
2125 2227 2230 2282 ὑπὸ
2259 2226 2645 2309 μεγαλοφώνῳ

1516 2301 1596 2367 τῷ
1631 2314 1826 2382 κηρυκι
1860 2293 2310 2368 ἀπημπολῆσθαι.
2385 2301 2505 2350 flinc
2555 2313 2647 2357 κη-

1517 2382 1655 2437 ρυκα
1689 2362 1980 2428 manticae
2015 2372 2140 2433 apud
2179 2372 2383 2420 eundem
2423 2369 2473 2417 in
2496 2367 2647 2417 Eleu-

1518 2439 1639 2488 cbo:
1689 2428 1796 2494 »ὃς
1827 2430 2076 2503 καθάπερ
2114 2431 2439 2514 ᾆνδρᾶποδα
2472 2448 2648 2511 παρρ-

1469 2511 1479 2524 ·
1515 2502 1712 2581 yqeya‘s'v
1748 2497 1891 2569 ἡμᾶς
1940 2497 2028 2553 ἐπὶ
2077 2515 2139 2552 το
2177 2496 2512 2569 πολητῆριον
2546 2515 2646 2549 τον

1517 2584 1726 2638 κηρυκα
1743 2565 2035 2631 ἐπιστῆσαι
2053 2564 2460 2639 ἀπημπόλησεν.
2472 2575 2510 2598 ‘⁴
2525 2570 2646 2628 (Ho-

1518 2641 1666 2699 rald.)
1737 2641 1803 2691 De
1842 2640 1915 2690 bis
1949 2643 2270 2705 praeconibus
2309 2642 2370 2691 ci.
2401 2640 2489 2690 nio
2514 2638 2650 2688 Cass.

1519 2709 1770 2769 nvmtt.
1818 2709 2093 2774 Interprett.
2130 2712 2187 2758 ad
2210 2711 2306 2760 Cic.
2341 2722 2431 2770 pro
2459 2707 2650 2764 Quinct-

1522 2770 1625 2839 cap.
1667 2777 1746 2825 15.
1785 2783 1832 2825 et
1868 2777 2032 2825 Horat.
2070 2778 2224 2825 Serm.
2265 2778 2300 2835 l,
2339 2776 2388 2833 6,
2425 2773 2509 2822 86.

1589 2874 1634 2919 g.
1673 2861 1762 2908 sub
1798 2860 1968 2908 eadem
2004 2858 2313 2909 adnotatione
2348 2851 2648 2921 quaestoris]

1516 2926 1694 2975 Errant
1730 2927 2056 2976 Gothosredus
2093 2928 2153 2975 ad
2183 2924 2382 2974 Tertull.
2420 2924 2486 2972 Ad
2525 2922 2652 2973 Natt.

1521 2993 1560 3051 1,
1601 2993 1679 3041 10.
1719 3009 1768 3056 p.
1801 2993 1912 3042 105.
1962 3001 2008 3041 et
2045 2994 2400 3055 Havercampus
2449 2991 2650 3040 adnoto·

1521 3063 1691 3110 tionem
1726 3062 2096 3123 interpretantes
2114 3076 2203 3123 per
2228 3062 2510 3108 exactionem
2532 3058 2649 3118 (nti-

1521 3135 1602 3177 tur
1638 3129 1730 3176 hoc
1766 3127 1997 3176 vocabulo
2014 3127 2338 3178 Tertullianus
2366 3127 2413 3175 in
2440 3125 2649 3187 gemello

1523 3194 1634 3243 libri
1669 3195 1738 3244 Ad
1774 3195 1898 3244 Natt.
1938 3195 2064 3254 loco,
2114 3209 2255 3258 quem
2295 3193 2438 3242 modo
2477 3193 2651 3251 citavi),

1524 3271 1577 3312 ut
1611 3263 1676 3311 sit
1711 3278 1841 3323 cura,
1879 3262 2174 3321 sollicitudo,
2227 3271 2277 3309 ut
2311 3276 2391 3310 res
2429 3273 2538 3310 care
2576 3259 2651 3308 lo-

1524 3338 1673 3380 cetur.
1746 3330 1995 3381 Aduotatio
2034 3338 2108 3379 est
2141 3329 2311 3379 relatio
2363 3326 2654 3377 addictionis

1526 3413 1633 3447 cum
1685 3400 1879 3447 nomine
1932 3398 2165 3461 emptoris
2215 3396 2259 3445 in
2320 3396 2528 3446 tabulas.
2601 3394 2651 3443 V.

1525 3465 1729 3514 Dirksen
1766 3465 1984 3515 Manuale
2019 3466 2171 3514 Latin.
2216 3464 2352 3513 Font.
2390 3464 2515 3527 luris
2554 3462 2652 3511 Civ.

1525 3534 1662 3583 Rom.
1701 3548 1740 3581 s.
1757 3549 1796 3582 v.
1833 3535 2096 3593 Adnotatio,
2137 3539 2178 3581 et
2213 3535 2465 3582 Adnotator
2498 3546 2551 3594 p.
2569 3528 2653 3578 30.

1593 3625 1640 3674 h.
1680 3626 1832 3686 magis
1861 3619 2148 3688 tributarii]
2202 3624 2253 3673 ld
2301 3631 2371 3672 est
2410 3624 2491 3687 qui
2540 3622 2654 3685 plus

1528 3691 1841 3741 emolumenti
1879 3695 2133 3742 conferunt
2169 3691 2297 3740 beris
2332 3691 2434 3739 suis
2488 3698 2536 3737 et
2572 3705 2655 3737 sa-

1530 3759 1824 3820 cerdotibus,
1862 3776 1889 3808 a
1926 3760 2100 3824 quibus
2138 3766 2382 3807 curantur.
2417 3755 2681 3817 (Herem.)-

1593 3853 1629 3901 i.
1667 3852 2107 3915 Circuitcanponas
2137 3851 2305 3909 religio
2333 3844 2660 3913 mendicans}

1530 3918 1772 3968 Ariolatur
1823 3920 2179 3981 Havercampus
2233 3918 2353 3965 haec
2401 3916 2542 3965 verba
2600 3930 2658 3965 ex

1530 3987 1739 4048 gemello
1778 3986 1885 4035 loco
1920 3988 1986 4035 Ad
2012 3986 2135 4034 Natt.
2163 3984 2293 4043 t‚10.
2332 3985 2660 4047 interpretans

1532 4067 1627 4103 non
1679 4053 1737 4102 de
1786 4053 2180 4103 circumforaneis
2228 4051 2562 4101 sacerdotibus
2609 4060 2662 4101 et

1533 4122 1735 4184 myrtis,
1784 4122 1872 4170 sed
1919 4121 1980 4170 de
2033 4120 2307 4169 invitatione
2353 4119 2548 4183 publica
2596 4118 2662 4168 ad

1530 4188 1836 4238 locationem.
1907 4188 1976 4238 De
2009 4188 2206 4250 Magnae
2241 4187 2403 4236 Matris
2437 4195 2486 4235 et
2517 4185 2662 4235 isidis

1530 4256 1868 4306 sacerdotibus
1922 4258 2075 4319 stipes
2139 4254 2552 4313 mendicantibuS,
2616 4253 2662 4302 si

1532 4324 1722 4389 placet,
1776 4324 1922 4372 adeas
1959 4324 2172 4373 Perizon.
2211 4323 2270 4371 ad
2307 4322 2486 4370 Aelian.
2523 4320 2574 4369 V.
2602 4319 2664 4368 H.

1532 4392 1610 4451 lx,
1624 4391 1674 4440 8.
1713 4392 1984 4453 iuterprett.
2004 4390 2061 4439 ad
2076 4389 2215 4454 Apul.
2233 4389 2421 4438 Metam.
2439 4387 2559 4446 vni,
2575 4385 2659 4435 24.

1531 4458 1702 4513 Minue.
1744 4458 1886 4507 Felic.
1927 4458 2085 4508 Oetam.
2129 4472 2235 4520 cap.
2273 4456 2353 4505 24.
2427 4455 2660 4503 Commo-

1531 4528 1660 4576 diau.
1697 4526 1839 4575 lustr.
1877 4525 2018 4585 1,1·1‚
2046 4524 2123 4574 12.
2193 4523 2440 4584 Angustia.
2465 4522 2533 4569 De
2561 4520 2657 4569 Civ.

1530 4595 1615 4643 Dei
1655 4592 1844 4653 vtt‚26.
1900 4592 2051 4641 Clem.
2077 4592 2206 4640 Alex.
2229 4591 2464 4651 Protrept.
2487 4602 2593 4650 cap.
2610 4585 2658 4636 3.

1529 4661 1722 4711 Lobeck
1756 4660 1990 4724 Aglaoph.
2025 4674 2075 4724 p.
2112 4656 2227 4708 645.
