3263 5311
56 1169 66 1517 —-.--.-.

1205 455 1283 499 nn
1327 455 1645 500 nuncnu-
2479 441 2603 505 ⁷97

256 607 396 672 licto
454 604 683 670 sm'licet
734 604 1160 669 inremissibili.
1266 605 1400 669 ²³Et
1453 613 1735 686 superest
1783 604 2121 686 specifflter
2173 605 2249 668 de
2301 607 2609 670 moechiae

256 717 316 773 et
355 707 772 772 fornicationis
814 714 972 769 statu
1030 708 1397 782 examinare,
1461 708 1524 769 in
1578 725 1757 788 qnam
1812 706 2161 769 delictorum
2196 716 2445 788 -partem
2493 709 2606 771 de—

253 810 434 873 beant
475 808 688 888 redigi.
1149 861 1156 869 .
2461 873 2476 898 x

429 911 550 973 Sed
590 909 764 990 prius
801 909 1067 976 decidam
1109 910 1576 973 intercedentem
1631 928 1706 973 ex
1747 909 1989 972 diverso
2028 910 2490 990 responsionem
2534 912 2611 975 ad

258 1032 387 1077 eam
430 1012 827 1093 paenitentiae
869 1010 1134 1092 speeiem
1190 1012 1400 1091 'quam
1456 1030 1589 1073 cnm
1631 1009 1888 1073 mnne
1932 1007 2247 1074 definimus
2292 1012 2459 1073 venia
2500 1031 2603 1074 ca—

255 1133 414 1178 rere.
503 1113 568 1174 Si
612 1111 802 1186 enim,
859 1112 1164 1193 inquiunt,
1229 1112 1421 1192 aliqua
1462 1111 1823 1193 paenitentia
1867 1121 2029 1175 earet
2067 1112 2276 1186 venia,
2334 1112 2450 1175 iam
2493 1129 2607 1175 nec

256 1217 318 1278 in
363 1223 554 1278 totum
597 1214 822 1295 agenda
862 1213 971 1277 tibi
1013 1221 1128 1276 est.
1215 1214 1374 1278 Nihil
1420 1215 1580 1276 enim
1623 1213 1916 1295 agendum
1960 1223 2053 1278 est
2092 1216 2334 1276 frustra.
2412 1213 2604 1276 Porro

255 1319 478 1380 fmstra
522 1324 731 1396 agetur
770 1315 1162 1396 paenitentia,
1230 1315 1283 1378 si
1328 1324 1489 1379 caret
1529 1316 1722 1379 venie.
1827 1315 2110 1378 ¹¹’Omnis
2156 1325 2352 1377 autem
2395 1315 2606 1393 paeni-

253 1418 438 1481 tentia
481 1417 706 1498 agenda
750 1425 865 1480 est.
962 1416 1122 1498 Ergo
1181 1417 1378 1480 omnis
1420 1417 1689 1480 'veniam
1728 1415 2193 1498 ³consequatur,
2258 1434 2336 1478 ne
2390 1417 2609 1480 mistui

256 1527 491 1601 agatur,
560 1518 696 1600 quia
739 1536 862 1581 non
918 1519 1034 1580 erit
1074 1518 1366 1600 ⁴agenda,
1430 1520 1483 1581 si
1536 1521 1754 1582 frustra
1809 1527 2035 1604 agatur.
2140 1517 2332 1579 Porro
2388 1519 2606 1581 suisti-a

255 1621 516 1701 'agitium
562 1620 614 1681 si
649 1621 821 1682 venia
849 1620 1096 1683 carebit.
1157 1619 1369 1682 Merito
1413 1619 1645 1701 ‘itaque
1690 1629 2035 1701 opponunt,
2078 1618 2394 1699 'quoniam
2426 1619 2602 1681 huius

257 1739 490 1803 quoque
530 1721 928 1801 paenitentiae
970 1722 1227 1784 fructum
1244 1768 1261 1796 ,
1306 1721 1369 1782 id
1413 1729 1509 1783 est
1549 1721 1810 1794 veniam,
1855 1720 1919 1781 in
1960 1738 2069 1781 sua
2097 1727 2389 1800 potestate
2418 1738 2601 1782 usur-

255 1830 564 1906 paverunt.
632 1821 931 1896 Quantum
974 1822 1133 1885 enim
1176 1823 1251 1885 ad
1293 1822 1431 1884 illos
1450 1868 1467 1897 ,
1511 1841 1545 1883 a
1590 1820 1806 1902 quibus
1835 1839 2041 1900 pacem
2071 1819 2389 1882 humanam
2419 1821 2602 1883 ‘con-

2644 918 2752 975 Cup.
2770 918 2849 965 nl.

255 1924 547 2005 Sequitur·
615 1924 915 1997 Quantum
957 1932 1153 1986 autem
1198 1922 1273 1985 ad
1313 1941 1460 1997 nos,
1506 1922 1607 2002 qui
1652 1922 1849 1984 solum
1891 1922 2199 1985 dominum
2227 1921 2604 1984 meminmus
2646 1937 2651 1942 ·

257 2026 468 2089 delicta
511 2024 871 2099 concedere,
918 2032 980 2086 et
1020 2025 1224 2106 utique
1267 2024 1571 2098 mortalia,
1617 2041 1742 2084 non
1784 2023 2006 2085 frustra
2050 2031 2277 2102 agetur.
2355 2023 2444 2084 Ad
2486 2023 2636 2110 do—¹

251 2128 484 2191 minum
527 2126 687 2189 enim
729 2125 981 2189 remissa
1026 2134 1087 2187 et
1127 2126 1208 2186 illi
1254 2125 1466 2187 exinde
1507 2131 1843 2203 prostrata,
1888 2124 2007 2186 hoc
2048 2124 2183 2204 ipso
2228 2124 2416 2204 magis
2454 2141 2603 2203 ope-

252 2228 483 2292 rabitur
537 2227 803 2301 veniam,
870 2227 1032 2307 quod
1087 2244 1216 2288 eam
1273 2244 1308 2286 a
1361 2225 1493 2287 solo
1550 2224 1665 2287 deo
1712 2233 1948 2298 exorat,
2014 2224 2174 2303 quod
2229 2224 2445 2287 delicto
2492 2242 2604 2287 suo

252 2330 576 2391 humanam
617 2345 824 2409 pacem
867 2327 1142 2390 sufficere
1183 2345 1309 2388 non
1353 2326 1540 2388 credit
1558 2372 1573 2399 ,
1617 2325 1776 2405 quod
1822 2324 2107 2387 ecelesiae
2132 2324 2355 2387 maurit
2383 2324 2600 2385 erube-

255 2449 427 2494 scere
470 2447 645 2510 quam
688 2430 1145 2491 communicare.
1254 2427 1509 2489 Adsistit
1562 2427 1721 2489 enim
1762 2444 1875 2506 pro
1920 2424 2147 2488 foribus
2192 2426 2322 2487 eius
2341 2471 2356 2498 ,
2426 2433 2487 2486 et
2528 2425 2603 2488 de

253 2541 438 2593 notae
480 2548 623 2594 suae
666 2530 938 2610 exemplo
981 2539 1212 2594 ceteros
1244 2529 1524 2591 admonet
1550 2535 1612 2589 et
1638 2526 1913 2590 lacrimas
1942 2528 2189 2589 fratrum
2221 2525 2336 2588 sibi
2367 2543 2605 2606 quoque

255 2632 532 2707 advocat,
579 2640 643 2694 et
665 2630 824 2693 redit
848 2629 1018 2712 ”plus
1047 2650 1237 2713 usque
1263 2630 1592 2711 negotiata,
1639 2628 2117 2711 compassionem
2161 2628 2387 2691 scilicet
2428 2644 2606 2707 quum

252 2733 872 2796 communicationem.
976 2733 1052 2794 Et
1107 2732 1160 2794 si
1213 2750 1423 2814 pacem
1475 2732 1577 2795 hic
1627 2750 1752 2793 non
1794 2731 2018 2804 metit·,
2080 2729 2236 2810 apud
2298 2729 2606 2791 dominum

252 2836 528 2897 seminat.
591 2834 716 2897 Nec
756 2833 1003 2908 amittit,
1050 2834 1160 2896 sed
1201 2842 1515 2914 praeparat
1553 2835 1830 2895 fructum.
1897 2831 2031 2893 Non
2074 2829 2301 2891 vacabit
2329 2828 2403 2890 ab
2433 2847 2604 2890 emo-

250 2936 556 3009 lumento,
604 2934 657 2995 si
699 2954 824 2996 non
865 2936 1159 2997 vacaverit
1201 2934 1276 2997 ab
1321 2935 1538 2996 officio.
1594 2934 1683 2995 lta
1724 2951 1838 2994 nec
1877 2930 2237 3013 paenitentia
2265 2930 2605 2992 huiusmodi

209 3022 220 3031 ⁵
253 3054 438 3110 vana,
504 3054 616 3099 nec
668 3035 978 3117 disciplina
1019 3037 1331 3100 eiusmodi
1387 3037 1534 3098 dura
1578 3043 1689 3097 est.
1804 3032 1992 3095 Deum
2037 3032 2241 3094 amhae
2286 3032 2605 3093 honorant.

254 3136 365 3199 Illa
393 3137 553 3199 nihil
594 3136 709 3199 sibi
743 3130 1109 3199 ‘blandiendo
1154 3137 1380 3199 facilius
1437 3134 1807 3217 impetrabit,
1874 3134 1989 3196 ista
2046 3133 2194 3195 nihil
2250 3131 2365 3194 sibi
2421 3132 2603 3194 adsu-

252 3237 477 3301 mendo
521 3238 759 3319 plenius
803 3238 1120 3300 adiuvabit:
1724 3298 1733 3305 ,

286 3330 300 3340 ’
426 3340 758 3403 Possumus
800 3339 980 3420 igitur
1024 3338 1372 3401 demandata
1413 3338 1809 3419 paenitentiae
1867 3335 2247 3399 distinctione
2304 3335 2378 3396 ad
2431 3326 2603 3415 ipso·-

248 3459 390 3503 rum
434 3441 550 3504 iam
594 3440 944 3503 delictorum
987 3440 1219 3520 regredi
1264 3458 1542 3513 censum,
1588 3458 1664 3500 an
1711 3439 1812 3501 ¹ea
1857 3437 2008 3511 sint,
2063 3454 2214 3517 quae
2256 3436 2487 3498 veniam
2529 3435 2603 3498 ab

2643 3356 2748 3413 Cap.
2769 3356 2838 3402 lv,

248 3540 638 3604 ²hominibus
683 3541 969 3623 consequi
1011 3540 1270 3621 possint.
1343 3539 1622 3622 Inprimis
1668 3540 1828 3619 quod
1870 3537 2201 3601 moechiam
2246 3545 2306 3598 et
2345 3538 2605 3599 fornica-
2726 3570 2735 3581 ·

250 3726 338 3779 21.
376 3726 438 3777 Et
471 3729 592 3779 delet
624 3729 852 3779 Latinius.

394 3794 511 3860 Cap.
547 3795 630 3847 m.
705 3795 749 3845 1.
786 3809 931 3859 quam
967 3797 1170 3846 maxime
1208 3795 1393 3845 delinivi
1430 3795 1565 3844 venia
1587 3802 1734 3844 caret.
1785 3792 1833 3843 Si
1859 3793 1985 3841 enim
2020 3793 2071 3841 A.
2145 3791 2233 3839 lb.
2273 3791 2415 3840 Omni
2453 3790 2601 3840 Nicol.

247 3862 498 3925 Racilius.
604 3861 653 3911 2.
687 3864 821 3913 venia
857 3864 908 3913 Δ.
1014 3862 1061 3915 3.
1098 3863 1411 3927 consequitur
1446 3862 1674 3912 Latinius.
1780 3860 1828 3910 4.
1866 3859 2050 3921 agenda
2088 3858 2246 3907 om.A.
2351 3857 2398 3905 5.
2436 3863 2603 3917 agetur

250 3928 330 3990 D„
369 3929 498 3981 Futv.
523 3931 735 3981 Ursinus.
822 3929 870 3979 6.
905 3930 1068 3994 itaque
1100 3931 1223 3981 ABG.
1293 3932 1457 3994 utique
1494 3929 1557 3978 ita
1592 3930 1666 3990 D„
1705 3928 1835 3979 Fulv.
1866 3927 2075 3975 Ursinus.
2171 3923 2219 3973 7.
2257 3924 2385 3988 quod
2421 3925 2472 3973 A.
2554 3922 2602 3975 8.

251 3999 588 4061 consequitur,
625 3998 802 4047 frustra
837 3998 1025 4060 agitnr3
1071 4006 1301 4063 quantum
1352 3998 1468 4062 Petr.
1509 3996 1797 4046 ciacconius.
1900 3992 1949 4043 9.
1986 3993 2098 4057 plus
2133 4004 2289 4055 usque
2325 4006 2422 4055 eqo.
2491 3990 2605 4055 plus

249 4063 425 4128 utique
457 4065 682 4127 9„qu
704 4065 914 4115 Ursinus.
981 4065 1189 4130 plusque
1209 4065 1332 4116 ABG.
1401 4063 1726 4129 precibusque
1754 4062 1983 4113 Latinius.
2053 4058 2166 4124 plus
2202 4058 2318 4124 quid
2336 4059 2605 4109 Fulunius.

249 4130 374 4195 plus
405 4131 615 4198 plusque
647 4133 740 4183 Ios.
758 4132 980 4196 Scaliger.

397 4200 514 4264 Cap.
553 4199 625 4249 Ν.
701 4200 743 4249 1.
782 4214 838 4250 ea
876 4200 963 4249 GD.
999 4202 1118 4251 liber
1138 4200 1395 4250 amanis.
1465 4198 1588 4251 haec
1619 4198 1752 4249 Fulv.
1773 4197 1980 4247 Ursinus.
2053 4194 2145 4244 hae
2178 4193 2267 4243 ΑΒ.
2363 4193 2409 4243 2.
2447 4195 2607 4243 homi-

251 4265 407 4316 nibus
439 4268 666 4329 Latinius,
704 4268 798 4318 10³.
815 4268 1040 4330 Scaliger.
1110 4268 1338 4317 omnibus
1371 4267 1535 4318 ABGD.

332 4403 449 4466 Cap.
468 4399 552 4452 111.
588 4417 631 4452 a.
668 4402 729 4453 Et
763 4404 806 4453 si
839 4416 1011 4469 pacem
1045 4403 1127 4453 hic
1161 4416 1259 4453 non
1277 4416 1384 4452 me-
1485 4410 1605 4461 tere,
1643 4408 1696 4451 ut
1728 4400 1885 4449 sciant
1918 4413 1973 4448 se
2008 4397 2351 4462 poenitentiam
2386 4393 2604 4459 perditu-

249 4467 340 4535 tit]
377 4470 500 4521 Hinc
532 4470 825 4521 emollienda
860 4478 976 4521 sunt
1007 4484 1134 4534 quae
1153 4469 1384 4534 deinceps
1484 4482 1582 4520 ros.
1635 4467 1872 4517 Nimirum
1893 4465 2237 4530 poenitentium
2263 4462 2456 4527 quidem
2480 4461 2609 4524 apud

248 4546 521 4589 occurrent
536 4538 834 4599 duriuscule,
872 4537 1000 4603 qnod
1024 4537 1244 4589 videlicet
1262 4551 1382 4602 pae—
1486 4536 1709 4585 homines
1753 4534 1978 4597 perdent,
2030 4547 2127 4583 non
2176 4530 2301 4595 apud
2352 4529 2513 4588 deum,
2562 4536 2611 4578 et

243 4605 512 4657 nitentium
566 4603 793 4657 lacrimas
849 4606 1039 4657 ieiunae
1089 4606 1226 4670 pacis
1272 4618 1384 4655 esse
1484 4602 1688 4679 fundent
1722 4601 1949 4651 lacrimas
1983 4601 2170 4651 ieiunas
2195 4597 2331 4663 pacis
2351 4597 2608 4658 humanae,

244 4673 410 4739 iubet,
446 4671 577 4739 quod
610 4675 919 4737 poenitentes
962 4674 1032 4727 iu
1077 4672 1179 4726 vult
1210 4673 1384 4739 poeni-
1484 4685 1585 4722 non
1619 4677 1780 4721 autem
1818 4670 2019 4722 divinae.
2054 4665 2270 4733 (stig-lt.)
