3263 5311
1159 424 1233 464 An
1278 421 1568 468 amour-:s
1612 425 1727 469 ιω.
1757 425 1799 468 1.
2383 383 2394 394 ’
2529 412 2654 476 309

474 569 594 630 Vos
658 568 866 648 igitur,
933 569 1076 631 alias
1132 571 1564 654 diligentissimi
1625 593 1695 636 ac
1747 574 2204 654 pertinacissimi
2274 577 2652 642 discussores
2692 599 2903 655 cap.n1.

229 746 239 757 ⁸
290 671 593 733 scelerum
654 669 835 749 longe
890 670 1186 732 minorum
1205 717 1221 745 ,
1288 692 1421 735 cum
1478 674 1693 737 talibus
1749 682 1868 736 tam
1925 675 2243 738 horrendis
2297 685 2358 739 et
2411 697 2652 742 omnem

294 771 664 852 impietatem
706 772 1118 850 supergressis
1162 791 1291 833 eam
1335 774 1693 854 diligentiam
1723 775 2043 849 deseratis,
2090 794 2284 856 neque
2312 780 2649 842 consessio-

294 892 436 936 nem
478 870 854 951 recipiendo,
899 872 1291 934 iudicantibus
1322 891 1563 955 semper
1589 875 2027 951 laborandam·,
2072 895 2264 957 neque
2295 879 2648 958 exquisitio-

292 992 432 1035 nem
478 971 837 1053 digerendo,
902 972 1347 1036 damnatoribus
1406 993 1646 1055 semper
1698 976 2156 1051 consulendam,
2224 978 2340 1040 iam
2406 990 2651 1060 apparet

298 1091 477 1136 omne
517 1073 580 1134 in
623 1091 739 1133 nos
784 1073 1005 1135 crimen
1036 1092 1157 1135 non
1187 1075 1432 1137 alicuius
1465 1076 1741 1148 sceleris,
1786 1077 1894 1138 sed
1922 1078 2183 1140 nominis
2211 1079 2402 1159 dirigi.
2459 1081 2645 1154 Adeo,

296 1174 351 1236 si
392 1175 467 1236 de
511 1172 824 1236 criminum
867 1174 1113 1235 veritate
1155 1178 1491 1250 constaret,
1548 1177 1682 1257 ipsa
1724 1177 2037 1240 criminum
2080 1180 2318 1241 nomina
2364 1180 2643 1243 ’damna-

294 1283 459 1348 rent,
506 1275 559 1336 si
600 1276 1145 1349 accommodarent,
1189 1284 1257 1338 ut
1298 1277 1379 1338 ita
1420 1277 1906 1356 pronuntiaretur
1941 1279 2005 1340 in
2036 1297 2184 1342 nos:
2228 1280 2398 1344 Illum
2442 1280 2641 1342 homi-

290 1376 518 1450 cidam,
565 1375 653 1437 vel
696 1376 1017 1449 incestum,
1089 1376 1175 1438 vel
1218 1377 1609 1457 quodcunque
1653 1377 1966 1452 iactamur,
2025 1380 2189 1454 duci,
2247 1379 2512 1460 ’suffigi,
2568 1382 2642 1442 ad

264 1475 527 1552 ,bestias
572 1475 698 1537 dari
740 1476 948 1557 placet.
1022 1478 1212 1538 Porro
1258 1479 1588 1539 sententiae
1630 1486 1862 1541 vestrae
1902 1479 2050 1542 nihil
2093 1479 2207 1541 nisi
2241 1479 2642 1543 Christianum

206 1615 211 1616 ff
288 1579 633 1640 confessum
696 1575 921 1638 notan't.
1036 1577 1273 1640 Nullum
1324 1577 1587 1640 criminis
1643 1595 1862 1640 nomen
1905 1588 2141 1653 exstat,
2205 1581 2323 1642 nisi
2375 1582 2639 1644 nominis

287 1678 515 1739 crimen
559 1686 671 1739 est.
740 1677 905 1738 Haec
945 1677 1166 1739 etenim
1210 1687 1299 1739 est
1343 1697 1546 1740 revera
1588 1680 1742 1739 ratio
1785 1678 1982 1742 totius
2019 1679 2140 1741 odii
2183 1680 2467 1744 adversus
2497 1701 2637 1743 nos..

286 1778 519 1840 Nomen
562 1778 624 1840 in
668 1796 844 1839 causa
887 1788 1007 1854 est,
1072 1778 1231 1857 quod
1275 1777 1557 1857 quaedam
1603 1779 1834 1842 occulta
1878 1780 1964 1842 vis
2007 1798 2116 1859 per
2160 1789 2414 1843 vestram
2458 1783 2634 1862 igno-

286 1879 537 1942 rantiam
581 1887 911 1958 oppugnat,
980 1886 1043 1940 ut
1096 1878 1297 1939 nolitis
1355 1878 1508 1940 scire
1562 1898 1674 1960 pro
1731 1887 1894 1941 certo
1952 1881 2110 1959 quod
2165 1899 2284 1941 vos·
2317 1900 2426 1960 pro
2471 1890 2636 1943 certo

210 2023 213 2032 f
285 1979 517 2043 nescire
562 1978 706 2041 certi
753 1979 930 2053 estis,
977 1989 1036 2042 et
1077 1979 1213 2041 ideo
1257 1997 1369 2041 nec
1410 1980 1651 2044 creditis
1695 1999 1844 2059 quae
1887 1999 2014 2042 non
2050 1981 2412 2061 probantur,
2456 1989 2516 2042 et
2557 2001 2634 2044 ne

281 2080 719 2161 'reprobentur
757 2081 958 2153 facile,
1016 2098 1138 2141 non
1179 2080 1354 2144 vultis
1399 2080 1734 2159 inquirere,
1793 2090 1859 2142 ut
1899 2099 2119 2143 nomen
2162 2063 2463 2143 inimicum
2519 2081 2634 2144 sub

283 2181 770 2260 praesumptione
813 2181 1123 2243 criminum
1165 2180 1460 2260 puniatur.
1523 2181 1686 2243 Adeo
1732 2189 1797 2243 ut
1839 2181 1914 2242 de
1957 2182 2199 2244 nomine
2244 2181 2483 2244 inimico
2526 2199 2631 2243 re-

286 2281 557 2352 cedatur,
601 2280 738 2342 ideo
783 2299 1001 2359 negare
1045 2280 1484 2361 compellimur,
1532 2280 1747 2344 dehinc
1785 2290 2070 2360 negantes
2106 2280 2458 2356 liberamur,
2506 2290 2630 2343 tota

286 2379 631 2459 impunitate
672 2383 1163 2462 praeteritorum,
1209 2383 1324 2474 iam
1366 2399 1489 2442 non
1533 2383 1763 2444 cruenti
1806 2400 1999 2461 neque
2041 2381 2288 2455 incesti,
2334 2382 2469 2461 quia
2508 2401 2626 2444 no-

282 2499 417 2542 men
462 2459 607 2543 illud
648 2483 977 2545 amisimus,
1042 2483 1161 2544 Sed
1206 2483 1345 2544 dum
1388 2483 1535 2544 haec
1575 2483 1729 2544 ratio
1767 2502 1879 2544 suo
1911 2482 2044 2543 loco
2077 2482 2473 2569 ostenditurb,
2517 2500 2628 2543 vos

280 2600 449 2661 quam
492 2582 877 2663 insequimini
923 2584 996 2643 ad
1041 2584 1537 2665 expugnationem
1567 2582 1898 2657 ‘'nominis,
1946 2582 2131 2644 edite:
2177 2583 2335 2663 quod
2368 2582 2629 2644 nominis

281 2684 534 2757 crimen,
580 2703 732 2764 quae
775 2687 1033 2757 offensa,
1100 2703 1249 2764 quae
1291 2682 1506 2762 culpa?
1590 2684 2019 2746 Praescribitur
2073 2684 2230 2746 enim
2285 2682 2452 2744 vobis
2504 2700 2628 2743 non

280 2798 493 2863 posse·
539 2785 784 2847 crimina
829 2786 1066 2847 obicere
1107 2803 1257 2865 quae
1299 2802 1492 2863 neque
1532 2784 1872 2846 institutum
1930 2782 2164 2862 dirigit‘¹
2203 2800 2397 2861 neque
2441 2782 2622 2860 ⁵pro-

414 2936 535 2999 Cap.
570 2936 649 2985 ut.
737 2937 780 2986 l.
816 2936 1129 2999 damnarent,
1166 2939 1206 2986 si
1244 2936 1668 2986 accommodarent
1701 2948 1799 2998 eqo.
1880 2932 2188 2984 damnaretis.
2244 2946 2304 2981 au
2341 2933 2625 2983 commoda-

280 3010 389 3053 rent
418 3004 525 3069 Δφ.
596 3004 918 3064 damnaretis,
956 3020 1015 3054 ac
1047 3004 1411 3053 commodarent
1442 3021 1488 3053 u.
1559 3004 1798 3052 damnatis
1823 3000 2246 3053 accommodarent
2280 3001 2324 3048 b.
2429 2998 2477 3049 2.
2514 3000 2621 3049 sul'-

274 3069 353 3119 fici
383 3071 464 3120 Aa.
542 3069 587 3120 3.
624 3072 947 3135 reprobentur
981 3071 1123 3121 facile
1162 3072 1482 3133 Gomorredus.
1531 3071 1800 3133 prob'eutur
1833 3067 1975 3119 facile
2008 3068 2120 3118 Aah.
2169 3066 2436 3130 probentur
2470 3066 2625 3115 falsae

271 3137 777 3203 siqebstoevermpus
812 3143 873 3189 ad
895 3139 1081 3189 Ter-tull.
1103 3139 1297 3202 Apoloy.
1330 3153 1429 3201 cup.
1450 3136 1497 3187 2.
1528 3153 1578 3201 p.
1600 3135 1686 3188 35.
1787 3136 1838 3187 4.
1873 3134 2100 3184 nominis.
2147 3132 2283 3184 Edite
2320 3133 2452 3197 quod
2486 3134 2619 3198 Αφα.

266 3202 313 3253 5.
348 3206 582 3269 probatio
619 3207 893 3270 Leopoldus.
1348 3212 1369 3227 ⁹

306 3338 441 3403 „Cap
479 3339 576 3389 tlt.
633 3339 908 3389 Concordat
950 3339 1247 3403 Apologetici
1286 3353 1390 3401 cap.
1490 3338 1564 3386 vel
1600 3336 1929 3401 spiculatoris,
1965 3334 2277 3393 beneficiarii,
2322 3333 2500 3384 curiosi
2536 3340 2622 3382 aut

263 3404 303 3454 1.
340 3415 387 3457 et
422 3406 470 3456 2.
848 3455 857 3462 ,
1493 3404 1695 3455 alterius
1746 3403 2019 3462 accusatio,
2081 3402 2340 3461 iudicium,
2410 3401 2619 3460 notoria,

321 3489 362 3522 a.
399 3467 758 3538 laborandam]
795 3474 867 3523 Cl.
900 3473 1051 3523 Tacit.
1084 3474 1245 3523 Germ.
1283 3488 1389 3536 cap.
1493 3471 1675 3522 oblatio
1711 3471 1813 3531 rei,
1849 3470 2024 3533 quibus
2060 3468 2343 3519 solemniter
2375 3468 2619 3518 accusatio

252 3539 316 3589 46
349 3541 517 3601 „frum
538 3548 649 3589 enta
666 3548 951 3604 ceterosque
981 3541 1166 3590 fructus
1200 3540 1390 3604 patien-
1491 3553 1579 3589 seu
1608 3538 1836 3588 iudicium
1867 3535 2116 3593 criminale
2139 3536 2375 3597 dirigitur,
2405 3534 2619 3585 institui-

250 3607 344 3657 tius
364 3622 513 3672 quam
552 3622 648 3673 pre
671 3607 813 3657 solita
843 3610 1193 3658 Germanorum
1218 3608 1389 3656 inertia
1493 3613 1587 3664 tur,
1627 3618 1846 3669 quaeque
1882 3603 2026 3653 etiam
2062 3611 2314 3653 accusator
2348 3615 2434 3651 reo
2469 3601 2618 3653 edere

254 3675 519 3726 tabere-nst
583 3674 753 3724 Horat.
788 3674 940 3739 Epod.
968 3674 1018 3734 V,
1050 3673 1133 3723 60.
1171 3674 1387 3737 Propert.
1492 3672 1708 3733 cogitur,
1761 3678 1812 3721 ut
1844 3672 1968 3721 sciat
2012 3670 2187 3733 quibus
2236 3670 2301 3717 sit
2335 3668 2617 3717 criminibus

255 3740 381 3803 Eleg-
418 3742 495 3803 IV,
534 3742 590 3803 3,
632 3739 715 3791 33.
770 3776 780 3787 .
1491 3751 1838 3803 responsurus.
1907 3737 2073 3800 ltaque
2121 3748 2229 3783 mox
2277 3734 2411 3782 bisce
2459 3733 2616 3781 verbis

316 3809 365 3859 b.
399 3810 499 3860 Sed
525 3811 651 3860 dum
686 3809 805 3858 baec
822 3809 947 3857 ratio
966 3822 1057 3857 suo
1084 3806 1193 3856 loco
1222 3813 1390 3855 osten·
1490 3805 1791 3868 respondent
1824 3804 2077 3867 sequeutia
2111 3801 2225 3852 illa:
2262 3800 2386 3863 quod
2404 3800 2620 3863 praesidi

250 3871 399 3941 ditur]
432 3875 813 3940 Apologeticum
849 3875 927 3924 bic
960 3875 1159 3923 omuino
1193 3873 1390 3927 indicat.
1491 3876 1730 3936 offeratur.
1783 3871 1845 3920 Et
1877 3870 2092 3930 alioquin
2128 3866 2377 3916 instituere
2412 3879 2618 3915 accusa-

250 3940 430 4007 Nempe
466 3944 519 3993 in
549 3941 920 4004 Apologeticum
953 3942 1045 3990 iam
1080 3940 1390 3990 incumbebat
1491 3939 1674 3989 tionem
1727 3950 1814 3986 seu
1868 3936 2051 3984 crimen
2104 3934 2223 3983 iuris
2288 3932 2432 3981 verba
2483 3938 2617 3981 sunt.

248 4007 584 4060 Tertullianus
624 4020 733 4057 cum
786 4009 935 4057 hosce
981 4007 1229 4056 libellulus
1262 4007 1389 4056 scri·
1488 4006 1609 4055 ltem
1646 4003 1849 4053 instituti
1897 4000 2040 4051 huius
2077 3999 2340 4050 criminalis
2387 4013 2503 4061 pars
2538 4006 2618 4047 est

246 4073 409 4137 beret,
449 4085 609 4140 atque
644 4074 692 4124 in
730 4086 841 4123 eum
876 4074 1085 4138 aliquam
1122 4073 1272 4125 multa
1309 4072 1388 4123 bic
1487 4070 1708 4122 defensio
1742 4069 1813 4119 rei
1848 4076 1896 4119 et
1929 4068 2003 4117 sic
2036 4081 2210 4117 causae
2244 4066 2517 4131 peroratio,
2567 4072 2620 4114 et

242 4142 425 4192 omissa
472 4142 651 4193 studio
697 4148 747 4190 et
787 4140 965 4191 iudicio
1011 4141 1212 4190 distulit.
1265 4140 1384 4201 (Go-
1486 4146 1603 4203 post
1634 4137 1756 4187 haee
1789 4134 1962 4185 iudicis
1998 4134 2222 4196 cognitio.
2283 4133 2499 4197 Denique
2533 4131 2613 4180 iu-

242 4208 410 4269 tbot'r.)
1484 4206 1703 4256 stitutum
1741 4210 1816 4253 est
1848 4200 1989 4261 ordo,
2032 4215 2295 4266 processus
2330 4198 2615 4259 criminaliS,

309 4290 351 4325 c.
390 4275 757 4325 Praescribitur
782 4274 1065 4329 enimvobis
1089 4287 1185 4323 nou
1211 4267 1384 4336 posse]
1483 4272 1642 4322 stilus.
1711 4270 1936 4320 Proximo
1981 4282 2129 4318 sensu
2176 4269 2230 4317 in
2262 4267 2297 4316 l.
2333 4268 2367 4316 4
2430 4266 2484 4316 C.
2520 4265 2610 4314 Th.

238 4354 315 4391 sc.
346 4356 464 4404 vos,
512 4344 605 4406 qui
642 4342 941 4391 accusativus
986 4340 1278 4405 repetendus
1327 4352 1384 4388 ex
1486 4341 1701 4407 Quorum
1738 4336 1922 4400 appell.
1951 4348 2050 4385 uon
2074 4335 2254 4398 recip.:
2291 4338 2611 4397 „oportuerat

236 4409 386 4457 nbis.
460 4409 551 4459 De.
573 4408 710 4457 verbi
750 4410 1067 4472 μακωνίδων
1112 4407 1382 4469 significatu
1484 4414 1531 4453 te
1566 4403 1748 4469 publici
1784 4402 1985 4453 instituti
2037 4409 2264 4465 respectu
2299 4398 2608 4449 consessione

242 4473 387 4525 adeas
424 4477 603 4525 adnot.
644 4474 706 4524 ad
738 4475 893 4538 Apulo
927 4511 940 4524 .
978 4489 1084 4538 cap.
1121 4473 1172 4522 7.
1358 4498 1367 4505 ·
1482 4471 1700 4521 detectos
1735 4470 1897 4530 legum
1932 4468 2190 4518 severitate
2219 4465 2448 4530 punire.“
2485 4464 2608 4539 (Go-

306 4540 353 4590 d.
391 4542 679 4592 institutum
724 4540 886 4602 dirigit
981 4540 1251 4591 institutum
1306 4544 1380 4588 est
1480 4537 1651 4597 tbol'r.)
1719 4535 1790 4585 De
1838 4534 1981 4584 verbo
2030 4536 2256 4595 diriqere,
2314 4530 2454 4604 quod·
2489 4535 2606 4577 item

238 4606 455 4667 primum
493 4609 819 4668 accusatoris,
856 4606 1376 4671 indici-,apparitoris
1480 4604 1706 4655 ictorum
1751 4609 1828 4653 est
1869 4615 1961 4666 pro
2008 4600 2274 4655 intendere,
2311 4612 2354 4646 v.
2401 4594 2614 4649 Dirksen

2699 4812 2706 4819 υ

52 5050 203 5257 w
