3263 5311
754 403 878 473 ⁵772
1273 425 1477 478 onum
1522 417 1786 469 snr'rmt
1827 413 2158 470 nonnitus
2204 425 2583 471 rnnrnumu

665 609 672 616 ·
752 578 949 638 denuo
992 563 1178 637 nnbat
1218 576 1462 654 (quanto
1506 575 1696 656 magis
1738 576 1899 638 enim
1943 575 2322 660 non'nubet,
2369 576 2423 638 si
2446 573 2595 638 filios
2621 573 2893 652 habeatl),
2928 574 3013 636 sed

470 1009 731 1064 Garum-1.

496 1097 731 1150 Apoc.1‚e.

501 1366 603 1409 ιον.
615 1366 723 1418 xxi,

573 1419 611 1459 1.
626 1418 689 1462 11.

477 2198 585 2253 cap.
599 2173 714 2242 vm.

754 678 873 739 ¹⁹ut
916 678 969 739 si
1011 676 1317 749 habuerit,
1362 696 1395 738 a
1439 677 1559 738 filio
1601 676 1804 757 potius
1848 676 2039 737 alatur
2078 695 2255 756 quam
2311 696 2346 738 a
2385 685 2580 758 patre,
2636 694 2745 756 quo
2793 686 2847 737 et
2890 674 3009 735 filius

752 785 1133 858 praeceptum
1190 776 1284 839 dei
1341 784 1731 858 exsequatur,
1802 775 2046 839 Honora
2110 787 2341 859 patrem
2410 787 2469 841 et
2535 786 2781 840 matrem.
2844 773 3014 850 ,²⁸Nos

748 888 946 942 autem
991 878 1157 939 [esus
1200 895 1469 940 summus
1510 877 1792 940 sacerdos
1838 885 1900 938 et
1939 877 1981 909 ²¹
1996 893 2244 958 magnus
2290 879 2481 959 patris
2536 879 2607 940 de
2657 895 2758 939 suo
2808 875 3011 937 vestiens

752 980 914 1059 (quia
956 978 1057 1058 qui
1111 978 1174 1039 in
1220 978 1457 1041 Christo
1516 979 1897 1058 tinguuntur,
1954 977 2257 1048 Christum
2309 980 2674 1056 induerunt),
2735 976 3013 1040 sacerdotes

752 1080 867 1142 deo
907 1079 1061 1160 patri
1106 1098 1219 1140 suo
1265 1079 1463 1153 seoitfl,
1509 1079 1835 1142 secundum
1879 1079 2186 1141 Ioannem.
2260 1081 2409 1143 Nam
2451 1089 2511 1143 et
2548 1080 2702 1144 illum
2728 1078 3013 1140 adulescen-

751 1189 870 1243 tem
915 1180 1293 1243 festinantem
1337 1180 1411 1242 ad
1456 1180 1768 1260 exsequias
1811 1181 1999 1261 patris
2044 1181 2181 1244 ideo
2223 1191 2492 1257 revocat,
2549 1190 2614 1243 ut
2653 1179 2898 1242 ostendat
2938 1193 3015 1236 sa·
3094 1191 3104 1206 ·

748 1282 1025 1344 cerdotes
1069 1300 1182 1343 nos
1229 1281 1425 1368 vocari
1470 1281 1544 1343 ab
1587 1300 1694 1360 eo„
1739 1280 1949 1360 ”quos
1992 1282 2087 1344 lex
2129 1282 2361 1345 vetabat
2402 1291 2701 1364 parentum
2741 1278 3013 1358 sepulmrae

752 1384 999 1445 adesse:
1066 1382 1262 1462 Super
1316 1400 1584 1456 omnem,
1649 1381 1873 1460 inquit,
1938 1382 2195 1444 animam
2250 1383 2583 1446 defunetam
2636 1380 2884 1443 sacerdos
2925 1392 3015 1437 nou

747 1483 1020 1546 introibit
1061 1490 1122 1544 et
1165 1499 1350 1560 super
1385 1490 1618 1562 patrem
1662 1500 1838 1544 suum
1882 1491 1946 1544 et
1985 1502 2171 1563 super
2210 1493 2461 1546 matrem
2511 1501 2673 1546 suam
2711 1499 2821 1542 non
2855 1483 3017 1541 conta·

747 1585 1086 1648 minabitur.
1161 1583 1318 1662 Ergo
1365 1591 1425 1645 et
1465 1601 1579 1645 nos
1621 1582 1741 1645 hoc
1781 1584 2162 1646 interdictum
2206 1585 2525 1648 observare
2566 1579 2869 1646 debemus?
2918 1576 3016 1638 Non

747 1685 971 1765 utique.
1035 1683 1190 1745 Vivit
1230 1683 1390 1745 enim
1418 1683 1688 1746 ”unicus
1731 1692 1903 1765 pater
1943 1693 2155 1748 noster
2196 1685 2346 1748 deus
2391 1697 2454 1748 et
2492 1694 2675 1749 mater
2709 1680 2940 1752 ecclesia,
2972 1682 3017 1737 ul

748 1785 998 1865 ”neque
1040 1784 1262 1847 mortui
1308 1802 1551 1857 sumus,
1610 1785 1712 1864 qui
1754 1784 1925 1847 ”deo
1968 1787 2254 1860 vivimus,
2320 1806 2517 1868 neque
2558 1789 2809 1849 mortuos
2847 1777 3015 1859 sepeli-

748 1904 917 1961 mus,
983 1886 1118 1965 quia
1175 1892 1234 1946 et
1289 1884 1373 1946 illi
1428 1884 1633 1948 vivunt
1684 1885 1743 1946 in
1804 1886 2064 1949 Christo.
2122 1880 2144 1903 ‘
2175 1889 2351 1951 Certe
2416 1888 2744 1951 sacerdotes
2784 1898 2953 1947 sumus
2990 1894 3017 1939 a

751 1985 988 2048 Christo
1033 1985 1255 2059 vocati,
1317 1985 1730 2065 monogamiae
1773 1986 2111 2061 debitores,
2176 2008 2251 2051 ex
2291 1990 2554 2069 pristina
2595 1988 2685 2050 dei
2723 1987 2863 2066 lege,
2909 1994 3018 2060 quie

751 2103 866 2146 nos
911 2094 1053 2150 tunc
1095 2075 1157 2147 in
1203 2086 1332 2148 suis
1377 2086 1786 2149 sacerdotibus
1829 2090 2222 2169 prophetavit.

921 2186 1093 2248 Nunc
1135 2187 1209 2249 ad
1249 2187 1441 2266 legem
1485 2188 1730 2268 proprie
1772 2197 2075 2266 nostram,
2121 2190 2184 2251 id
2227 2198 2322 2253 est
2364 2191 2473 2255 ‘ad
2500 2190 2876 2269 evangelium.
2910 2198 3017 2243 ⁰⁰¹¹·

743 2287 906 2350 versi
949 2287 1220 2368 qualibus
1265 2288 1592 2369 excipimur
1635 2289 1954 2370 exemplis,
1998 2291 2142 2354 dum
2180 2292 2257 2354 ad
2300 2292 2629 2356 sententias
2668 2276 3018 2372 pervenimus?

743 2390 898 2451 Ecce
943 2388 1143 2450 statim
1186 2389 1355 2468 quasi
1400 2389 1462 2450 in
1505 2389 1744 2453 ‘limine
1786 2390 1972 2454 ³duae
2015 2393 2191 2454 nobis
2236 2395 2536 2457 antistites
2560 2392 2891 2464 Christianae
2912 2376 3017 2444 sail-

747 2489 967 2551 ctitatis
1014 2499 1366 2563 occurrunt,
1425 2491 1803 2571 monogamia
1847 2501 1908 2553 et
1961 2493 2356 2569 continentia,
2428 2495 2537 2559 alia
2581 2493 2805 2576 pudica,
2854 2489 2903 2550 in
2934 2482 3016 2544 Za·

747 2589 945 2651 charia
987 2590 1327 2664 sacerdote,
1374 2590 1484 2653 alia
1527 2592 1792 2671 integra,
1836 2593 1898 2655 in
1943 2594 2165 2657 Ioanne
2207 2603 2629 2672 antecursore,
2673 2595 2777 2657 alia
2814 2589 3017 2671 ⁴9¹³&OE

746 2692 954 2763 deum,
1000 2691 1111 2753 alia
1153 2692 1500 2771 praedicans
1544 2691 1875 2768 Christum,
1923 2695 2034 2758 alia
2079 2703 2271 2759 totum
2313 2699 2664 2778 praedicans
2705 2691 3019 2757 sacerdotem,

746 2792 858 2855 alia
900 2793 1035 2873 plus
1078 2794 1424 2873 praeterens
1467 2813 1644 2873 quam
1672 2795 2072 2876 “prophetem
2114 2798 2345 2861 scilicet
2387 2819 2526 2864 eum
2570 2800 2668 2881 qni
2709 2814 2821 2860 non
2849 2797 3021 2854 ianm

743 2894 1173 2974 praedicaverit
1215 2903 1318 2956 aut
1371 2896 1873 2959 demonstraverit
1925 2915 2155 2973 ceram,
2220 2918 2432 2963 verum
2489 2903 2665 2964 etiam
2715 2884 3023 2976 baptizaverit

745 2992 1110 3056 Christum..
1159 2995 1308 3068 Quis
1353 2997 1511 3059 enim
1557 3015 1791 3077 corpus-
1819 2998 2044 3060 domini
2099 2998 2340 3079 dignius
2396 3002 2658 3064 initiaret
2713 3015 2867 3080 quam
2901 2990 3023 3053 eius-

744 3095 907 3156 modi
973 3115 1111 3157 caro
1175 3096 1365 3175 qualis
1423 3106 1483 3160 et
1524 3098 1801 3178 concepit
1838 3098 1986 3161 illud
2030 3109 2090 3161 et
2130 3101 2414 3180 peperit?
2496 3103 2573 3164 Et
2615 3101 2889 3165 Christum
2922 3087 3021 3171 qui·

745 3186 879 3256 dem
940 3196 1106 3276 virgo
1166 3197 1338 3259 enixa
1392 3206 1538 3273 est·,
1613 3198 1800 3261 semel
1850 3208 2105 3280 nuptura
2164 3201 2340 3282 ‘post
2393 3214 2660 3283 partum,
2727 3208 2792 3263 ut
2834 3204 3027 3270 ulem&

743 3295 995 3358 titulusb
1039 3299 1368 3360 sanctitatis
1413 3300 1476 3361 in
1522 3299 1745 3361 Christi
1789 3301 2539 3383 censu-dispungeretur⁶,
2596 3321 2703 3383 per
2738 3307 2947 3362 matrem
2976 3295 3026 3348 d

739 3395 1029 3475 virginem
1074 3407 1135 3458 et
1177 3399 1487 3462 univiram.
1582 3400 1660 3463 At
1700 3400 1802 3492 ubi
1845 3401 2039 3464 infans
2083 3402 2305 3483 templo
2351 3405 2695 3477 exhibetur,
2748 3399 2869 3483 quis
2902 3392 3027 3456 illum

739 3497 806 3558 in
847 3514 1062 3560 manus
1109 3499 1406 3580 suscipit?
1450 3501 1584 3580 quis
1629 3501 1694 3562 in
1738 3501 1954 3581 spiritu
1995 3502 2224 3583 primus
2268 3505 2591 3584 agnoscit?
2650 3504 2748 3566 Vir
2786 3503 2949 3563 iustus
2980 3495 3025 3548 ά

697 3706 702 3709 ⁴
745 3715 825 3775 19.
862 3723 911 3766 et
944 3717 986 3766 si
1020 3716 1145 3766 ABG.
1251 3717 1331 3771 20.
1367 3719 1472 3770 Non
1510 3726 1670 3770 antem
1708 3722 1749 3772 is
1784 3735 2004 3781 summus
2041 3724 2163 3775 ABG.
2270 3723 2351 3775 21.
2390 3741 2548 3787 agnus
2593 3727 2680 3776 Ios.
2704 3722 2901 3785 Scaliger.
2965 3706 3033 3760 ²2·

741 3784 870 3851 qnod
909 3782 959 3833 B.
1065 3782 1148 3834 23.
1185 3787 1347 3836 unitus
1381 3787 1470 3839 AB.
1575 3787 1659 3839 24.
1696 3804 1854 3854 neque
1889 3792 1981 3855 ipsi
2020 3793 2195 3842 mortui
2232 3795 2306 3844 cd.
2409 3791 2497 3843 25.
2536 3792 2595 3843 de
2630 3794 2719 3843 deo
2755 3807 2790 3841 e.

877 3852 996 3917 Cap.
1032 3851 1152 3902 vul.
1239 3855 1282 3905 1.
1319 3854 1386 3921 adr
1415 3857 1712 3918 evangelium
1750 3860 1823 3909 cd.
1858 3859 1979 3909 liber
2015 3859 2255 3910 Clementis
2290 3866 2334 3910 et
2369 3867 2464 3912 tres
2508 3862 2726 3912 Vaticani.
2790 3847 3033 3913 evangeliun
3142 3896 3143 3899 ,

737 3920 925 3971 neae.
1029 3917 1077 3969 2.
1114 3921 1296 3973 lumine
1330 3923 1418 3973 ΑΒ.
1522 3923 1570 3975 3.
1608 3926 1732 3974 duae
1768 3928 1871 3977 bed.
1953 3927 2049 3975 duo
2083 3928 2272 3991 reliqui.
2332 3976 2333 3981 ,
2375 3928 2426 3977 4.
2462 3943 2697 3993 praeeant
2730 3927 2776 3976 Δ.
2869 3920 2912 3969 5.
2940 3926 3033 3981 ΡΝ·
3142 3942 3143 3979 1

740 3988 921 4051 pheten
954 3987 1174 4048 (Afflbcd.
1258 3991 1557 4054 prophetans
1591 3994 1777 4057 reliqui.
1882 3992 1930 4043 6.
1966 4003 2080 4058 post
2120 3995 2305 4047 Anccd.
2349 3996 2557 4047 Vaticani
2588 4003 2695 4047 tres.
2777 3991 2834 4041 ob
2865 3991 2931 4039 ab.

808 4154 857 4202 h.
910 4155 1191 4205 sacerdotes
1245 4158 1336 4208 deo
1390 4159 1515 4223 patri
1580 4174 1670 4209 suo
1724 4156 1859 4226 lecit]
1964 4163 2176 4226 quidem,
2212 4164 2383 4227 inquit,
2421 4164 2541 4215 nibil
2579 4160 2780 4227 amplius
2800 4158 2897 4208 dico
2918 4160 3031 4228 quw

739 4220 810 4271 De
859 4221 952 4270 boc
1003 4221 1113 4272 loco
1174 4225 1235 4274 cr.
1287 4224 1355 4274 De
1403 4226 1647 4276 Exhortat.
1697 4227 1864 4279 Castit.
1964 4231 2201 4280 ecclesiae
2239 4231 2484 4281 hominem
2522 4246 2619 4280 non
2646 4226 2837 4279 luisse.“
2884 4218 3031 4290 01111119

742 4303 849 4352 cap.
869 4287 915 4337 7.
1964 4298 2121 4347 verbis
2145 4298 2685 4363 significatseptimium
2708 4289 2917 4345 nonnulla
2933 4295 3031 4370 ⁵⁶⁰2

809 4356 928 4419 Cap.
961 4354 1081 4406 vul.
1169 4372 1210 4406 a.
1265 4357 1323 4407 Et
1373 4359 1618 4410 Christum
1668 4363 1862 4426 quidem
1964 4366 2123 4429 psisse
2169 4367 2422 4417 catholicis
2471 4368 2670 4417 minime
2706 4366 3003 4413 consertam·

739 4424 871 4484 virgo
920 4423 1054 4474 enixa
1104 4419 1201 4489 est]
1248 4425 1382 4475 Hanc
1417 4427 1700 4479 Tertulliani
1748 4445 1864 4481 sen·
1963 4432 2178 4496 (Rigalt.)

737 4492 937 4541 tentiam
992 4491 1234 4542 adserenti
1294 4492 1510 4545 Helvidio
1581 4498 1864 4548 contradixit
2031 4500 2080 4549 b.
2114 4495 2308 4565 titulus]
2345 4501 2418 4552 Cl.
2438 4500 2602 4551 adnot.
2621 4493 2881 4561 adapolos·
2899 4479 3033 4550 ὕψι

741 4556 1060 4622 Hieronymus
1096 4555 1228 4624 [Λᾶν.
1248 4560 1513 4612 Helvidium
1536 4579 1584 4628 p.
1606 4564 1717 4615 141.
1747 4574 1861 4616 tom.
2033 4583 2075 4617 c.
2100 4563 2511 4632 dispungeretur]
2549 4568 2653 4617 Hoc
2672 4574 2747 4616 est
2778 4558 3039 4625 probmuss

736 4623 815 4675 lv,
860 4626 937 4676 ed.
986 4623 1255 4694 Benedict]
1310 4629 1405 4691 „Et
1456 4630 1517 4680 de
1564 4632 1862 4683 Tertulliano
1966 4634 2040 4687 ct.
2072 4635 2137 4687 de
2156 4650 2215 4686 eo
2236 4637 2381 4687 verbo
2401 4635 2561 4686 adnot.
2582 4635 2642 4684 ad
2659 4632 2848 4697 Apulos·
2867 4612 3041 4686 ⁰⁸1²·37·
