3263 5311
83 2207 115 2272 0-

449 958 559 1014 Cap.
577 955 651 1000 xl.

687 381 814 445 480
1194 394 1398 447 cmm-1
1444 394 1706 438 ssa-rum
1748 393 2082 437 nonanus
2128 393 2519 438 τειιτιιιιωιι

686 546 752 607 in
791 563 972 608 manu
1016 544 1146 606 eius
1207 562 1374 619 sum3
1436 544 1611 607 faciat
1664 544 1825 624 quod
1881 542 2037 619 vult,
2094 562 2220 606 non
2273 543 2549 617 discedo,
2587 552 2682 626 ,et
2734 544 2791 605 si
2842 543 3052 622 perire

685 666 784 709 me
827 646 1017 719 volet,
1062 646 1193 725 ipse
1233 664 1333 706 me
1374 645 1615 725 perdat,
1674 645 1814 707 dum
1856 663 1953 706 me
1997 663 2109 725 ego
2154 663 2329 707 servo
2372 645 2481 706 illi.
2565 644 2717 706 Malo
2760 644 3047 707 invidiam

688 749 742 809 ei
771 749 1004 808 facere⁸
1046 764 1157 827 per
1183 745 1544 807 voluntatem
1572 745 1613 779 ²¹
1629 745 1821 826 ipsius
1847 746 2190 826 pereundo,
2233 745 2468 826 ²²quam
2494 745 2678 807 bilem
2706 764 2818 826 per
2842 763 3046 807 meam

687 846 1009 909 evadendo.

859 947 1023 1008 ¹Hoc
1064 947 1288 1009 sentire
1334 955 1394 1010 et
1435 947 1628 1008 facere
1674 964 1915 1009 omnem
1958 965 2197 1008 servum
2239 948 2337 1010 dei
2378 956 2651 1028 oportet,
2696 947 2873 1009 etiam
2916 945 3042 1009 mi-

687 1048 856 1110 noris
899 1047 1049 1123 loci,
1105 1048 1209 1110 'ut
1248 1048 1496 1110 maioris
1541 1048 1671 1110 fieri
1713 1048 1945 1128 possit,
2000 1047 2056 1108 si
2098 1067 2276 1127 quem
2320 1050 2567 1128 gradum
2607 1048 2707 1109 ⁸in
2749 1065 3043 1127 persecu-

686 1149 869 1210 tionis
913 1148 1292 1211 ‘'tolerantia·
1339 1148 1694 1210 ascenderit.
1761 1147 1919 1210 “Sed
1963 1166 2097 1210 cum
2138 1147 2255 1227 ipsi
2296 1149 2637 1222 auctores⁸‚
2680 1148 2742 1209 id
2766 1148 2915 1211 est·
2924 1147 3045 1228 ipsi

688 1250 983 1312 diaconi⁷
997 1259 1057 1311 et
1096 1248 1494 1329 presbyteri⁸
1507 1258 1570 1311 et
1609 1249 1876 1330 episcopi
1919 1249 2184 1328 fugiunt,
2228 1244 2530 1329 iJuomodo
2570 1248 2756 1312 laicus
2801 1248 3041 1311 intelle·

687 1370 829 1432 gere
873 1350 1124 1430 poterit,
1170 1369 1283 1429 qua
1327 1350 1559 1413 ratione
1603 1351 1855 1413 dictum:
1913 1349 2125 1429 Fugite
2166 1351 2240 1412 de
2284 1350 2514 1412 civitate
2554 1348 2653 1411 'in
2692 1348 3045 1411 civitatem?

683 1453 887 1533 Itaque
931 1471 1064 1514 cum
1109 1450 1290 1513 duces
1335 1450 1617 1530 fugiunv,
1663 1452 1798 1531 quis
1844 1451 1918 1512 de
1959 1451 2231 1531 gregario
2272 1469 2523 1514 nmero
2565 1450 2926 1513 sustinebit*
2966 1451 3047 1513 ad

685 1604 770 1656 21.
808 1605 939 1654 illius
973 1602 1225 1668 pereundo
1260 1604 1348 1653 AB.
1451 1601 1535 1652 22.
1572 1616 1715 1666 ιιιιιιιιι
1751 1602 1893 1652 velim
1927 1604 2045 1653 aaa.

824 1672 942 1737 Cap.
978 1672 1054 1723 xl.
1139 1672 1185 1720 1.
1234 1678 1282 1719 et
1315 1671 1408 1721 bec
1439 1671 1622 1721 sentire
1653 1670 1744 1720 AB.
1850 1669 1898 1720 2.
1948 1678 1998 1721 et
2044 1672 2243 1722 maioris
2276 1671 2364 1722 AB.
2480 1671 2532 1721 3.
2582 1671 2632 1721 in
2681 1671 3049 1735 persecutionis

685 1741 859 1792 ABabc.
931 1754 988 1789 ex
1019 1738 1376 1803 persecutionis
1410 1739 1596 1803 reliqui.
1680 1737 1849 1788 Beatus
1882 1740 2126 1789 Rhenum
2172 1740 2345 1803 coi-riqi
2377 1739 2557 1790 volebat
2603 1739 2646 1788 si
2683 1739 2764 1804 qui
2802 1739 2850 1787 in
2889 1738 3044 1800 &adu

685 1809 734 1858 in
772 1806 1126 1871 persecutionis
1159 1806 1416 1856 tolerantia
1451 1807 1654 1855 steterit.
1756 1804 1806 1854 4.
1857 1806 2131 1856 tollerantia
2180 1805 2489 1856 absconderit
2517 1806 2606 1857 AB.
2710 1806 2758 1855 5.
2796 1805 2894 1854 Sed
2930 1820 3045 1855 eam

685 1876 781 1938 ipsi
817 1882 1041 1923 auctores
1065 1876 1205 1923 ·bcde.
1243 1873 1521 1923 Gorziensis.
1593 1886 1760 1922 secum
1796 1873 1891 1936 ipsi
1925 1880 2062 1923 actor
2092 1874 2210 1925 aaa.
2248 1880 2340 1925 tres
2373 1875 2591 1924 Vaticani.
2674 1874 2765 1922 sed
2799 1886 2911 1923 cum
2945 1873 3045 1937 ἱρά

683 1942 896 1992 lectores
932 1939 1299 2008 (lictoresdtp.)
1333 1942 1384 1991 A.
1401 1957 1462 1991 m.
1476 1957 1566 1990 see.
1640 1940 1737 1989 Sed
1772 1955 1881 1991 cum
1917 1948 2141 2005 pastores
2176 1942 2268 2004 ipsi
2306 1941 2494 1991 diaconi
2531 1942 2791 1991 Βὴεπωιω.
2883 1940 2933 1990 6.
2968 1940 3045 1989 vel

685 2010 780 2074 ipsi
818 2009 1007 2058 diaconi
1044 2008 1130 2059 AB.
1234 2008 1282 2057 7.
1320 2016 1367 2058 et
1400 2008 1671 2072 presbyteri
1707 2011 1808 2058 obe.
1890 2016 1943 2058 ιιι
1976 2009 2243 2073 presbyteri
2276 2009 2331 2059 B.
2408 2008 2677 2073 presbyteri
2711 2009 2901 2074 reliqui.
2990 2006 3043 2057 8.

685 2075 759 2129 vel
796 2077 1013 2142 episcopi
1049 2084 1098 2127 A.
1134 2092 1194 2128 m.
1231 2091 1322 2126 aec.
1425 2075 1474 2126 9.
1512 2076 1561 2125 iu
1597 2076 1870 2127 civitateB.

756 2193 802 2242 g.
839 2178 1063 2228 invidiam
1100 2178 1144 2227 ei
1179 2171 1366 2240 facere]
1421 2176 1526 2227 Hoc
1561 2184 1638 2227 est
1670 2177 1815 2227 deum

687 2249 735 2298 in
774 2246 998 2297 invidiam
1034 2244 1288 2295 adducere.
1325 2245 1645 2322 (Rhenanus.)

1919 2177 1994 2227 ius
2030 2184 2240 2242 praeest.
2290 2137 2413 2227 Hinc
2446 2145 2673 2225 dicuutur
2708 2183 2891 2228 actoru
2930 2175 3043 2226 dia-

1917 2245 2047 2306 coni,
2080 2243 2378 2310 presbyteri,
2414 2244 2664 2308 episcopi,
2699 2245 2811 2309 quia
2847 2245 3043 2308 patroni

756 2315 876 2378 Cap.
909 2312 989 2363 xl.
1032 2328 1075 2361 a.
1125 2313 1174 2361 in
1209 2312 1562 2390 persecutionis
1597 2312 1816 2362 toleran-

688 2377 778 2447 tia]
830 2381 1040 2443 Reposui
1091 2382 1142 2428 ia
1192 2379 1635 2443 praepositionem,
1691 2394 1815 2456 quae

686 2447 1106 2499 instrumentalem
1134 2447 1375 2511 quandam
1414 2448 1491 2498 bic
1526 2448 1673 2498 babet
1705 2448 1814 2497 vim.

686 2516 759 2565 lta
793 2513 970 2564 Arnob.
1009 2514 1448 2572 Adv.Nau.1v,4
1495 2514 1663 2580 „quod
1695 2529 1814 2579 par-

686 2583 750 2634 tis
802 2581 948 2632 unius
1001 2584 1052 2630 in
1094 2582 1312 2644 pulsione
1361 2581 1620 2633 formatum
1672 2589 1763 2632 est.
1778 2581 1813 2605 “

687 2650 810 2702 lbid.
849 2647 913 2700 13
961 2663 1170 2710 „verum
1218 2649 1361 2700 etiam
1408 2650 1522 2700 serii
1573 2658 1716 2714 atque
1762 2652 1816 2700 ἐκ

687 2720 840 2770 moris
887 2720 1039 2768 tetrici
1071 2720 1320 2782 asperitate
1355 2717 1566 2767 durati.“
1638 2717 1812 2768 Minue.

687 2787 834 2837 Felic.
874 2785 1036 2835 Octav.
1074 2799 1178 2848 cap.
1219 2784 1298 2834 11.
1335 2793 1455 2834 extr.
1490 2785 1698 2846 Omnia
1722 2787 1813 2835 ista

684 2857 910 2918 figmenta
950 2853 1075 2902 male
1111 2867 1260 2902 sanae
1296 2853 1541 2916 opinionis
1577 2861 1625 2902 et
1652 2853 1813 2916 inepta

684 2923 856 2974 solatia
908 2936 934 2970 a
981 2921 1142 2986 poetis
1189 2920 1448 2970 fallacibus
1482 2923 1533 2971 in
1567 2921 1813 2971 dulcedine

684 2989 913 3043 carminis
963 2989 1068 3039 lusa
1105 3005 1133 3039 a
1169 2988 1301 3038 vobis
1337 2988 1564 3038 nimirum
1599 2979 1812 3038 credulis

681 3061 731 3109 in
753 3059 898 3108 deum
917 3065 1127 3107 vestrum
1145 3057 1352 3121 turpiter
1369 3056 1629 3105 reformata
1644 3063 1771 3105 sunt.
1777 3054 1813 3079 “

683 3128 876 3177 Petifflou
929 3139 1035 3190 cap.
1085 3124 1118 3174 6
1209 3126 1291 3184 ,in
1340 3138 1479 3174 eursu
1531 3123 1810 3187 fatigaturf‘
1810 3149 1816 3154 ·

683 3194 823 3258 Apul.
863 3192 1051 3242 Metam.
1090 3192 1127 3252 l,
1146 3191 1177 3240 3
1229 3194 1322 3253 „in
1353 3194 1555 3253 flexibus
1589 3193 1811 3242 tortuosis

684 3274 880 3311 exosam
915 3259 1222 3309 saltationem
1259 3259 1479 3323 explicat.
1485 3259 1517 3283 ‘⁶
1569 3258 1619 3306 V.
1658 3257 1811 3308 Hand.

682 3326 893 3377 Turseli.
930 3326 1029 3384 m,
1066 3341 1115 3389 p.
1141 3325 1258 3375 261.
1319 3325 1535 3376 Hildebr.
1573 3326 1633 3376 ad
1671 3326 1808 3390 Apul.

683 3395 873 3443 Metam.
901 3394 980 3450 Xl,
1000 3363 1048 3441 2'.
1083 3408 1133 3457 p.
1148 3392 1266 3443 986.
1303 3401 1351 3442 et
1385 3392 1445 3442 ad
1481 3393 1658 3443 Arnob.
1695 3393 1808 3442 Adv.

684 3462 810 3513 Nau.
849 3460 887 3519 l,
909 3459 991 3510 39.
1031 3476 1079 3524 p.
1099 3460 1160 3510 61
1201 3475 1276 3523 sq.

751 3528 801 3577 b
839 3528 932 3592 ipsi
968 3523 1219 3605 auctores]
1254 3528 1485 3576 auctores
1511 3526 1629 3577 dicit
1646 3527 1809 3577 eccle-

683 3596 785 3714 {⁵:1⁰
819 3594 1687 3713 {5312133’52‘02513322¹⁶‘22:231aess
1690 3609 1810 3712 ’Ἣ

683 3733 732 3782 in
771 3731 962 3783 Glossis
987 3730 1287 3788 Philoxeni,
1292 3729 1503 3788 ‚,Auctor
1540 3719 1802 3796 ἀρχηγὸς,

684 3793 1023 3859 αὐθέντηςβ
1070 3807 1120 3850 et
1152 3800 1200 3848 iu
1236 3797 1628 3859 Agrimensorum
1667 3798 1805 3847 libris

686 3853 914 3926 αιιοιοι.
934 3868 1158 3918 absolute
1191 3872 1439 3930 ponuntur
1473 3881 1563 3929 pro
1587 3866 1806 3917 doctori-

683 3938 778 3986 bus
826 3944 875 3986 et
923 3935 1182 3997 magistris.
1218 3933 1432 3996 (Rigalt.)
1491 3934 1630 3999 Apud
1665 3932 1807 3982 lCtos

685 4011 855 4054 auctor
890 4011 966 4053 est
999 4016 1212 4067 sponsor
1245 4000 1341 4062 (Cf.
1377 4001 1605 4064 interprr.
1627 4001 1688 4050 ad
1706 3999 1805 4050 Cic.

683 4085 775 4135 pro
812 4070 941 4119 Tull.
975 4066 1028 4133 ξ.
1068 4068 1165 4127 13.,
1203 4076 1250 4118 et
1273 4063 1416 4118 '.Verr
1450 4070 1501 4129 V,
1521 4067 1643 4129 22.,)
1677 4068 1808 4118 unde

685 4145 910 4187 auctores
945 4153 971 4186 a
1008 4105 1306 4187 Tertulliano
1342 4135 1567 4186 dicuntur
1601 4135 1805 4201 presby-

683 4204 793 4264 teri,
830 4204 1048 4266 diaconi,
1084 4203 1330 4268 episcopi.
1367 4204 1499 4267 quod
1533 4203 1635 4254 sint
1667 4203 1805 4268 quasi

683 4285 954 4336 sponsores
1014 4271 1265 4322 ecclesiae.
1343 4270 1446 4322 Nec
1495 4272 1578 4335 qui
1625 4277 1806 4322 actores

683 4354 775 4404 pro
812 4347 1022 4394 auctores
1040 4338 1391 4390 Tertullianum
1408 4339 1668 4404 scripsisse
1688 4353 1804 4388 cen·

683 4407 860 4457 sebunt
907 4408 956 4456 in
997 4407 1395 4471 interpretatione
1432 4406 1636 4457 multum
1672 4406 1807 4456 abie-

681 4477 794 4526 rint.
862 4477 1001 4526 Actor
1048 4475 1174 4524 enim
1225 4481 1302 4524 est
1335 4473 1592 4535 defensor,
1639 4481 1806 4539 patro-

682 4556 794 4600 nus,
832 4542 1123 4603 causidicus,
1161 4542 1434 4604 advocatus,
1470 4542 1644 4593 deinde
1663 4543 1805 4591 etiam

620 4611 635 4622 “
682 4610 733 4657 ιιι
782 4611 1053 4660 universum
1091 4610 1171 4675 qui
1208 4608 1355 4658 rebus
1392 4610 1617 4660 curandis
1655 4607 1809 4659 alicuss

1916 2319 2059 2373 sunt,
2105 2318 2449 2375 procuratores
2484 2319 2532 2361 et
2565 2310 2752 2374 syndici
2786 2312 3041 2371 eeclesiae,

1917 2380 2055 2430 cuins
2102 2393 2331 2439 causam,
2378 2378 2493 2429 dum
2528 2379 2746 2441 lugiunt,
2794 2372 3041 2429 deserunt.

1918 2448 2144 2498 Ceterum
2179 2454 2342 2499 auctor
2375 2455 2425 2496 et
2457 2453 2587 2497 actor
2621 2461 2861 2511 persaepe
2885 2448 2933 2497 in
2953 2461 3044 2496 eo-

1917 2515 2105 2565 ilicibus
2140 2515 2334 2579 scriptis
2368 2521 2723 2578 permutantur,
2758 2515 2821 2564 de
2856 2515 3043 2578 quoel.

1915 2582 2046 2633 Cort.
2094 2582 2156 2632 ad
2205 2582 2323 2632 Sall.
2372 2581 2476 2632 Cat.
2519 2596 2627 2646 cap.
2662 2580 2707 2630 2.
2772 2585 2937 2632 Διτιιι.
2977 2581 3047 2631 ad

1912 2650 2076 2700 Aurel.
2125 2650 2240 2701 Vict.
2288 2649 2428 2700 Caes.
2476 2665 2584 2714 cap.
2618 2648 2694 2700 2⁰.
2756 2647 2922 2698 Barth.
2973 2648 3047 2700 ad

1913 2720 2034 2769 Stat.
2069 2715 2220 2768 Theb.
2258 2716 2473 2774 tx‚·152.
2510 2717 2740 2766 Drakeub.
2776 2715 2837 2765 ad
2874 2716 2977 2764 Liv.
2997 2717 3044 2778 1,

1913 2785 1998 2847 26,
2019 2785 2067 2836 5.
2088 2787 2183 2846 xL,
2206 2785 2288 2845 11,
2307 2783 2356 2834 2.
2376 2793 2423 2834 et
2449 2785 2509 2834 ad
2526 2785 2615 2835 Sil.
2639 2784 2739 2835 ltal.
2758 2782 3042 2843 mnu-119.

1981 2869 2024 2903 c.
2060 2867 2169 2903 cum
2217 2853 2368 2903 duces
2414 2848 2626 2918 rugiunt]
2680 2851 2786 2902 Hoc
2819 2850 3043 2902 dedecus

1857 2920 1870 2934 '
1914 2921 2174 2984 exprobrat
2234 2919 2363 2970 libro
2417 2920 2488 2970 De
2538 2920 2734 2970 Corona
2784 2914 2919 2985 [cap.
2969 2915 3042 2986 1.]

1914 2988 2080 3051 „Novi
2129 2995 2178 3037 et
2223 2996 2446 3051 pastores
2482 3002 2649 3037 eorum
2688 2988 2737 3037 in
2773 3001 2895 3050 pace
2928 2986 3039 3037 leo-

1914 3070 2019 3115 nes,
2056 3057 2105 3104 in
2140 3055 2332 3121 proelio
2368 3055 2570 3106 cervos}
2574 3054 2841 3118 ⁸(Rigalt.)

1950 3123 2030 3173 d.
2065 3120 2351 3185 sustinebit]
2400 3123 2448 3173 b.
2484 3137 2527 3173 e.
2575 3122 2870 3186 expectabit,
2914 3134 3045 3184 spe·

1914 3191 2054 3240 rabit.
2103 3190 2175 3244 lta
2212 3191 2416 3254 Apolog.
2451 3205 2557 3254 cap.
2595 3189 2725 3249 35,
2730 3190 2836 3250 ,Cui
2872 3196 3037 3238 autem

1912 3273 2039 3324 opus
2075 3266 2151 3308 est
2185 3259 2479 3323 perscrutari
2513 3272 2663 3321 super
2698 3257 2924 3307 Caesaris
2952 3271 3041 3306 sa-

1914 3327 2041 3388 lute,
2089 3327 2183 3376 nisi
2219 3341 2247 3375 a
2283 3340 2379 3391 quo
2416 3326 2595 3389 aliquid
2633 3326 2864 3375 adversus
2901 3324 3040 3374 illam

1911 3395 2150 3457 cogitatur
2206 3393 2278 3443 vel
2337 3401 2560 3481 optatur,
2612 3390 2694 3442 aut
2742 3399 2855 3456 post
2901 3392 3040 3441 illam

1909 3470 2135 3525 speratur
2169 3469 2219 3511 et
2237 3459 2571 3512 mliacensi-W
2605 3460 2674 3509 De
2696 3460 2896 3510 Testim.
2920 3461 3045 3510 Ani·

1910 3543 2021 3579 mae
2054 3544 2158 3592 cap.
2197 3527 2302 3589 5„
2305 3529 2448 3593 quia
2483 3529 2675 3593 potiora
2709 3536 2825 3577 sunt
2858 3528 2924 3577 ad
2958 3528 3039 3577 in-

1907 3596 2189 3648 struendam
2237 3565 2448 3647 an’imam
2483 3597 2649 3661 priora
2682 3610 2828 3659 quam
2862 3603 3041 3660 poste-

1907 3665 2071 3725 riora,
2119 3678 2244 3728 quae
2294 3670 2351 3712 et
2375 3664 2482 3728 ipsa
2518 3679 2544 3712 a
2579 3663 2827 3727 prioribus
2860 3665 3041 3713 instrui

1905 3729 2257 3782 sustinebantfl
2323 3730 2394 3780 De
2430 3731 2611 3780 Paenit.
2647 3744 2753 3808 cap.
2771 3730 2805 3780 6
2840 3732 3041 3791 „Quam

1906 3813 2056 3864 porro
2110 3799 2359 3863 ineptum,
2413 3811 2558 3863 quam
2606 3798 2825 3862 iniquum
2860 3799 3041 3862 paeni-

1903 3869 2103 3916 tentiam
2153 3879 2251 3916 non
2305 3865 2573 3931 adimplere
2605 3873 2654 3915 et
2687 3866 2875 3916 veniam
2911 3864 3042 3915 deli-

1909 3941 2100 3984 ctorum
2146 3929 2481 3984 sustinere?⁸‘
2550 3933 2660 3984 Δάν.
2711 3933 2815 3983 lud.
2852 3947 2967 3997 cap.
3002 3932 3041 3984 8

1908 4002 2083 4063 „regni
2131 4002 2315 4052 aeterni
2365 4000 2641 4051 dominator
2683 4008 2915 4051 aeternus
2950 4017 3038 4052 u·

1907 4069 2152 4120 amendat
2187 4076 2271 4119 est.
2279 4066 2316 4090 “
2365 4070 2540 4147 Scorp.
2573 4068 2686 4118 Adv.
2717 4068 2889 4119 Gnost.
2929 4083 3037 4132 cap.

1910 4135 1974 4186 13
2033 4136 2258 4200 „quibus
2305 4137 2544 4186 euticetis
2578 4141 2885 4186 ostentamen
2922 4135 3041 4186 insti

1905 4203 2071 4254 iudicii
2106 4204 2238 4254 dei.“
2328 4203 2450 4253 ibid.
2487 4217 2595 4267 cap.
2630 4202 2663 4252 2
2717 4205 3039 4264 „Sustineant

1905 4271 2147 4334 evangelia
2184 4271 2452 4336 paulisper,
2486 4271 2600 4320 dum
2630 4271 2841 4321 radicem
2860 4284 3039 4321 eorum
3112 4305 3133 4314 -

1905 4341 2124 4404 exprimo
2160 4339 2335 4402 legem,
2370 4339 2485 4389 dum
2521 4337 2632 4389 inde
2668 4339 2811 4389 elicio
2846 4338 3039 4389 deivo-

1905 4407 2169 4467 luntatem,
2220 4407 2351 4458 unde
2395 4414 2444 4456 et
2476 4405 2637 4471 ipsum
2670 4406 3039 4470 recognosco.“

1906 4474 1976 4526 Da
2012 4474 2155 4525 Cultu
2190 4475 2323 4524 Fem.
2356 4473 2421 4535 Il,
2444 4472 2507 4523 13
2544 4474 2734 4534 „stolae
2770 4475 3035 4537 martyrio-

1906 4556 2015 4592 rum
2062 4549 2443 4607 praeparantur,
2491 4540 2649 4603 angeli
2686 4542 2847 4592 baiuli
2884 4544 3039 4592 austi-

1907 4608 2133 4660 amur.“
