3263 5311
706 427 788 490 76
1217 441 1417 493 oum-ri
1461 441 1722 484 snrrmn
1765 441 2090 484 rcomris
2133 443 2520 485 nervuum

702 600 767 653 et
804 590 948 653 alias
989 590 1250 670 speeies,
1321 610 1469 671 quae
1524 592 1654 654 siue
1707 591 2130 654 exorbitatione
2184 592 2558 673 discipliuae,
2631 590 2691 653 id
2747 601 2838 654 ost
2887 594 3022 656 sine

700 692 847 754 idoli
884 692 1265 765 ⁴coufictura‚
1322 711 1495 772 opem
1549 693 1736 755 victus
1788 694 2144 774 ‘praestent
2232 693 2358 755 Scit
2395 694 2651 756 albarius
2693 701 2916 755 tector·
2958 704 3024 757 et

703 801 851 856 tecta
908 793 1127 854 sarcire
1183 802 1243 854 et
1296 794 1537 856 tectoria
1589 793 1869 855 inducere
1923 802 1984 856 et
2045 794 2358 856 cinei-nam
2397 793 2607 856 ‘liare‘
2645 804 2710 856 et·
2742 795 3023 875 “cymatia

702 893 1076 956 distenderet
1134 899 1195 956 et
1242 895 1422 956 multa
1475 894 1599 957 alia·
1648 904 1991 963 ornamenta
2042 903 2281 975 praeter
2334 896 2640 957 simulacra
2699 897 3024 977 parietibus

700 993 1115 1075 'inu-ispare¹·.
1202 995 1329 1058 Scit
1379 1004 1439 1057 et
1490 996 1685 1075 pictor
1737 1004 1799 1057 et
1849 996 2270 1058 marmorarius
2320 1005 2378 1058 et
2431 998 2690 1058 aerarius
2748 1005 2807 1059 et
2843 999 3021 1078 ’qni-

701 1113 950 1177 cumque
1002 1096 1257 1158 caelator
1303 1094 1667 1159 latitudinesi
1723 1097 1916 1158 ¹‘suas
1971 1097 2171 1177 utique
2224 1097 2410 1160 multo
2475 1098 2786 1160 faciliores.
2867 1099 3023 1161 Nam

700 1198 801 1277 qui
840 1197 1075 1276 signum
1116 1198 1469 1271 “desei-ibit,
1512 1207 1732 1278 quanto
1757 1197 1998 1281 'facilius
2041 1198 2282 1260 abacum
2337 1197 2514 1260 linit?
2600 1200 2714 1273 Qui
2770 1200 2842 1260 de
2889 1200 3022 1262 tilia

697 1298 940 1360 Martem
986 1298 1343 1379 ¹¹exsculpit,
1388 1308 1611 1379 quanto
1652 1299 1823 1361 citius
1887 1299 2205 1360 armarium
2260 1299 2626 1381 compingit?
2710 1301 2876 1362 Nulla
2916 1320 3021 1364 ars

700 1418 821 1461 nou
865 1400 1102 1462 alterius
1144 1399 1290 1462 artis
1334 1409 1435 1462 aut
1475 1408 1664 1463 mater
1704 1409 1804 1462 aut
1843 1401 2176 1481 propinqua
2220 1410 2332 1463 est.
2416 1401 2574 1463 Nihil
2629 1402 2865 1464 alterius
2907 1422 3020 1463 va-

698 1502 850 1563 oetk.
937 1502 1055 1563 Tot
1092 1508 1232 1562 sunt
1272 1501 1483 1563 artium
1524 1520 1730 1576 vasae,
1772 1508 1916 1581 quot
1954 1500 2259 1564 homiuum
2300 1502 2823 1582 concupiscentiae.
2894 1502 3021 1565 Sed

698 1605 773 1665 de
812 1602 1182 1664 mercedibus
1224 1610 1284 1664 et
1325 1602 1585 1665 ¹'manus
1627 1602 1835 1683 pretiis
1878 1602 2142 1665 interest.
2226 1603 2486 1665 Proinde
2540 1604 2789 1666 interest
2839 1611 2898 1665 et
2942 1604 3022 1666 de

694 1705 918 1767 labore.
1004 1703 1197 1766 Minor
1236 1720 1463 1766 merces
1505 1703 1904 1783 frequentiore
1957 1711 2088 1765 actu
2141 1716 2508 1784 repensatur.
2595 1705 2758 1778 Quot
2809 1705 3017 1784 parie-

697 1817 788 1870 tes
840 1804 1008 1886 sigua
1059 1803 1441 1867 desiderant?
1527 1805 1693 1878 Quot
1743 1804 1959 1885 templa
2010 1812 2071 1866 et
2122 1805 2299 1867 aedes
2354 1806 2527 1868 idolis
2593 1806 3020 1871 aedificantur?

696 1909 918 1970 Domus
962 1925 1102 1968 vero
1148 1915 1209 1967 et
1258 1905 1556 1986 praetoria
1603 1915 1664 1968 et
1714 1905 1920 1968 balnea
1972 1915 2033 1968 et
2092 1906 2351 1968 insulael
2393 1905 2685 1987 quantae?
2772 1908 3016 1983 Sooms,

696 2017 757 2071 et
796 2007 991 2068 baxa·
1034 2007 1297 2087 quotidie
1339 2008 1735 2081 ¹⁴deauratur‚
1791 2007 2114 2069 Mercurius
2168 2016 2236 2083 et
2267 2006 2508 2087 Serapis
2569 2026 2694 2069 non
2735 2004 3014 2088 quotidie.

696 2084 1014 2173 “Sufficiat
1054 2109 1129 2170 ad
1170 2108 1533 2189 ¹‘quaestum
1572 2109 1977 2171 artificiorum.
2063 2108 2506 2189 ”Frequentior
2567 2117 2662 2170 est
2700 2110 2862 2171 omni
2904 2129 3011 2172 su-

693 2264 743 2313 4.
779 2265 1052 2314 contectura
1087 2279 1131 2313 o.
1167 2262 1393 2313 Latinius.
1497 2260 1544 2311 5.
1581 2268 1792 2325 praestet
1825 2261 1912 2312 AB.
2014 2260 2061 2311 6.
2077 2260 2228 2323 ligare
2262 2261 2502 2313 Pometiae·
2604 2262 2650 2310 7.
2673 2263 2900 2325 cymathia
2926 2263 3014 2313 AB.

693 2332 742 2382 8.
778 2332 1044 2395 incrispare
1068 2330 1219 2380 Aua.
1290 2330 1556 2379 incrustare
1590 2346 1635 2379 a.
1737 2328 1785 2378 9.
1823 2329 2110 2392 quicumque
2141 2328 2239 2390 Αβ.
2377 2326 2453 2378 10.
2492 2343 2606 2378 suas
2640 2337 2687 2378 et
2723 2329 3009 2397 utiquedip.

697 2398 775 2448 11.
813 2399 1027 2448 discribit
1058 2399 1133 2447 Fr.
1170 2399 1344 2447 heina.
1450 2396 1529 2447 12.
1565 2397 1771 2460 exculpit
1804 2398 1892 2447 AB.
1999 2396 2075 2445 13.
2114 2411 2283 2445 manus
2317 2398 2496 2459 praetia
2532 2400 2582 2445 A.
2652 2412 2790 2446 mauu
2837 2399 3016 2460 spretis

690 2468 743 2516 B.
814 2466 1126 2530 manupretiis
1149 2466 1224 2514 Fr.
1248 2466 1425 2515 Iunius.
1530 2464 1609 2514 14.
1646 2465 1902 2514 deauratur
1920 2462 2103 2529 ΑφΒΟ.
2173 2464 2461 2514 deaurantur
2495 2463 2690 2527 (Amet.
2796 2465 2872 2515 15.
2898 2467 3014 2515 Sui·

690 2533 851 2583 sseiaut
887 2534 961 2583 Ca.
1066 2531 1145 2581 16.
1183 2540 1404 2596 questum
1437 2529 1537 2594 Αβ.
1647 2532 1727 2582 17.
1764 2533 2116 2596 frequentiores
2153 2531 2281 2580 omui
2322 2532 2397 2581 Ge.

692 2649 743 2701 Si
780 2651 842 2701 ita
876 2658 1047 2715 patens
1083 2657 1131 2699 et
1166 2648 1260 2699 lata
1295 2648 1572 2700 necessitas.
1644 2648 1810 2699 Neces-

692 2721 808 2770 sitas
842 2718 1102 2768 extenditur
1134 2718 1194 2767 ad
1230 2731 1340 2767 eum
1362 2718 1574 2774 modum,
1611 2731 1707 2780 quo
1730 2732 1810 2766 ar·

694 2787 819 2836 tibus
867 2787 947 2835 dat
998 2793 1166 2850 postea
1215 2786 1483 2840 mitiadis-s
1517 2785 1576 2834 ad
1613 2784 1812 2834 meden-

694 2854 805 2904 dum
875 2854 950 2903 his
1019 2854 1412 2914 necessitatibus;
1481 2854 1628 2902 immo
1694 2860 1810 2916 puto

693 2922 868 2971 dixisse
900 2922 1166 2972 latitudines
1218 2935 1324 2970 cum
1373 2927 1567 2984 aspectu
1615 2920 1677 2969 ad
1724 2920 1812 2969 has

693 2992 1007 3040 extensiones.
1057 2990 1142 3050 (La
1179 2987 1371 3046 Cerda.)
1426 2987 1494 3037 De
1529 3001 1644 3038 voce
1678 2989 1812 3037 cclii-

693 3059 805 3108 bitio
842 3058 902 3108 ci.
939 3059 1098 3107 adnot.
1134 3056 1195 3105 ad
1231 3071 1337 3120 cap.
1372 3054 1420 3105 6.

761 3126 807 3175 d.
855 3120 1053 3189 habent]
1105 3123 1297 3174 Scilicet
1342 3131 1487 3174 artes.
1554 3123 1622 3172 La
1658 3122 1812 3174 Cerda

693 3193 886 3257 supplet
920 3193 1143 3242 artifices.

761 3276 804 3309 e.
841 3260 1049 3309 albarius
1084 3252 1260 3322 tector]
1296 3249 1582 3316 Κονιάτης,
1620 3257 1704 3320 qui
1739 3256 1811 3306 al-

693 3328 878 3377 bat-ium
914 3339 1037 3390 opus
1072 3323 1338 3388 parietibus
1373 3325 1583 3383 inducit,
1618 3325 1680 3373 de
1716 3339 1810 3388 quo

695 3394 814 3444 Plin.
850 3395 906 3450 fl.
942 3393 998 3441 N.
1033 3393 1224 3453 XXXW,
1271 3392 1353 3443 23.
1406 3393 1702 3453 „Contra-in
1738 3392 1811 3441 al-

693 3461 827 3511 bario
863 3474 1037 3523 opere,
1087 3467 1137 3509 ut
1170 3467 1409 3510 macerata
1443 3460 1545 3509 calx
1582 3475 1666 3508 ceu
1704 3459 1812 3522 glu-

692 3528 840 3578 tinum
878 3527 1121 3577 haereat.“
1178 3527 1246 3578 ld.
1283 3528 1451 3584 XXXV,
1492 3527 1569 3576 16.
1605 3527 1684 3585 (de
1721 3529 1811 3576 Se-

692 3596 865 3646 linusia
900 3595 1044 3656 terra)
1081 3595 1238 3656 „lacte
1264 3593 1476 3645 dilutaiet
1502 3595 1810 3644 tectoriorum

691 3663 870 3713 albaria
926 3663 1326 3730 interpolantur.“
1396 3661 1575 3711 Pallud.
1626 3661 1696 3710 De
1747 3663 1812 3711 Re

692 3733 821 3781 Rust.
856 3732 916 3791 ΙΙ,
954 3732 1031 3781 14.
1067 3732 1239 3795 „Opus
1274 3730 1506 3779 albariam
1542 3744 1690 3792 saepe
1725 3729 1811 3779 de-

693 3799 850 3861 lectat,
903 3800 977 3850 cui
1026 3801 1205 3849 calcem
1254 3798 1484 3850 debemus
1528 3797 1812 3847 adbibere.“

691 3868 861 3917 vitruv.
899 3868 964 3916 De
999 3868 1171 3917 Archit.
1208 3866 1303 3923 Vll,
1341 3865 1388 3914 2.
1441 3873 1589 3916 totam
1637 3866 1808 3916 albarii

691 3937 854 3998 operis
889 3934 1168 3985 conficiendi
1203 3934 1438 3982 rationem
1476 3935 1634 3983 docet.

759 4003 791 4050 i.
839 4010 887 4051 et
921 4004 1174 4051 cisternam
1212 3998 1351 4064 liare]
1401 4002 1540 4050 Liare
1584 4009 1661 4051 est
1693 4001 1811 4051 levi·-

691 4083 831 4130 gam,
878 4070 1061 4134 polire,
1120 4071 1299 4120 Graece
1343 4064 1577 4119 λειῶσαι.
1649 4069 1809 4119 Gloss.

695 4138 874 4187 Philox.
893 4130 1214 4199 „Ascania
1239 4135 1520 4188 liaculnm.“
1557 4135 1611 4186 Et
1630 4136 1677 4185 iu
1701 4136 1808 4185 loco

691 4204 874 4254 vitruvii
924 4205 1018 4265 vlt,
1065 4204 1111 4253 3.
1174 4217 1263 4268 pro
1310 4205 1495 4264 vulgata
1543 4204 1809 4254 baculorum

689 4273 820 4332 (libri
857 4272 1055 4326 Palatini
1091 4270 1329 4320 habebant
1374 4271 1648 4330 ianuarum)
1699 4271 1807 4320 Sal-

691 4355 810 4390 mas.
845 4341 893 4390 iu
929 4338 1080 4389 Soliu.
1116 4352 1165 4401 p·
1206 4337 1318 4388 142.
1365 4337 1629 4388 emendavit
1660 4339 1810 4390 Hau-

690 4409 854 4457 lorem.
904 4407 952 4455 V.
991 4404 1192 4454 Salmas.
1247 4404 1278 4455 l.
1318 4406 1350 4455 l.
1399 4407 1461 4456 La
1490 4405 1650 4456 Cet-da
1699 4406 1811 4457 citat

692 4483 937 4539 praeterea
973 4473 1172 4536 Apicv,
1214 4474 1257 4522 Ι.
1294 4473 1596 4532 „Pei-misces
1631 4480 1678 4523 et
1699 4475 1805 4536 lias,

692 4550 743 4591 ut
778 4541 913 4606 quasi
950 4554 1122 4590 succus
1157 4541 1421 4590 videatur.“

758 4624 803 4671 g.
855 4608 1051 4672 cymatia
1098 4605 1395 4672 distendere]
1452 4609 1663 4672 cymatia
1698 4616 1811 4659 sunt

693 4676 851 4725 omnia
896 4689 1044 4740 opera
1088 4675 1362 4742 promi-ala
1396 4683 1444 4728 et
1474 4691 1629 4744 aquae
1662 4678 1806 4728 modo

1896 2648 1942 2698 iu
1993 2646 2186 2710 longum
2223 2648 2444 2709 fluentia,
2489 2640 2766 2716 ὑπεροχαὶ,
2814 2642 3011 2708 λύσεις,

1894 2718 2047 2765 simae
2093 2725 2252 2766 rectae
2297 2724 2380 2766 aut
2424 2718 2667 2778 inversae,
2719 2726 2767 2766 et
2816 2719 3016 2769 similia.

1895 2784 2064 2833 Vitruv-
2099 2784 2167 2832 De
2202 2783 2454 2834 Architect.
2499 2786 2584 2846 ΙΙΙ,
2619 2785 2666 2836 3.
2701 2784 2774 2843 w,
2809 2785 2855 2834 6.
2911 2788 3014 2842 (Fr.

1895 2851 2096 2909 lunius.)
2153 2851 2353 2914 Hesych.
2400 2867 2458 2902 s.·
2487 2869 2528 2903 v.
2578 2845 2892 2918 ,,Κυμᾶτια,
2943 2847 3016 2902 τὰ

1886 2914 2056 2984 χείλη,
2107 2912 2199 2966 διὰ
2231 2912 2295 2966 τὸ
2328 2915 2624 2985 κυμαίνειν.
2663 2911 2694 2979 ἢ
2732 2912 2792 2967 αἱ
2820 2912 3011 2988 ὕπερο-

1886 2980 1987 3052 χαὶ
2043 2980 2194 3053 παρὰ
2246 2982 2459 3035 τέκτοσι
2507 2983 2600 3036 καὶ
2643 2984 3013 3041 λιθοποιοῖς.“

1896 3054 2081 3105 Similia
2129 3055 2304 3103 hubent
2351 3055 2545 3106 Photius
2593 3064 2639 3105 et
2682 3057 2867 3108 Suidas.
2939 3058 3014 3107 Cf.

1896 3121 2106 3172 Turnebi
2139 3123 2545 3182 Advers.xxvlll,
2581 3123 2660 3173 20.
2699 3139 2744 3187 p.
2785 3123 2931 3173 1063.
2968 3131 3014 3174 et

1895 3189 2112 3253 inprimis
2148 3189 2352 3238 Salmas.
2389 3191 2448 3240 ad
2483 3191 2669 3255 Vopisc.
2704 3207 2752 3255 p.
2786 3191 2901 3240 405.

1963 3257 2008 3306 h.
2057 3255 2346 3321 incrispare]
2396 3257 2530 3322 Opus
2578 3260 2794 3324 crispans
2829 3259 3012 3319 indere,

1895 3314 2190 3372 ἕνονλῶσαι
2225 3326 2562 3389 iuterpretatur
2587 3327 2667 3384 Fr.
2706 3327 2882 3376 lunius.
2932 3327 3010 3375 lu-

1896 3393 2134 3455 serispare
2187 3393 2395 3456 parietes
2441 3394 2556 3443 dicit
2613 3391 2849 3443 marmore
2896 3394 3011 3443 varii

1896 3459 2073 3509 coloris
2108 3460 2306 3524 picturis
2338 3461 2497 3523 crispo
2523 3461 2801 3510 incrustare.
2837 3461 3012 3511 Euscb.

1894 3527 1945 3576 V.
1986 3527 2232 3577 Constant.
2272 3527 2351 3586 m,
2387 3527 2468 3578 35.
2517 3520 2685 3588 „31ch
2714 3522 2909 3596 μαρμά
2946 3543 3011 3575 ov

1894 3589 2134 3654 ποικίλης
2149 3587 2497 3644 διεκάλυπτον
2509 3589 2819 3648 πλακείσας.
2829 3597 2860 3620 “
2888 3598 2920 3644 P
2944 3597 3008 3645 iu.

1896 3662 1952 3712 H.
1989 3663 2044 3712 N.
2079 3663 2269 3720 xxxvl,
2306 3659 2354 3725 7,
2396 3665 2471 3713 11.
2518 3678 2764 3724 „marmor
2799 3665 3007 3714 undatim

1897 3731 2162 3793 crispum.“
2247 3731 2319 3780 Ci.
2379 3731 2580 3816 father.
2631 3732 2699 3781 De
2750 3732 2860 3782 lure
2910 3730 3006 3780 nta-

1895 3799 2026 3848 uium
2065 3797 2123 3857 ll,
2162 3796 2244 3846 29.

1963 3865 1991 3914 i.
2028 3861 2320 3931 latitudines]
2374 3866 2530 3930 Opera
2565 3881 2682 3916 suae
2715 3867 2832 3916 artis
2867 3881 3007 3931 quam

1890 3929 2120 3982 latissime
2156 3933 2341 3984 diffusa.
2377 3935 2449 3984 Ci.
2477 3948 2622 3998 supra
2657 3950 2762 3998 cap.
2783 3934 2830 3985 2.
2867 3933 3008 3994 „ido-

1892 4000 2109 4050 lolatriae
2143 4003 2391 4052 latitudo.“
2446 4002 2512 4052 De
2546 4004 2762 4065 spectac.
2801 4017 2905 4066 cap.
2928 4001 3008 4052 30.

1891 4070 2061 4130 „Quae
2094 4070 2356 4132 spectaculi
2391 4069 2647 4119 latitudo.“

1961 4137 2003 4185 k.
2040 4136 2164 4186 Nihil
2202 4137 2399 4186 alterius
2432 4135 2606 4199 vacat-l
2642 4137 2784 4186 Alteri
2811 4136 3006 4186 scilicet.

1891 4203 2060 4266 Rigalt.
2097 4212 2206 4267 apte
2242 4206 2351 4254 citat
2387 4205 2552 4255 Horat.
2602 4206 2670 4254 Ad
2696 4206 2854 4254 l‘isou.
2891 4204 3005 4254 410.

1893 4295 1989 4332 „—
2030 4271 2228 4322 alterius
2263 4273 2333 4321 sic
2367 4273 2524 4322 Altera
2561 4273 2718 4337 poscit
2751 4287 2894 4337 opem
2929 4285 3006 4320 res
3110 4277 3121 4288 ·

1893 4348 1942 4388 et
1983 4339 2201 4390 coniurat
2235 4341 2440 4391 amice.“
2511 4335 2552 4370 ‘¹⁸‘

1959 4406 1990 4455 l.
2029 4404 2236 4472 insulae]
2289 4408 2510 4476 Aedificia
2543 4409 2724 4458 urbana
2760 4407 3004 4470 siguificat.

1960 4488 2022 4522 m.
2079 4475 2259 4525 Soccus
2307 4483 2354 4525 et
2388 4472 2528 4540 baxa]
2587 4479 2768 4540 Genera
2824 4476 3003 4525 calcea·

1893 4543 2039 4591 menn
2086 4543 2350 4593 muliebris.
2422 4544 2495 4592 cr.
2541 4531 2746 4594 sumat
2794 4542 2853 4592 ad
2888 4543 3002 4591 Ter-

1890 4607 2106 4726 fflhlae‘
2141 4609 2291 4661 Pallio
2327 4625 2374 4675 p.
2411 4610 2527 4662 325.
2561 4610 2799 4673 Boettiger
2831 4609 3002 4660 Sabina

1938 4713 1952 4738 2
