3263 5311
602 366 731 429 444

601 528 807 594 xillum
847 541 1087 608 quoque
1127 523 1447 605 ”portabit
1484 522 1783 586 aemmum
1821 521 2091 586 Christi?
2154 521 2230 586 Et
2258 522 2547 601 signum·
2574 520 2961 601 ”postulabit

603 651 641 694 a
682 627 984 712 principe,
1029 627 1131 707 qui
1173 626 1289 689 iam
1333 643 1369 688 a
1410 626 1522 688 deo
1552 621 1840 710 ,accepist
1899 623 2224 714 ³¹Mortuus
2271 621 2449 684 etiam
2474 620 2674 684 ³²tuba
2715 620 2958 702 inquie-

581 731 827 796 -tabitur
866 725 1203 792 aeneatoris
1215 739 1266 801 ⁸,
1319 725 1479 807 ”qui
1523 726 1766 790 excitari
1808 743 1846 787 a
1886 723 2026 788 tuba
2069 722 2258 804 angeli
2302 721 2613 805 expectat?
2700 722 2778 784 Et
2817 741 2956 787 cre·

604 832 867 897 nabiter
906 847 980 892 ex
1021 827 1329 909 disciplina
1372 826 1664 890 castrensi
1694 824 2091 900 Christianus,
2138 825 2233 888 eui
2275 842 2538 888 cremare
2580 843 2705 887 non
2732 823 2957 895 licuit⁰‚

604 932 717 997 ωῑ·
745 931 1018 994 curisms
1063 929 1273 992 merita
1314 911 1469 1008 igni's
1488 926 1803 990 -indulsit‘e
1890 927 2124 1001 Quanta
2163 925 2336 989 ”aua
2378 927 2516 989 inde
2580 926 2793 989 delicta
2833 926 2958 988 eir-

606 1033 894 1115 cumspici
936 1039 1192 1114 possunt
1233 1030 1623 1093 castrensium
1652 1029 1919 1092 munium
1947 1027 2415 1109 transgressioni
2442 1027 2960 1110 interpretandas!

604 1119 813 1216 Ipsum
858 1134 934 1196 de
976 1132 1187 1196 castris
1229 1131 1380 1195 lucis
1408 1131 1473 1193 in
1500 1139 1694 1194 castra
1720 1130 2102 1193 tenebrarum
2131 1147 2353 1193 nomen
2380 1129 2670 1192 ”deferre
2696 1130 2744 1163 '⁶
2754 1139 2958 1192 trans·

608 1235 942 1317 gressionis
984 1242 1098 1298 est.
1185 1232 1394 1308 Plane,
1463 1232 1516 1295 si
1572 1249 1730 1313 quos
1780 1231 1989 1294 militia
2041 1239 2397 1311 praeventos
2449 1229 2599 1293 [ides
2653 1232 2962 1312 posterior
3033 1283 3038 1287 .

608 1337 863 1411 invenit,
908 1336 1019 1398 alia
1062 1334 1324 1397 conditio
1371 1339 1493 1406 est,
1558 1341 1628 1395 ut
1680 1331 1954 1405 illm-unu
2011 1347 2166 1411 quos
2206 1331 2562 1395 ”Iohannes
2618 1331 2968 1428 admittebat

608 1438 687 1501 ad
724 1438 1021 1500 lavacmm
1036 1483 1051 1510 ,
1095 1444 1171 1498 ut
1207 1435 1619 1498 centurionum
1661 1431 2148 1495 fidelissimorum
2163 1480 2180 1508 ,
2221 1449 2402 1512 quem
2432 1433 2702 1496 Christus
2749 1433 2966 1514 probat

611 1547 673 1601 et
700 1557 877 1619 quem
894 1536 1527 1609 Petrus³⁸catechizat‚
1574 1534 1717 1596 dum
1758 1543 1958 1596 tamen
2001 1541 2279 1615 suscepta
2319 1534 2438 1598 fide
2468 1544 2645 1616 atque
2672 1533 2966 1615 ³⁹signata

610 1646 713 1702 aut
753 1626 1189 1702 deserendum
1231 1637 1426 1700 statim
1470 1638 1579 1711 sit,
1623 1635 1749 1697 ⁴⁰nt
1789 1652 1824 1696 a
1865 1634 2067 1697 multis
2112 1643 2338 1710 actum,
2384 1644 2486 1698 aut
2514 1635 2791 1699 omnihus
2821 1654 2961 1698 mo·

612 1739 705 1803 dis
762 1739 1177 1812 cavillandum,
1244 1757 1321 1801 ne
1375 1736 1519 1819 quid
1574 1737 1862 1799 adversus
1919 1735 2097 1799 deum
2150 1737 2580 1810 committatur,
2648 1755 2799 1817 quae
2852 1756 2966 1800 nec

610 1841 655 1874 ⁴¹
671 1849 836 1903 extra
874 1839 1143 1903 militiam
1173 1839 1662 1920 permittuntuv,
1735 1845 1835 1899 aut
1887 1837 2246 1900 novissime⁸
2298 1837 2343 1870 ⁴²
2353 1837 2804 1918 perpetiendum
2847 1857 2963 1919 pro

1094 376 1297 427 QUINTI
1341 375 1603 419 summu
1644 373 1974 418 nouimus
2021 370 2414 417 'mitratum

547 2038 550 2041 ,
612 1993 696 2045 29.
732 1994 936 2059 portavit
972 1993 1062 2044 co.
1166 1992 1250 2044 30.
1284 1991 1542 2057 postulavit
1580 1991 1669 2042 GD.
1772 1989 1855 2040 31.
1893 1991 2097 2041 mortuis
2133 1992 2275 2041 etiam
2311 1991 2368 2042 D.
2450 1988 2532 2043 32.
2566 1991 2713 2041 tubae
2752 1991 2799 2043 G.
2880 1989 2965 2041 33.

611 2062 694 2127 qui
730 2077 757 2111 a
792 2061 996 2112 mortuis
1033 2061 1225 2111 excitari
1261 2060 1374 2111 t'uba
1408 2060 1461 2109 B.
1495 2063 1565 2110 m:
1594 2074 1686 2109 sec.
1798 2055 2010 2109 34.·alia
2049 2057 2159 2107 inde
2196 2057 2371 2108 delicta
2406 2074 2534 2121 epm«
2576 2059 2673 2109 alia
2707 2060 2752 2109 in
2789 2058 2967 2109 delicta

606 2130 741 2180 BGD.
811 2128 924 2179 alibi
960 2128 1141 2178 imitata
1174 2126 1289 2193 Αφ.
1360 2126 1453 2178 alia
1489 2127 1541 2177 in
1575 2124 1765 2176 delictis
1788 2123 2116 2188 (AmEFGHR.
2209 2124 2292 2175 35.
2328 2125 2580 2175 delerriB.
2651 2126 2966 2177 deterretCD.

614 2195 699 2247 36.
737 2196 1140 2259 transgressionis
1176 2202 1251 2245 est
1283 2197 1335 2245 A.
1403 2194 1730 2257 transgressio
1769 2201 1843 2243 est
1878 2194 2062 2258 reliqui.
2154 2191 2235 2242 37.
2272 2191 2511 2242 lbhannes
2545 2194 2600 2243 A.
2681 2192 2764 2244 38.
2802 2193 2966 2244 cathe-

613 2264 735 2315 cizat
765 2261 866 2326 Αβ.
936 2263 1160 2313 catezizat
1189 2262 1235 2312 C.
1317 2260 1400 2313 39.
1435 2261 1620 2324 signata
1657 2260 1982 2312 deserendum
2020 2260 2069 2310 G.
2148 2260 2236 2310 40.
2272 2268 2369 2310 uta
2395 2260 2559 2311 multis
2591 2251 2680 2314 AR.
2750 2269 2804 2311 ut
2839 2261 2967 2311 mul-

614 2332 680 2381 tia
714 2332 902 2394 reliqui.
1004 2329 1089 2379 41.
1125 2336 1261 2380 extra
1296 2329 1516 2380 militiam
1551 2329 1602 2379 Α.
1674 2342 1732 2378 ex
1766 2328 1934 2379 militia
1968 2328 2155 2393 reliqui.
2245 2325 2327 2377 42.
2362 2327 2764 2392 perpaetiendnm
2798 2327 2900 2392 Αρ.

615 2434 699 2482 bos
734 2428 805 2480 vel
841 2431 1025 2491 Inacho,
1065 2429 1196 2480 l'acili
1232 2443 1380 2494 opera
1418 2438 1618 2495 apparet
1641 2428 1740 2493 syl-

615 2498 777 2548 labam
807 2500 860 2562 pi
895 2509 1004 2547 esse
1039 2497 1316 2560 absorptam
1341 2511 1629 2561 praegresso
1654 2512 1739 2546 ro·

619 2565 791 2617 cabulo
823 2580 923 2629 per,
963 2570 1011 2615 et
1044 2564 1227 2628 syllaba
1248 2566 1330 2615 bos
1366 2564 1438 2614 rel
1475 2567 1558 2616 clio
1594 2578 1741 2628 repe·

616 2633 699 2685 tila
738 2647 795 2683 ex
819 2633 1039 2697 sequenti
1062 2647 1151 2699 quo
1189 2630 1300 2682 iude
1321 2632 1560 2683 coaluisse
1598 2644 1740 2684 mon-

617 2709 771 2752 strum
817 2700 1053 2751 vocabuli.
1123 2700 1193 2750 De
1240 2715 1295 2751 re
1342 2701 1402 2751 cl.
1454 2701 1551 2752 Liv.
1586 2701 1740 2764 XLIV,

617 2768 684 2819 33
735 2768 918 2830 „Scuto
969 2783 1085 2831 prae
1120 2782 1176 2820 se
1211 2776 1372 2819 erecto
1409 2776 1541 2819 stare
1575 2770 1740 2832 galea-

616 2845 722 2897 tos,
760 2836 932 2886 deinde
968 2834 1051 2885 ubi
1085 2836 1205 2886 sessi
1239 2837 1365 2897 sint,
1419 2838 1608 2888 innixos
1640 2838 1740 2903 pilo

618 2904 775 2969 capite
809 2917 961 2969 snper
994 2905 1260 2968 marginem
1300 2904 1425 2955 scuti
1460 2905 1619 2969 posito
1657 2919 1743 2954 so·

617 2973 747 3037 pitos
792 2969 976 3022 stare.“
1048 2986 1152 3036 cap.
1189 2971 1256 3023 36
1301 2979 1387 3032 „et
1435 2972 1627 3036 quidam
1665 2973 1743 3022 in-

617 3038 901 3089 cumbentes
935 3039 1089 3089 scutis
1123 3042 1318 3104 nixique
1347 3041 1461 3104 pilis
1498 3038 1746 3090 stabant.“

618 3107 896 3157 Philostrat.
921 3106 1051 3156 leon.
1074 3106 1133 3165 ll,
1156 3107 1203 3156 3.
1225 3107 1286 3155 de
1310 3106 1542 3157 militibus
1568 3117 1744 3165 „o‘rq-

618 3169 872 3239 ῥέζοντας
904 3165 993 3221 ἐπὶ
1027 3172 1141 3220 τῶν
1174 3165 1459 3239 αἰχμῶν.“
1510 3175 1583 3224 Cf.
1608 3175 1742 3240 Lips-

618 3243 681 3291 de
714 3241 850 3290 milit.
888 3241 1025 3289 Rom.
1061 3241 1112 3301 V,
1149 3239 1267 3290 Dial.
1305 3240 1354 3291 9.
1404 3249 1522 3291 tom.
1560 3242 1654 3304 ln,
1691 3258 1741 3307 p.

622 3307 739 3359 309.
777 3308 853 3357 ed.
890 3306 1048 3357 vesal.

674 3389 753 3425 sn.
789 3370 1006 3435 signum]
1039 3373 1316 3436 Tesseram,
1350 3368 1523 3435 σῦνθη
1572 3390 1623 3424 α.
1668 3377 1741 3429 Cl.

618 3441 860 3506 Lips..ne
894 3440 1029 3490 mlii.
1079 3441 1218 3491 Rom.
1253 3442 1305 3503 V,
1352 3441 1473 3491 Dial.
1563 3480 1577 3504 ‚
1624 3453 1742 3494 tom.

622 3509 706 3569 111,
742 3522 791 3572 p.
833 3505 936 3557 294
969 3522 1043 3571 sq.

687 3589 737 3626 n.
775 3574 889 3625 tuba
924 3574 1267 3639 inquietabitur
1301 3573 1597 3642 aeneatoris]
1639 3578 1747 3628 Fuit

623 3657 731 3694 mos
767 3644 1029 3693 castrensis
1070 3642 1301 3693 cadavera
1336 3644 1496 3694 efferri
1532 3644 1594 3694 ad
1630 3660 1748 3697 can·

618 3720 721 3762 tum
757 3710 1010 3770 tubicinis,
1052 3724 1198 3775 quem
1234 3710 1314 3761 bic
1347 3719 1484 3761 vocat
1516 3721 1747 3763 aeneato-

618 3784 742 3830 rem.
808 3778 1093 3830 attribuitur
1137 3784 1331 3829 mortuo
1367 3778 1486 3830 nihil
1521 3781 1750 3831 sentienti

620 3846 752 3911 quod
805 3845 1115 3897 tribuendum
1170 3847 1327 3897 sunem
1380 3848 1749 3899 comitantibus-

620 3928 716 3979 que
751 3914 897 3964 lunas
934 3921 982 3964 et
1016 3914 1296 3978 exsequias:
1332 3915 1506 3977 Tuum,
1543 3931 1573 3966 o
1612 3930 1746 3966 mor—

617 3987 730 4041 tue,
783 3981 929 4031 funus
977 3980 1323 4045 inquietabitur
1369 3982 1578 4033 bumana
1612 3983 1746 4046 tuba,

618 4047 702 4111 qui
755 4056 979 4110 expectas
1034 4046 1346 4110 angelicam?
1408 4050 1494 4111 (La
1553 4049 1747 4110 cerda).

618 4114 690 4163 De
724 4114 868 4165 tubae
901 4115 953 4164 in
986 4114 1239 4166 funeribus
1285 4131 1377 4169 usu
1414 4117 1559 4168 adeas
1595 4117 1746 4175 Hein-

618 4180 746 4231 dert‘.
781 4180 842 4231 ad
880 4180 1048 4233 Horat.
1082 4183 1181 4233 Sat.
1221 4182 1269 4243 l,
1307 4182 1366 4245 6,
1402 4184 1487 4235 43.
1558 4185 1631 4237 Cf.
1669 4185 1778 4235 ἰιι-Δ

616 4257 797 4377 ἲῗῖΡέῗ·
821 4249 895 4369 35¹
932 4249 1746 4385 ‘32¹¹·0?;e2;05134‚²31.⁰51333r23';2

617 4384 685 4433 ad
729 4383 860 4436 Fest.
914 4400 956 4435 s.
1006 4401 1049 4436 v.
1106 4394 1154 4438 et
1209 4386 1268 4437 ad
1322 4388 1478 4438 Amm.
1532 4388 1747 4439 Marcell.

616 4450 770 4511 xxiv,
807 4452 840 4501 4
886 4453 1194 4517 „Collegium
1244 4455 1592 4505 aeneatorum“
1641 4469 1747 4506 me-

618 4526 835 4569 moratur
870 4521 919 4570 in
955 4521 1175 4585 inscript.
1212 4521 1342 4586 apud
1376 4522 1527 4573 Orell.
1572 4523 1744 4586 4059„

622 4583 755 4634 Grnt.
792 4585 910 4647 264,
952 4588 997 4637 1.

1912 2443 1956 2478 o.
1973 2428 2047 2479 cui
2063 2442 2279 2479 cremare
2295 2442 2392 2478 nou
2406 2423 2563 2494 licuit]
2577 2443 2644 2480 sc.
2660 2429 2800 2479 thura
2818 2429 2967 2481 idolo.

1909 2510 1958 2558 p.
1996 2496 2369 2558 transgressioni
2405 2496 2756 2561 interpretanda
2773 2493 2816 2562 2]
2849 2498 2898 2546 h.
2922 2512 2968 2547 e.

1844 2577 1967 2627 quae
1989 2564 2360 2624 transgressioni
2393 2563 2665 2623 adiudicari,
2685 2575 2777 2626 pro
2797 2571 2967 2613 traus-

1843 2632 2094 2694 gressione
2127 2631 2327 2683 iudicari
2364 2630 2554 2682 debent.
2607 2629 2672 2680 De
2706 2629 2831 2694 virg.
2868 2630 2964 2682 Ve-

1843 2697 1974 2748 land.
2026 2712 2133 2764 cap.
2166 2698 2234 2749 ‘15
2283 2700 2423 2761 „Hoc
2459 2714 2549 2750 nos
2583 2697 2820 2749 interdum
2857 2700 2964 2749 die·

1845 2767 1951 2817 bolo
1984 2766 2392 2833 interpretamur.“

1913 2848 1960 2950 qi
1996 2831 2342 2952 deserenpum}
2394 2834 2440 2883 b.
2475 2849 2521 2912 e.
2568 2832 2838 2950 dgesereuda
2862 2831 2969 2884 ilde

1845 2914 1925 2950 mo
1960 2916 1990 2951 o
2028 2916 2204 2966 suscep
2227 2917 2255 2951 a
2290 2917 2315 2951 a
2340 2916 2438 2966 que
2460 2916 2594 2964 signa
2619 2916 2662 2951 a.

1911 2983 1952 3018 r.
1990 2983 2113 3035 quae
2147 2984 2240 3019 nec
2272 2977 2403 3019 extra
2439 2969 2658 3019 militiam
2678 2969 2968 3032 permittun-

1845 3031 1946 3101 tur]
2006 3037 2146 3096 Quod
2193 3038 2242 3086 in
2289 3035 2553 3101 exemplari
2614 3030 2970 3102 [Agobardino]

1846 3102 2021 3166 legitur
2050 3111 2227 3165 „extra
2260 3102 2532 3165 miiitiam“,
2571 3105 2733 3154 miuus
2761 3118 2872 3154 esse
2897 3104 2970 3153 ri-

1844 3170 1987 3221 detur
2021 3170 2082 3221 ad
2118 3178 2327 3233 mentem
2363 3170 2663 3223 Tertulliani.
2721 3171 2841 3221 Nam
2879 3171 2974 3221 boe

1844 3237 1939 3287 sibi
1973 3238 2096 3289 vult:
2135 3239 2425 3301 Christiano,
2462 3254 2605 3303 quem
2640 3238 2763 3290 tides
2801 3239 2852 3289 in
2881 3239 2976 3288 nii-

1845 3305 1947 3355 litia
1991 3305 2339 3371 deprehendit,
2399 3313 2481 3357 aut
2531 3306 2696 3356 statim
2742 3315 2973 3371 suscepta

1846 3371 1940 3422 fide
1976 3372 2295 3425 deserendam
2330 3388 2440 3425 esse
2476 3373 2715 3433 militiam,
2755 3374 2891 3437 quod
2918 3386 2976 3424 ex

1847 3439 2044 3502 militia,
2093 3442 2143 3492 id
2190 3448 2265 3492 est
2309 3455 2399 3506 per
2443 3441 2643 3491 militiae
2691 3441 2825 3502 leges
2873 3455 2977 3492 non

1847 3507 1975 3569 lieet,
2012 3516 2098 3558 aut
2127 3509 2286 3560 modis
2321 3509 2546 3561 omuibus
2581 3508 2875 3568 cavendnm,
2911 3523 2978 3559 ne

1848 3575 1963 3639 quid
2010 3575 2237 3627 adversus
2274 3577 2593 3628 Christianam
2640 3575 2787 3626 iidem
2835 3588 2976 3626 com-

1850 3642 2021 3702 mittat,
2075 3644 2216 3707 quod·
2239 3642 2366 3693 idem
2401 3658 2458 3693 ex
2494 3643 2694 3693 militiae
2727 3644 2978 3694 Romanae

1850 3709 2038 3772 legibus
2073 3711 2141 3761 vix
2179 3711 2353 3770 liceat,
2389 3719 2472 3762 aut
2505 3717 2715 3761 extrema
2751 3724 2977 3775 quaeque

1850 3778 2166 3843 perpetienda
2201 3794 2289 3844 pro
2327 3776 2440 3841 deo,
2475 3778 2603 3843 qnod
2633 3779 2800 3831 omnis
2829 3778 2976 3829 Chri-

1849 3845 2035 3897 stianus
2096 3845 2291 3897 Christo
2356 3848 2450 3896 tide
2524 3847 2651 3897 dicta
2709 3844 2976 3897 condixit?

1850 3911 1982 3964 Haec
2032 3913 2295 3977 Rigaltius‚
2349 3927 2493 3979 quem
2551 3913 2654 3964 l'alli
2701 3929 2791 3978 pro
2842 3916 3000 3965 certo*

1849 3988 1941 4030 est.
2022 3978 2312 4043 Agebat-dini
2367 3982 2496 4032 enim
2557 3981 2669 4031 libri
2732 3981 2978 4046 scriptura

1844 4054 2024 4108 „extra
2055 4049 2309 4101 militiem“
2345 4050 2486 4100 unice
2520 4063 2647 4099 vera.
2696 4048 2823 4099 Dicit
2845 4049 2978 4098 enim

1848 4113 2205 4178 Tertullianus,
2265 4132 2373 4168 cum
2423 4131 2514 4167 nec
2558 4124 2691 4167 extra
2738 4116 2979 4175 militiam,

1848 4182 1944 4233 boe
1990 4191 2066 4233 est
2111 4185 2162 4234 in
2207 4185 2354 4235 rebus
2385 4183 2616 4249 privatis,
2669 4185 2977 4248 permittatur

1848 4250 1992 4300 tidem
2046 4251 2199 4302 semel
2253 4261 2531 4316 susceptam
2584 4251 2844 4311 deserere,
2896 4258 2982 4301 ant

1850 4317 2063 4369 cavillari
2099 4334 2206 4370 eam
2242 4328 2290 4370 et
2325 4320 2552 4381 eludere,
2588 4333 2649 4369 ne
2684 4319 2892 4370 alterum
2931 4326 2976 4366 et

1849 4385 1986 4448 prins
2023 4387 2215 4448 laedas,
2270 4387 2401 4453 quod
2436 4386 2508 4438 illi
2545 4393 2812 4450 repugnat,
2864 4385 2976 4435 ol‘ti-

1850 4453 2006 4513 cium,
2061 4454 2134 4505 sic
2181 4455 2334 4506 multo
2385 4454 2686 4515 miuustoc
2722 4455 2769 4504 in
2807 4452 2976 4504 militia

1849 4534 1939 4584 per
1973 4521 2107 4584 leges
2143 4523 2249 4572 eius
2283 4523 2513 4586 permitti.

1914 4602 1957 4637 s.
1996 4587 2280 4654 novissime]
2317 4591 2366 4641 b.
2385 4605 2428 4640 e.
2448 4589 2675 4655 denique.
2713 4589 2786 4641 Cr.
2810 4588 2974 4640 Ruhn-
