3263 5311
1240 389 1720 434 Arocoaartcun.
2549 378 2660 439 161

313 543 402 604 vel
446 560 520 603 ex
562 540 790 603 ⁸isdem
833 540 1088 602 vasculis
1154 548 1214 602 et
1269 515 1682 602 instrumentis
1737 539 1906 619 quasi
1950 538 2169 603 ς’ἓιιιιιιιι
2218 542 2673 614 consecutione

310 650 609 706 mutantes
662 640 897 703 licentia
952 641 1098 704 artis
1147 643 1189 673 ¹⁰
1205 643 1691 721 transfigurante,
1752 640 1865 701 ¹¹et
1920 641 2158 719 quidem
2216 641 2667 712 ”commacin-

312 746 551 807 sissime
596 751 658 803 et
699 743 763 803 in
805 742 939 820 ipso
987 761 1171 821 opere
1217 743 1534 822 sacrilege,
1592 741 1715 802 ¹³ut
1757 761 1965 803 revera
2008 743 2183 806 nobis
2226 744 2512 819 maxime,
2572 746 2677 831 qui

310 855 555 926 propter
612 844 836 923 ”ipsos
897 843 1043 905 deos
1098 844 1439 921 plectimur,
1506 844 1783 905 solatium
1845 862 2173 922 poenarum
2233 844 2423 907 ¹⁵esse
2475 846 2672 924 possit

309 947 466 1026 quod
513 946 723 1007 eadem
768 952 828 1005 et
870 945 985 1023 ipsi
1031 945 1337 1024 patiuntur
1378 954 1444 1006 ut
1490 946 1648 1007 fiant.
1702 944 1988 1007 Crucibus
2034 954 2095 1005 et
2140 944 2442 1024 stipitibus
2487 946 2666 1026 inpo-

307 1048 447 1109 nitis
505 1046 900 1108 Christianos.
1013 1046 1188 1119 Quod
1249 1046 1626 1108 simulacrum
1694 1065 1816 1107 non
1880 1046 2049 1126 prius
2113 1046 2316 1124 argilla
2378 1046 2672 1113 deformat

311 1149 465 1210 cruci
523 1157 583 1209 et
643 1145 829 1225 stipiti
894 1145 1387 1225 superstructab‘?
1462 1147 1522 1210 in
1590 1146 1852 1225 patibulo
1917 1147 2173 1225 primum
2237 1166 2456 1227 eorpus
2517 1148 2668 1210 ¹⁶dei
2725 1209 2732 1213 ,

308 1249 487 1310 vestri
532 1248 890 1309 dedicatur⁶.
995 1247 1245 1324 Ungulis
1292 1246 1629 1309 ¹'deraditis
1676 1249 1859 1310 latera
1910 1247 2399 1310 Christianorum.
2480 1250 2556 1310 At
2606 1251 2667 1311 in

308 1400 353 1451 8.
391 1401 581 1450 hisdem
619 1398 718 1461 Αβ.
795 1399 997 1449 hiisdem
1037 1400 1090 1448 E.
1128 1400 1304 1463 Erfurt.
1376 1402 1556 1449 eisdem
1595 1402 1647 1450 F.
1764 1400 1812 1450 9.
1852 1402 2027 1450 sactum
2065 1395 2108 1449 λ.

307 1477 382 1518 tae
419 1470 454 1518 G
499 1498 505 1503 ·
563 1467 642 1516 11.
682 1467 904 1530 equidem
941 1469 988 1517 F.
1086 1467 1163 1516 12.
1201 1469 1565 1518 contumeliose-
1587 1486 1626 1522 e.
1724 1468 1804 1518 13.
1841 1477 1887 1517 et
1926 1482 2086 1517 revera
2120 1463 2165 1515 λ.
2260 1468 2338 1517 14.
2378 1471 2512 1532 ipsos
2549 1469 2668 1519 deos

304 1536 502 1586 ABEFG.
547 1536 742 1585 Vindob.
783 1536 958 1593 Erfurt.
1000 1537 1147 1583 Oxou.
1222 1536 1338 1583 deos
1377 1537 1510 1599 ipsos
1548 1538 1769 1601 Dabcdes.
1878 1536 1957 1585 15.
1997 1551 2105 1584 esse
2142 1537 2297 1598 potuit
2334 1535 2460 1599 quod
2499 1537 2665 1587 eadem

307 1603 398 1665 ipsi
433 1602 486 1652 f.
561 1617 670 1650 esse
708 1603 863 1665 possit
900 1602 1027 1665 quod
1067 1603 1233 1651 eadem
1275 1604 1364 1665 ipsi
1411 1605 1599 1654 Vindob.
1725 1603 1801 1653 16.
1841 1604 1917 1652 dei
1957 1605 2107 1652 nostri
2145 1605 2229 1653 Da.
2315 1604 2373 1652 de
2410 1605 2578 1653 vestris
2615 1606 2666 1655 F.

313 1672 504 1719 vindob.
577 1669 761 1718 domini
800 1671 846 1719 G.
995 1669 1071 1718 17.

307 1760 343 1817 ἃ
377 1764 516 1836 πρὸς
550 1765 651 1823 τὰς
674 1762 758 1848 ἰἐν
781 1762 981 1846 σκότῳ
1010 1766 1203 1848 χρείας
1246 1763 1440 1835 ὖπ-ηρε

304 1837 388 1885 ni
416 1834 630 1902 μᾶλλον
668 1828 699 1895 ἢ
738 1831 835 1889 τὰς
868 1831 928 1885 ἔν
963 1833 1159 1917 φωτίΆ
1167 1839 1437 1896 ‘met-ald.)

303 1907 476 1967 Georg.
518 1906 702 1955 Palam.
738 1896 999 1983 „62chth
1023 1918 1167 1984 φασι
1197 1900 1286 1951 καὶ
1309 1897 1437 1970 ὁμό-

2239 1400 2313 1450 10.
2352 1403 2666 1464 transfigura-

1110 1671 1306 1719 eraditis
1342 1665 1384 1718 λ.

1544 1772 1673 1831 linis,
1711 1786 1764 1821 ex
1803 1771 2057 1821 incudibus
2085 1779 2130 1820 et
2156 1771 2344 1821 malleis
2365 1779 2491 1832 nata,
2529 1786 2668 1833 gros-

1540 1841 1608 1888 sis
1649 1855 1774 1897 rasa,
1829 1839 2126 1888 discobinata
2176 1840 2235 1888 de
2286 1839 2442 1900 limis,
2498 1841 2668 1900 serris,

1540 1907 1869 1965 furfuraculis,
1908 1906 2061 1955 asccis
2087 1913 2234 1964 secta,
2273 1906 2451 1966 dolata,
2473 1908 2667 1965 effossa,

294 1987 445 2038 χροα
480 1968 576 2020 καὶ
609 1986 708 2030 της
742 1964 908 2031 αὐτῆς
938 1968 1241 2038 κεραμείας.
1255 1979 1293 2000 “
1360 1975 1433 2024 Cf.

298 2040 610 2091 Tertull.1)e
650 2040 774 2089 ldol.
812 2057 915 2104 cap.
943 2042 970 2089 7
1011 2057 1218 2100 „manus
1257 2049 1434 2091 matres

300 2108 599 2158 idolorum.“
671 2108 810 2166 Quod
866 2109 924 2157 ad
972 2123 1072 2158 rem
1125 2110 1186 2158 cl.
1226 2125 1329 2173 cap.
1372 2109 1433 2158 13

297 2176 645 2236 „Domesticos
693 2176 842 2237 deca,
898 2191 1021 2240 quos
1058 2178 1204 2226 Lares
1257 2178 1433 2236 dicitis,

297 2244 564 2293 domestica
604 2250 843 2306 potestate
880 2246 1092 2294 tractatis
1120 2245 1434 2307 pignerando,

296 2312 606 2369 venditando,
644 2310 955 2367 demutando,
991 2313 1243 2375 aliquando
1281 2315 1327 2360 in
1356 2329 1433 2361 ca-

300 2381 509 2430 calvulum
533 2381 592 2428 de
615 2380 835 2438 Saturno,
874 2380 1126 2442 aliquando
1163 2381 1212 2427 in
1247 2381 1437 2429 trullam

297 2448 355 2495 de
387 2447 609 2506 Minerva,
671 2453 722 2494 ut
769 2446 975 2509 quisque
1024 2447 1255 2496 contritus
1292 2454 1434 2510 atque

296 2522 527 2562 contusus
567 2521 662 2573 est,
696 2513 810 2562 dum
848 2513 928 2562 diu
967 2512 1157 2571 colitur,
1212 2522 1263 2562 ut
1298 2515 1433 2577 quis·

183 2619 190 2626 .
292 2596 387 2644 que
424 2581 656 2630 dominus
691 2582 985 2630 sanctiorem
1025 2591 1246 2643 expertus
1285 2590 1358 2630 est
1387 2589 1433 2650 et

294 2650 614 2698 domesticam
652 2649 1008 2699 necessitatem.
1013 2648 1045 2673 ‘⁶
1106 2649 1269 2699 lustin.
1296 2649 1431 2699 Mart.

296 2716 436 2790 Apol.
458 2717 496 2774 l,
510 2716 598 2770 9,
606 2708 684 2770 ,ἐξ
708 2705 927 2794 ἀτίμων
948 2711 1201 2769 πολλάκις
1225 2716 1432 2764 σκευῶν

300 2777 395 2831 διὰ
420 2779 608 2847 τὲχννς
630 2776 692 2830 τὸ
714 2795 901 2848 σχημα
916 2776 1095 2848 μόνον
1113 2775 1432 2839 ἀλλάξαντες

300 2843 395 2896 καὶ
452 2850 972 2914 μορφοποιήσαντες
1027 2845 1190 2903 θεοὺς·
1240 2844 1429 2900 luove·

299 2909 595 2981 μάζουσιν.
606 2923 643 2944 “
695 2919 858 2968 Minue.
898 2920 999 2968 Fcl.
1038 2920 1197 2969 Octav.
1239 2935 1342 2983 cap.
1365 2918 1429 2968 23

303 2984 477 3043 „Deus
533 2984 658 3033 enim
713 2985 890 3047 ligneus
944 2988 1049 3049 rogi
1103 2989 1309 3036 fortasse
1357 2986 1427 3036 vel

298 3051 517 3101 infelicis
552 3053 726 3114 stipitis
759 3055 922 3115 portio⁴
949 3055 1280 3118 suspenditur,
1319 3069 1431 3102 cae-

296 3120 446 3177 ditur,
470 3119 680 3179 dolatur,
708 3124 1000 3171 runcinatur.
1039 3123 1094 3171 Et
1113 3123 1232 3170 deus
1258 3136 1431 3170 aereus

294 3187 366 3235 rel
404 3196 664 3248 argenteus
701 3189 759 3237 de
797 3189 1044 3239 immundo
1098 3190 1322 3245 vasculo,
1380 3196 1431 3237 ut

291 3256 492 3318 saepius
530 3256 706 3304 sactum
744 3257 970 3318 Aegyptio
1009 3258 1128 3318 regi,
1176 3258 1429 3314 conflatur,

288 3323 511 3370 tunditur
564 3324 754 3371 malleis
811 3332 860 3372 et
893 3323 1145 3372 incudibus
1182 3326 1429 3384 liguratur,

288 3397 336 3438 ct
373 3388 600 3452 lapideus
631 3391 863 3449 caeditur,
899 3391 1150 3454 scalpitur,
1187 3399 1234 3439 et
1260 3392 1430 3438 abim-

288 3465 465 3518 purato
501 3458 701 3505 homine
730 3457 1004 3519 laevigatur,
1026 3474 1115 3511 nec
1141 3459 1285 3507 sentit
1307 3473 1423 3507 suae

290 3524 547 3573 nativitatis
584 3525 830 3584 iniuriam,
868 3526 928 3574 ita
967 3535 1019 3574 ut
1056 3540 1145 3576 nec
1163 3534 1331 3588 postea
1366 3526 1424 3573 de

288 3600 443 3640 vestra
482 3594 793 3640 veneratione
842 3592 1105 3653 culturam,
1160 3594 1251 3642 nisi
1302 3594 1425 3641 sorte

287 3659 505 3707 nondum
543 3658 684 3719 deus,
720 3674 884 3708 saxum
922 3670 1012 3718 est,
1047 3661 1119 3710 vel
1152 3660 1332 3722 lignum
1355 3659 1425 3708 vel

288 3726 601 3787 argentum.“
655 3727 1095 3777 Arnob.Adv.Natt.
1119 3727 1270 3787 vt‚14
1309 3727 1423 3787 „si-

289 3794 509 3842 mulacra
548 3794 672 3853 ista,
709 3810 831 3857 quae
866 3810 949 3844 vos
985 3802 1169 3845 terrent
1204 3810 1424 3858 quaeque

287 3861 487 3923 templis
539 3862 588 3909 in
627 3862 851 3911 omnibus
887 3864 1116 3925 prostrati
1155 3870 1295 3926 atque
1333 3862 1424 3909 hu—

284 3928 434 3976 miles
472 3928 702 3986 adoram,
742 3944 872 3988 ossa,
909 3929 1113 4002 lapidea,
1150 3944 1260 3978 aera
1297 3937 1427 3988 sunt,

289 4001 493 4055 argenta

289 4069 431 4125 ptum
470 4076 493 4110 e

287 4143 411 4178 num
451 4143 493 4191 ς]

287 4197 446 4245 triciis
483 4212 493 4244 ι

287 4278 341 4312 ex
379 4264 493 4313 ossi]

289 4346 343 4380 ex
383 4347 493 4382 caca

286 4397 493 4449 lucernis

286 4466 408 4516 culis
446 4483 493 4517 ct

286 4534 426 4584 ducta
464 4550 488 4585 s

284 4604 411 4663 uitis,
450 4619 493 4654 et

351 4689 680 4736 Τιιιυιιιιιιι
700 4699 808 4734 on.
822 4699 896 4731 n.
917 4698 1112 4732 οιιιιιι.
1186 4685 1311 4730 Τοιιι.
1326 4684 1362 4727 1.

1539 1975 1839 2024 terebrarum
1878 1982 2096 2023 excavata
2134 1973 2396 2034 vertigiue⁴⁴
2434 1989 2541 2037 sqq.
2595 1974 2669 2024 ct.

1537 2042 1767 2103 Athenag.
1823 2042 1985 2103 Legat.
2051 2056 2140 2105 pro
2198 2041 2375 2091 Christ.
2430 2057 2536 2105 cap.
2587 2039 2667 2090 23.

1537 2110 1676 2158 Pbot.
1697 2109 1816 2157 Bibl.
1854 2125 1902 2172 p.
1916 2108 2031 2159 553.
2072 2108 2187 2158 556.
2238 2109 2443 2159 Gataker
2477 2109 2669 2159 Advers.

1538 2177 1739 2227 Miscell.
1780 2177 1839 2237 ll,
1875 2177 1948 2227 ¹9.
1990 2172 2217 2227 c012371.
2291 2176 2362 2226 Cf.
2401 2177 2525 2225 Esai.
2563 2191 2669 2241 cap.

1533 2244 1722 2302 44,12
1758 2260 1865 2308 sqq.

1602 2313 1652 2363 b.
1692 2314 1819 2361 cruci
1858 2320 1903 2360 et
1939 2312 2088 2375 stipiti
2127 2308 2523 2376 superstructa‘?]
2570 2307 2666 2360 Sti-

1535 2394 1649 2442 pam
1698 2381 1776 2429 hie
1812 2380 2051 2441 intelligit,
2105 2394 2197 2442 qua
2246 2379 2509 2443 amphorae
2556 2394 2665 2430 cum

1536 2455 1833 2505 extruuntur,
1874 2456 1925 2496 ιιι
1960 2448 2024 2495 ait
2048 2448 2236 2507 Festus,
2272 2448 2450 2497 firmari
2488 2446 2664 2496 solent.

1533 2515 1620 2564 Est
1657 2515 1881 2564 nimirum
1920 2516 2044 2577 stipa
2086 2529 2196 2563 crux
2244 2529 2328 2563 seu
2377 2515 2664 2577 patibulum,

1537 2583 1611 2632 cui
1648 2582 1868 2644 argillam
1908 2583 2160 2646 imponunt
2194 2582 2397 2645 plastae,
2436 2589 2484 2631 ut
2511 2582 2664 2631 simu-

1535 2650 1663 2700 lacra
1729 2666 1850 2726 quae
1906 2651 2051 2700 velint
2105 2649 2391 2699 deforment.
2495 2651 2663 2700 Graeci

1532 2727 1702 2767 vocant
1753 2711 2057 2779 κάνναβον,
2134 2726 2183 2766 ιιι
2241 2719 2377 2766 testis
2424 2717 2662 2778 Iosephus

1531 2785 1761 2845 Scaliger.
1834 2786 2159 2833 Tertullianus
2207 2785 2359 2832 infra:
2410 2783 2660 2842 „Diximus

1532 2853 1767 2912 originem
1805 2853 2004 2900 deornm
2040 2858 2308 2899 vestrorum
2347 2865 2372 2897 a
2409 2851 2581 2912 plastis
2610 2851 2656 2898 in

1532 2934 1675 2967 cruce
1713 2919 1923 2967 induci.“
1997 2920 2149 2976 Quam
2186 2931 2303 2966 sane
2338 2918 2512 2979 stipam
2540 2917 2659 2965 Ter-

1529 2986 1763 3034 tullianus
1802 2986 1876 3033 hic
1912 2994 2045 3033 vocat
2080 2986 2307 3045 stipitem.
2347 2983 2431 3041 (La
2470 2985 2660 3037 cerda.)

1533 3054 1606 3101 Cf.
1644 3052 1818 3113 Scalig.
1853 3052 1910 3101 ad
1933 3053 2058 3100 Fest.
2078 3067 2117 3099 s.
2132 3067 2171 3097 v.
2194 3052 2464 3113 Stipatores.
2526 3051 2660 3113 Lips.

1534 3120 1600 3168 De
1652 3121 1804 3169 Cruce
1852 3135 1956 3181 cap.
2001 3118 2077 3167 10.
2164 3117 2363 3167 Tertull.
2414 3118 2481 3167 Ad
2532 3118 2658 3167 Nan.

1532 3188 1571 3246 1,
1596 3186 1657 3235 12
1695 3187 1848 3246 „Nam
1879 3201 2020 3235 omne
2050 3186 2382 3243 simulacrum,
2419 3199 2505 3233 seu
2528 3184 2656 3246 liguo

1533 3269 1620 3303 seu
1659 3254 1817 3317 lapide
1864 3253 2161 3316 desculpitur
2214 3268 2300 3302 seu
2338 3267 2448 3302 aere
2483 3253 2658 3301 desun-

1535 3322 1662 3371 ditur
1712 3336 1796 3369 seu
1851 3336 2134 3384 quacunque
2196 3321 2285 3368 alia
2339 3319 2659 3383 locupletiore

1534 3390 1730 3438 materia
1753 3389 2051 3451 producitur,
2071 3388 2302 3450 plasticae
2321 3402 2493 3436 manus
2514 3402 2658 3452 prae,

1530 3457 1702 3505 cedant
1724 3470 1923 3504 necesse
1950 3463 2037 3503 est.
2089 3454 2248 3505 Plasta
2285 3463 2440 3504 autem
2472 3455 2655 3516 lignum

1529 3524 1686 3573 crucis
1740 3524 1788 3572 in
1838 3523 1994 3585 primo
2044 3523 2225 3580 statuit,
2290 3523 2515 3586 quoniam
2564 3523 2655 3584 ipsi

1529 3606 1721 3655 quoque
1760 3591 1954 3654 corpori
2010 3598 2175 3639 nostro
2212 3591 2352 3639 tacita
2391 3597 2437 3637 et
2471 3597 2658 3639 secreta

1529 3659 1656 3708 linea
1695 3659 1852 3707 crucis
1886 3658 2008 3707 situs
2045 3665 2133 3705 est.
2181 3656 2319 3714 Quod
2357 3663 2500 3718 caput
2535 3655 2654 3705 emi-

1529 3733 1620 3786 cat,
1672 3725 1800 3788 quod
1837 3726 1975 3786 spina
2024 3723 2271 3783 derigitur,
2320 3722 2449 3785 quod
2486 3722 2657 3770 hume-

1525 3807 1695 3842 rorum
1749 3792 2013 3855 obliquatio
2063 3790 2274 3846 excedit,
2334 3789 2377 3837 ai
2429 3790 2658 3839 statueris

1527 3860 1774 3909 hominem
1823 3859 2044 3907 manibus
2094 3856 2344 3919 expansiS,
2400 3855 2655 3917 imaginem

1529 3928 1688 3976 crucis
1737 3927 1921 3975 fecerit.
2010 3925 2128 3974 Huic
2177 3924 2320 3985 igitur
2368 3923 2563 3972 exordio
2613 3932 2661 3973 et

1529 3995 1658 4044 velut
1702 3993 1947 4042 statumini
2004 3992 2171 4053 argilla
2224 3991 2435 4054 desuper
2488 3991 2664 4039 intexta

1530 4061 1764 4125 paulatim
1824 4060 2039 4108 membra
2110 4058 2323 4121 complet
2382 4065 2429 4107 et
2485 4072 2662 4119 corpus

1529 4129 1673 4178 struit
1709 4135 1755 4176 et
1791 4127 2003 4175 habitum
2054 4141 2195 4189 quem
2245 4126 2425 4203 placuit
2459 4124 2660 4185 argillae

1530 4197 1659 4245 intus
1698 4196 1827 4244 cruci
1857 4195 2055 4255 ingerit,
2095 4193 2204 4242 inde
2225 4192 2404 4242 circino
2423 4200 2469 4240 et
2495 4192 2658 4267 plum-

1531 4263 1637 4312 beis
1691 4261 1901 4311 modulis
1954 4260 2258 4324 praeparatio
2307 4259 2552 4308 simulacri
2608 4260 2656 4306 in

1532 4344 1776 4389 marmor,
1831 4329 1878 4376 in
1927 4327 2077 4376 lutum
2127 4327 2197 4376 vel
2247 4342 2329 4375 aes
2379 4325 2450 4374 vel
2500 4323 2654 4387 quod·

1533 4412 1721 4459 cunque
1773 4395 1955 4460 placuit
2001 4395 2140 4445 deum
2189 4394 2291 4443 fieri
2341 4392 2655 4452 transmigra-

1528 4462 1690 4515 tura.“

1600 4548 1641 4581 e.
1681 4524 1970 4594 dedicatur-‚J
2024 4529 2075 4578 V.
2115 4543 2236 4592 quae
2274 4525 2559 4576 adnotavero
2596 4522 2656 4573 ad

1531 4599 1778 4662 Scorpiac.
1817 4611 1922 4661 cap.
1956 4596 1999 4647 1.
