3263 5311
284 791 299 856 s
326 825 441 887 φρ.
456 825 603 874 xxm.

626 439 757 506 210

1120 452 1332 504 omum
1379 452 1642 495 seruam
1686 452 2017 495 nonnus
2062 452 2452 495 ‘rt-:awanam

637 612 699 667 et
738 602 984 666 barbam
1025 609 1183 664 tactu
1226 601 1544 663 inrufatam
1559 614 1607 676 ¹⁸,
1672 601 1798 663 ”ut
1838 602 2079 664 numina
2122 601 2347 683 lapides
2390 601 2806 677 crederentur,
2873 601 2999 664 “ut

638 706 784 768 deus
830 722 1004 766 verus
1047 702 1230 765 ”non
1274 700 1709 783 quaereretur?

803 804 1027 879 Porro,
1089 803 1177 864 ἐἰ
1234 812 1294 866 et
1349 803 1505 883 magi
1560 804 1973 883 phantasmata
2039 802 2224 865 edunt
2276 811 2338 865 et
2399 803 2515 864 iam
2577 802 2996 865 detunctorum

632 907 951 969 ’infamant
993 905 1219 967 animas
1232 917 1276 980 ⁸,
1322 905 1377 966 si
1417 922 1645 985 pueros
1676 904 1737 965 in
1775 904 2076 985 eloquium
2104 904 2328 966 oraculi
2356 901 2676 978 'eliduuffl
2723 904 2776 966 si
2805 905 2995 968 multa

635 1127 718 1177 58.
756 1132 809 1176 ut
838 1119 1216 1190 ΑΒΒΕΡσλεαεῙ.
1251 1125 1393 1190 Erfm

1394 1131 1426 1175 t.
1472 1125 1663 1175 vindob.
1704 1124 1854 1174 Oxou.
1942 1131 1989 1173 et
2026 1131 2077 1173 ut
2110 1141 2154 1173 o.
2239 1131 2292 1173 ut
2325 1132 2374 1173 et
2408 1125 2453 1175 b.
2490 1124 2681 1175 Ποσει-ο.

634 1195 757 1245 dens
789 1193 954 1244 ABEG.
997 1193 1189 1244 vindob.
1224 1193 1398 1257 Ernm.
1487 1200 1537 1242 et
1569 1192 1691 1242 dens
1726 1186 1976 1256 Dhbcdef.
2013 1192 2204 1242 flavere.
2295 1207 2385 1242 nec
2421 1192 2542 1242 deus
2576 1192 2631 1243 F.

2802 1124 2890 1175 59.
2942 1133 2995 1175 ut

2771 1191 2856 1242 60.
2891 1206 2992 1244 non

636 1261 930 1313 crederetur.
967 1260 1021 1310 D.
1092 1266 1421 1323 quaereretur.
1456 1260 1509 1309 F.
1582 1273 1678 1308 non
1716 1274 1839 1322 quae
1875 1259 2136 1309 effecerint.
2171 1253 2218 1305 λ.

773 1328 890 1391 Cap.
926 1326 1091 1377 ΧΧῙΙΙ.
1164 1327 1307 1392 Caput
1340 1341 1507 1377 novum
1539 1328 1591 1375 in
1624 1326 1849 1376 ABEGob.
1881 1327 2073 1376 vindob.
2098 1327 2271 1389 Erfurt.
2295 1325 2445 1376 Oxou.
2483 1327 2684 1391 aliisque
2718 1328 2993 1392 inscriptum

634 1403 736 1448 ast:
772 1394 850 1444 DE.
888 1393 1368 1445 FANTASMTths
1403 1393 1818 1457 (munsture
1851 1390 1922 1453 G.)
1956 1393 2177 1445 mantal-3
2212 1391 2476 1454 (nameus
2511 1393 2565 1443 Ε.
2604 1394 2776 1459 ΕΥῙυνι.
2814 1395 2992 1446 nact-

636 1463 750 1514 cst:
788 1463 920 1520 Gab.)
966 1460 1043 1511 ΕΤ
1095 1460 1436 1511 memorius.

632 1532 857 1595 Bos-qm.
893 1529 1068 1594 Erlurt.
1108 1529 1257 1579 Oxou.
1298 1529 1489 1580 vindob.
1525 1461 2179 1593 Povlrteliaettnzi'usscougtqnggp·
2227 1527 2488 1578 inclamant
2532 1529 2692 1581 coede.

2319 1458 2368 1509 2.
2419 1460 2654 1510 infamant
2695 1458 2994 1580 ABDgFff.

2846 1565 2858 1579 .
2946 1545 2992 1582 ι-

636 1597 756 1648 dunt
786 1597 1050 1660 ABDEFGf.
1091 1597 1283 1648 vindob.
1319 1596 1493 1660 Errare.
1528 1597 1752 1659 Bonqors.
1821 1595 1971 1646 edunt
2003 1590 2049 1643 λ.
2126 1594 2325 1645 eliciunt
2357 1597 2518 1648 coede.

704 1782 752 1816 u.
789 1764 989 1815 barbam
1022 1771 1150 1813 tactu
1176 1757 1461 1830 inrufatam]
1496 1763 1760 1814 V.Sueton.

637 1835 736 1886 Vita
759 1833 936 1882 Neron.
976 1846 1083 1896 cap.
1106 1830 1153 1880 1.

707 1900 824 1963 Cap.
857 1898 1018 1949 xxm.
1073 1914 1116 1949 a.
1154 1898 1491 1949 defunctorum
1530 1898 1766 1948 infamant

634 1965 848 2030 animas]
916 1965 1046 2016 Libri
1103 1966 1256 2016 nostri
1307 1967 1486 2017 babent
1538 1968 1765 2030 insumant

636 2037 835 2096 unimus,
873 2040 921 2085 et
957 2033 1164 2083 tortasse
1200 2033 1391 2085 melius.
1460 2036 1599 2083 Amat
1634 2032 1764 2083 enim

635 2101 964 2154 Tertullianus
1013 2102 1170 2151 verbis
1222 2101 1288 2151 uti
1336 2116 1459 2165 quae
1496 2113 1550 2149 ex
1587 2115 1763 2151 conse-

635 2170 801 2236 quenti
836 2176 931 2220 aut.
952 2168 1185 2218 accidenti
1235 2183 1338 2218 rem
1385 2168 1541 2234 ipsam
1577 2168 1763 2230 signill-

636 2244 766 2290 cent.
826 2236 1064 2295 Quoniam
1100 2235 1245 2298 igitur
1277 2236 1370 2286 bac
1403 2236 1589 2286 ratione
1624 2235 1764 2299 quasi

634 2305 954 2356 traducuntur
987 2304 1176 2353 animae
1201 2310 1440 2362 evocatae,
1477 2302 1660 2353 idcirco
1687 2305 1761 2353 in·

636 2373 821 2422 famare
856 2370 1028 2421 dixerit
1061 2385 1154 2435 pro
1190 2370 1452 2421 inclamare
1468 2378 1522 2420 et
1544 2385 1762 2431 evocare,

638 2446 781 2503 atque
802 2439 891 2488 bac
911 2438 1187 2489 evocatione
1224 2438 1362 2502 quasi
1398 2438 1647 2488 infamiam
1684 2438 1761 2487 in-

637 2514 819 2557 cutere.
854 2504 937 2556 Sic
971 2504 1096 2556 libro
1131 2505 1201 2555 De
1237 2507 1403 2556 Anima
1439 2505 1589 2570 cap.7
1628 2506 1761 2566 „lta-

637 2587 733 2638 que
768 2572 1069 2623 mendacium
1092 2571 1212 2623 visui
1239 2573 1480 2632 obiicitur,
1515 2574 1647 2638 quod
1682 2587 1763 2622 re·

586 2692 599 2701 ,
637 2655 745 2693 mos
780 2642 829 2691 in
866 2654 988 2705 aqna
1036 2641 1239 2691 inflexos
1285 2640 1357 2691 vel
1406 2641 1639 2692 infractos
1674 2639 1762 2691 ad·

635 2717 823 2760 severat
840 2709 1070 2759 adversus
1093 2709 1438 2759 conscientiam
1459 2710 1764 2771 integritatis,

636 2776 767 2841 quod
804 2783 987 2827 turrem
1023 2775 1451 2841 quadrangulatam
1479 2778 1540 2826 de
1571 2776 1763 2839 longin-

637 2859 734 2908 quo
770 2843 1025 2895 rotundam
1062 2845 1378 2907 persuadeat,
1415 2844 1545 2908 quod
1582 2859 1764 2909 aequa·

636 2911 871 2964 lissimam
908 2911 1147 2975 porticum
1175 2913 1500 2975 angustiorem
1523 2913 1570 2962 in
1590 2912 1762 2965 ultimo

629 2978 884 3044 infamet.“
955 2979 1007 3030 ld
1057 2987 1133 3029 est
1178 2980 1504 3042 angustiorem
1542 2980 1763 3029 exhibeat

632 3053 776 3110 atque
806 3047 901 3098 hoc
929 3054 1070 3112 pacto
1100 3047 1237 3111 quasi
1275 3047 1513 3113 depretiet
1547 3048 1760 3097 detracta

632 3113 951 3178 aequalitate,
1003 3129 1098 3179 qua
1151 3115 1409 3179 praecipue
1457 3116 1760 3165 censebatur.

632 3181 857 3232 Ceterum
894 3184 1019 3233 inter
1051 3182 1236 3245 primas
1270 3196 1522 3244 magorum
1550 3183 1759 3246 praesti-

631 3248 765 3310 gias.
817 3264 938 3313 quas
973 3248 1264 3299 daemonum
1299 3250 1391 3300 sibi
1427 3250 1757 3299 assistentium

632 3330 727 3378 ope
753 3315 1000 3374 ludebant,
1038 3322 1260 3365 numerat
1283 3317 1550 3366 animarum
1571 3333 1628 3366 ac
1652 3318 1764 3381 spi-Q

631 3383 809 3433 rituum
847 3381 1179 3441 evocationes,
1227 3381 1428 3450 ψυχαῖν
1473 3376 1758 3449 ἀνθρωπί-

630 3461 746 3496 νων
788 3441 999 3508 absos&
1051 3449 1166 3499 dicit
1212 3449 1423 3501 lustinus
1458 3452 1659 3516 Apolog.
1697 3451 1759 3502 ΙΙ.

632 3512 755 3565 Hinc
789 3525 839 3567 et
880 3508 1252 3581 Waywyotic
1297 3518 1570 3583 appellatos
1616 3519 1761 3569 docet

631 3583 819 3633 laxim.
868 3584 1038 3647 Tyrius
1086 3582 1210 3633 Dias.
1259 3585 1401 3635 Xxll.
1435 3586 1760 3637 Phonteamala

632 3658 792 3701 autem
827 3651 943 3702 dicit
963 3650 1307 3714 Tertullianus,
1343 3652 1453 3716 quia
1491 3653 1616 3714 magi
1642 3668 1756 3703 sen-

630 3719 769 3769 sibus
815 3719 999 3770 nostris
1044 3717 1252 3769 illudunt
1296 3734 1353 3769 ac
1399 3720 1529 3769 visus
1564 3727 1764 3771 nostros

630 3788 906 3852 praestigiis
940 3786 1311 3837 occaecantibus
1348 3786 1538 3849 fallunt,
1575 3795 1626 3837 ut
1662 3802 1758 3838 non

628 3854 876 3906 videamus
913 3870 971 3905 ea
1005 3869 1129 3918 quae
1154 3862 1284 3914 sunt,
1319 3854 1435 3905 dnm
1471 3855 1631 3904 videre
1666 3870 1758 3907 nos

631 3929 857 3984 putamus
881 3936 1005 3986 quae
1030 3937 1127 3972 non
1154 3929 1285 3981 suut,
1322 3922 1413 3972 nisi
1430 3916 1597 3989 μέχρι
1614 3936 1757 3988 φαν-

628 3983 854 4045 τασίας,
892 3989 1296 4053 quemadmodum
1334 3989 1548 4054 loquitur
1582 3990 1756 4052 Orige-

631 4070 719 4106 nes
755 4056 880 4106 libro
919 4055 956 4106 l.
993 4064 1159 4107 contra
1198 4056 1423 4108 Celsum:
1478 4051 1617 4113 ,μισεῖ
1651 4062 1756 4136 ψυ-

623 4114 1458 4256 ᾄᾰέεὲωςέεῖέὲέὲἳῑ.
1475 4120 1756 4260 ‘2332

624 4251 722 4307 καὶ
755 4248 874 4319 ὄψα
900 4249 970 4304 τὰ
994 4248 1090 4306 οὒκ
1114 4249 1250 4307 ὄντα
1280 4252 1620 4318 δεικνύντων,
1662 4253 1757 4309 καὶ

628 4317 704 4377 ὥς
738 4320 850 4381 ζῶα
883 4317 1185 4374 κινούντων
1231 4318 1327 4376 οὔκ
1361 4319 1581 4388 ἀληθῶς
1615 4320 1754 4376 ὄντα

627 4388 773 4450 ζῶα,
823 4381 956 4439 ἀλλὰ
999 4389 1167 4459 μέχρι
1201 4390 1519 4461 φαντασίας
1552 4388 1752 4462 ‹puwo-

622 4472 766 4533 μενᾳ
800 4456 1045 4508 τοιαῦτα.
1121 4462 1382 4527 Sophoclis
1430 4463 1752 4515 scholiastes:

1865 1763 2055 1828 Martyri
2104 1763 2228 1813 salso
2276 1763 2578 1825 tribuuntur,
2632 1762 2912 1814 Samuelem
2965 1782 3000 1816 a

1865 1832 2151 1895 Pythoniasa
2188 1845 2350 1880 revera
2388 1831 2643 1881 excitatum
2681 1839 2851 1894 negat,
2902 1833 2996 1883 sed

1861 1893 2005 1947 κατὰ
2038 1892 2140 1959 τὴν
2172 1890 2451 1963 ἐνέργειαν
2474 1896 2573 1947 τοῦ
2596 1893 2860 1964 δαίμονος
2891 1898 2996 1950 τοῦ

1864 1960 1964 2020 τὰς
1998 1958 2156 2029 ὄψεις
2190 1958 2598 2032 mandamns.
2673 1967 2748 2017 Cf.
2785 1967 2993 2020 Tertull.

1865 2035 1925 2085 de
1962 2036 2126 2084 Anima
2163 2034 2367 2098 cap.57.
2404 2032 2638 2094 (Herald.)

1933 2102 1979 2152 b.
2018 2103 2059 2151 si
2099 2116 2278 2167 pueros
2315 2103 2361 2151 in
2399 2102 2648 2165 eloquium
2684 2101 2866 2152 oraculi
2897 2102 2995 2153 eli-

1866 2163 2010 2234 dunt]
2039 2170 2380 2220 Consternum.
2417 2168 2608 2232 Etenim
2629 2170 2854 2219 incantati
2880 2185 2995 2220 cot·-

1867 2237 2071 2288 ruebant
2105 2236 2250 2286 veluti
2289 2236 2488 2296 caduci,
2523 2244 2792 2302 posteaque
2827 2238 2996 2288 nesci-

1867 2312 2003 2354 entes
2038 2305 2114 2354 sui
2150 2304 2477 2354 excitabantur
2511 2304 2559 2353 iu
2596 2304 2839 2369 eloquium
2876 2320 2997 2356 ora·

1867 2372 1962 2422 culi
2022 2380 2070 2421 et
2122 2372 2270 2422 multa
2324 2371 2576 2435 praesagio
2629 2372 2995 2437 praedicebant.

1864 2439 2112 2489 Eiusmodi
2150 2439 2437 2504 praestigias
2473 2448 2638 2489 narrat
2663 2440 2893 2504 Apuleius
2927 2441 2997 2491 de

1866 2507 2016 2569 Uagia
2051 2502 2183 2572 [cap.
2196 2506 2265 2557 42
2283 2500 2416 2572 sqq]
2454 2506 2614 2562 libro..
2646 2507 2860 2569 (Rigalt.)
2907 2508 2997 2558 Ri-

1866 2574 2062 2637 galtium
2111 2575 2158 2624 in
2208 2575 2363 2624 verbis
2401 2574 2683 2625 Tertulliani
2729 2574 2803 2625 sic
2837 2576 2999 2626 inter·

1865 2642 2112 2707 pretendis
2156 2649 2492 2706 praecesserat
2547 2642 2643 2693 iam
2691 2641 2855 2694 Desid.
2892 2644 2998 2695 He-

1866 2710 2064 2772 raldus,
2111 2718 2305 2774 praeter
2340 2711 2478 2760 cuius
2512 2710 2574 2760 ad
2610 2711 2657 2760 b.
2695 2711 2728 2762 l.
2763 2711 2999 2763 adnotata

1865 2779 1927 2828 de
1962 2779 2058 2828 boc
2104 2792 2280 2840 genere
2328 2777 2675 2829 vaticinationis
2724 2778 2871 2829 adeas
2906 2780 3000 2830 lu-

1866 2846 1979 2901 stin.
2017 2845 2154 2895 Mart.
2191 2845 2327 2909 Apol.
2349 2844 2481 2904 t,18.
2517 2845 2588 2895 lo.
2613 2846 2857 2898 Sarisber.
2891 2847 2996 2897 Po-

1865 2913 2017 2963 licrat.
2057 2913 2117 2972 11,
2155 2912 2237 2963 28.
2312 2913 2523 2963 Bonifae.
2574 2913 2755 2964 Histor.
2791 2913 2993 2965 Ludicr.

1862 2980 1984 3042 Vlll,
2021 2979 2103 3030 21.
2141 2981 2347 3031 casaub.
2385 2980 2445 3030 ad
2482 2981 2723 3045 Spartiani
2763 2981 2868 3033 Did.
2902 2982 2992 3034 lu-

1861 3048 2045 3099 lianum
2082 3062 2188 3110 cap.
2211 3048 2259 3097 7.
2317 3056 2364 3098 et
2401 3047 2726 3099 Elmenborst.
2759 3049 2819 3100 ad
2858 3050 2997 3102 Gen·

1863 3116 1971 3165 nad.
2009 3131 2057 3180 p.
2091 3115 2185 3166 195
2223 3123 2269 3165 et
2305 3131 2353 3180 p.
2379 3114 2496 3165 200.
2563 3116 2623 3166 At
2656 3110 2774 3166 mibi
2807 3117 2996 3167 rectius

1860 3182 2078 3233 sensisse
2110 3183 2297 3234 videtur
2333 3183 2502 3233 Franc.
2539 3183 2722 3245 lunius,
2758 3185 2838 3248 qui
2864 3183 2995 3235 Ter-‘-

1861 3251 2048 3301 tulliani
2081 3252 2226 3301 verba
2263 3251 2322 3301 de
2359 3258 2558 3301 cruento
2605 3266 2868 3317 puerorum
2903 3248 2995 3302 sa-'

1862 3320 2043 3370 criticio
2097 3319 2467 3382 interpretatur,
2537 3319 2597 3369 de
2661 3333 2756 3383 quo
2810 3333 2996 3382 genere

1860 3386 2210 3436 vaticinationis
2260 3394 2411 3436 testes
2461 3394 2574 3437 sunt
2622 3386 2900 3438 Philostrat.
2939 3388 2991 3437 V.

1860 3454 2020 3518 Apoll.
2055 3452 2175 3514 Vlll,
2211 3453 2257 3503 5.
2309 3453 2544 3503 ammian.
2583 3454 2793 3505 Marcell.
2826 3454 2994 3517 xxix,

1861 3520 1909 3571 2.
1947 3521 2036 3571 Dio
2073 3520 2211 3571 Cass.
2245 3521 2449 3581 Lxxtu,
2489 3520 2567 3571 16.
2615 3521 2794 3572 Lucan.
2832 3522 2994 3572 Phar·

1859 3589 1947 3639 sal.
1987 3588 2061 3648 vt,
2098 3587 2198 3638 554
2216 3603 2324 3652 sqq.
2359 3586 2536 3640 Euseb.
2572 3589 2628 3641 tt.
2665 3589 2719 3640 E.
2757 3589 2876 3651 vnt,
2905 3589 2994 3641 14.

1864 3657 1942 3716 lx,
1956 3657 2004 3706 9.
2042 3665 2091 3706 et
2109 3656 2195 3706 vit.
2232 3656 2481 3707 Constant.
2513 3656 2552 3717 1,
2576 3655 2658 3708 36.
2699 3657 2851 3707 Clem.
2887 3657 2993 3707 Re-

1863 3724 2059 3786 cognitt.
2097 3723 2157 3783 11,
2198 3720 2277 3773 13.
2348 3724 2513 3789 Neque
2567 3724 2706 3775 aliter
2753 3725 2844 3775 nisi
2894 3739 2992 3788 pro

1862 3805 2038 3841 necare
2073 3791 2216 3841 verbo
2253 3792 2425 3842 elidere
2459 3792 2528 3842 uti
2563 3792 2691 3842 solet
2725 3792 2994 3843 Tertullia-

1861 3874 1969 3909 nus.
2039 3858 2107 3907 De
2142 3858 2363 3922 Spectac.
2401 3875 2508 3923 cap.
2530 3859 2592 3911 18
2630 3860 2854 3921 „Primos
2890 3859 2991 3910 bo-

1861 3926 2016 3976 mines
2052 3926 2276 3976 diabolus
2310 3926 2495 3978 elisit.“
2546 3926 2791 3992 Scorpiac.
2831 3926 2993 3992 cap.6

1858 3993 1991 4055 „Sed
2026 3994 2068 4043 si
2105 3994 2382 4045 certaminis
2430 3994 2624 4045 nomine
2672 3995 2790 4046 deus
2839 3995 2991 4046 nobis

1859 4061 2084 4125 martyria
2136 4062 2503 4126 proposuisset,
2557 4077 2646 4127 per
2698 4076 2820 4127 quae
2872 4077 2992 4114 cum

1856 4128 2131 4180 adversario
2163 4130 2511 4194 experiremur,
2547 4138 2616 4188 ut,
2650 4145 2677 4180 a
2703 4145 2797 4195 qno
2825 4129 2990 4182 liben-

1856 4204 1930 4246 ter
1964 4196 2112 4248 bomo
2148 4198 2291 4248 elisus
2319 4204 2403 4259 est,
2444 4211 2556 4249 eum
2581 4197 2677 4247 iam
2705 4204 2992 4249 constanter

1854 4263 2042 4315 elidet“
2087 4272 2199 4317 cett.
2269 4265 2343 4315 Cf.
2381 4265 2543 4316 adnot.
2591 4264 2654 4315 ad
2699 4264 2879 4315 librum
2915 4265 2993 4316 Ad

1854 4332 1997 4397 Scap.
2035 4332 2206 4397 cap.4.
2244 4331 2416 4383 Minue.
2452 4332 2553 4382 Fel.
2591 4332 2751 4384 Octav.
2789 4331 2988 4398 cap.30

1856 4399 1986 4459 „Vos
2023 4401 2153 4451 euim
2187 4400 2324 4450 video
2360 4407 2643 4465 procreatos
2689 4399 2818 4451 tilios
2855 4414 3010 4451 nuno·

1854 4468 1974 4518 l'eris
2033 4475 2082 4518 et
2141 4468 2305 4519 avibus
2369 4482 2640 4533 exponere,
2710 4482 2838 4518 nunc
2889 4467 2989 4518 ad-

622 4540 880 4606 ,ffleyovc
911 4518 1136 4578 ἐκάλουν
1182 4522 1310 4584 τοὺς
1354 4522 1576 4594 ψευδεῒς
1609 4543 1753 4596 φαν-
1851 4535 2179 4598 strangulatos
2226 4537 2406 4587 misero
2455 4535 2627 4588 mortis
2676 4549 2855 4600 genere
2889 4537 2984 4587 eli-

624 4606 819 4649 τασιας
828 4591 1222 4663 περιτιθέντας.
1235 4601 1278 4625 “
1310 4598 1393 4653 Sic
1405 4604 1575 4648 auctor
1588 4599 1750 4657 Quae-
1781 4598 1804 4613 ⁶

621 4662 835 4712 stionum
870 4669 917 4714 et
949 4663 1368 4728 Responsionum,
1404 4678 1529 4731 quae
1563 4664 1748 4719 Iustino

1854 4603 2016 4654 dere.“
