3263 5311
1292 1125 1476 1189 *DE

193 1445 212 1455 ,
301 1318 806 1436 IEIUNIO
898 1317 1606 1437 ADVERSUS
1697 1317 2481 1440 PSYCHICOS.

404 1760 676 1852 Mirarer
720 1790 1097 1871 ’psychicoffi
1155 1791 1208 1853 si
1253 1790 1381 1854 sola
1424 1789 1657 1853 luxuria
1696 1790 2106 1866 'tenerentmu
2173 1811 2287 1873 qua
2330 1794 2569 1875 saepius
2606 1799 2767 1858 cnr-¹·

222 1889 510 1965 nubunt·‚
555 1889 642 1952 ’si
687 1908 808 1952 non
855 1890 1030 1953 etiam
1075 1891 1333 1972 ingluvie
1360 1889 1853 1966 ⁴lacerarenturb,
1897 1911 2013 1973 qua
2046 1892 2264 1956 ieiunia
2294 1894 2572 1958 oderunt.
2710 1885 2717 1892 ’

223 1993 554 2056 Monstrum
599 1990 824 2053 scilicet
865 1991 1186 2056 baberetur
1225 1991 1409 2054 libido
1468 1992 1601 2054 sine
1660 1991 1825 2070 gula,
1888 2011 2021 2054 cum
2078 1993 2198 2056 duo
2252 1994 2400 2057 haec
2453 2002 2575 2058 tam

224 2092 390 2156 unita
430 2100 607 2172 atque
649 2101 923 2156 concreta
970 2077 1122 2166 sint,
1191 2101 1258 2155 ut
1310 2093 1365 2154 si
1408 2091 1671 2171 disiungi
1714 2092 1961 2154 omnino
2015 2094 2390 2173 potuissent,
2455 2097 2575 2177 ipsi

223 2192 392 2272 prius
437 2192 627 2254 ventri
669 2192 946 2272 pudenda
988 2211 1109 2255 non
1154 2192 1560 2255 adhaererent.
1629 2192 1843 2271 Specta
1873 2212 2124 2273 corpua,
2170 2204 2231 2258 et
2258 2214 2375 2258 una
2402 2196 2573 2276 regio

227 2302 338 2356 est.
406 2292 706 2373 Denique⁶
747 2312 860 2374 pro
906 2283 1302 2373 dispositione
1343 2291 1750 2355 membrorum
1796 2291 1945 2354 ordo
1990 2292 2329 2357 vitiorum⁴¹.
2402 2295 2578 2358 Prior

230 2401 467 2468 venter,
512 2401 572 2456 et
613 2394 812 2456 statim
858 2403 1053 2456 cetera
1096 2394 1336 2474 saginae
1379 2392 1721 2468 substructa
1762 2392 2001 2455 lascivia
2046 2404 2171 2470 est3
2220 2413 2332 2476 per
2373 2394 2573 2458 edaci·

227 2501 408 2556 tatem
463 2494 734 2558 salacitas
791 2494 1026 2556 transit.
1134 2495 1408 2574 Agnosco
1476 2494 1656 2574 igitur
1719 2493 2062 2556 animalem‘
2127 2495 2308 2560 fidem
2372 2496 2574 2560 studio

226 2594 456 2669 carnis,
500 2595 650 2675 ⁵qua
695 2602 819 2657 tota
863 2603 1128 2671 constat,
1185 2605 1304 2671 tam
1347 2593 1823 2658 multivorantiae
1866 2603 2042 2675 quam
2086 2596 2576 2663 multinubentiae

225 2714 507 2778 pronam,
572 2705 641 2758 ut
681 2697 895 2759 merito
940 2696 1268 2778 spiritalem
1311 2696 1681 2777 disciplinam
1723 2715 1835 2776 pro
1880 2696 2215 2760 substantia
2255 2698 2581 2763 aemulamf

227 2799 294 2861 in
334 2798 445 2860 bac
501 2815 738 2878 quoque
794 2797 996 2879 specie
1050 2797 1450 2860 continentiae
1503 2805 1773 2870 accuset,
1836 2796 2089 2876 proinde
2145 2786 2319 2876 gulae'
2366 2801 2573 2861 frenos

226 2898 610 2962 ‘induentem
638 2917 749 2978 per
775 2898 967 2959 nullas
1000 2897 1300 2961 interdum
1342 2897 1433 2958 vel
1477 2915 1646 2959 seras
1690 2896 1780 2957 vel
1810 2897 2006 2958 aridas
2038 2914 2239 2971 escae,
2283 2898 2573 2979 quemad-

226 3000 471 3063 modum
516 3007 577 3061 et
615 2997 847 3060 libidini
890 3017 1002 3078 per
1043 2998 1248 3061 unicas
1291 2997 1551 3078 nuptias.
1616 2997 1787 3076 Piget
1828 2997 1945 3058 iam
1989 3016 2121 3059 cum
2166 2998 2380 3062 talibus
2426 3019 2575 3062 con-

223 3100 432 3182 gredi,
497 3099 682 3180 pudet
721 3099 873 3161 ⁷iam
916 3098 991 3160 de
1036 3098 1123 3161 eis
1168 3099 1436 3162 altercari
1479 3117 1733 3179 quorum
1777 3115 1888 3160 nec
1928 3098 2200 3161 defensio
2244 3100 2578 3162 verecunda

363 3283 395 3320 *¹
443 3287 521 3337 DE
568 3285 811 3336 lmvNus
858 3288 1193 3351 inscripserunt
1236 3287 1330 3337 Iac.
1359 3286 1582 3338 Pometiae
1635 3292 1679 3335 et
1724 3286 2138 3348 Nicol.Riqattiua,
2192 3301 2287 3337 non
2321 3302 2382 3337 ez
2414 3289 2579 3353 scripti

220 3357 428 3408 alicuius
480 3356 591 3405 libri
635 3357 925 3415 maritate,
975 3355 1059 3404 aed
1090 3354 1374 3416 Hieronymi,
1415 3353 1662 3418 Nicephori
1696 3360 1738 3402 et
1776 3353 2011 3403 1'ritltemii
2056 3356 2193 3415 fidem
2238 3357 2401 3405 acenti.
2482 3356 2579 3407 Sed

221 3427 392 3474 borum
424 3425 700 3486 scriptorum
731 3423 783 3471 in
818 3423 1044 3471 eiurato&
1079 3422 1230 3471 titulis
1263 3423 1503 3472 servandis
1539 3437 1677 3485 quam
1706 3435 1872 3484 parum
1915 3422 2010 3483 lida
2046 3423 2109 3470 sit
2139 3421 2255 3483 fides
2299 3422 2373 3471 vel
2419 3438 2480 3472 etr
2512 3424 2576 3473 iia

224 3492 468 3556 apparebit
504 3505 620 3554 quae
654 3490 716 3539 ad
750 3491 1098 3553 inscriptionem
1132 3490 1243 3538 libri
1274 3489 1556 3553 Apoloqetici
1589 3503 1733 3552 supra
1767 3493 1875 3537 sunt
1909 3488 2147 3537 adnotata.
2227 3489 2456 3552 mynttius
2491 3491 2576 3541 do-

224 3560 337 3609 tevit
372 3550 561 3619 insuper
593 3557 786 3607 alteram
815 3564 996 3620 portem
1029 3558 1364 3620 inscriptionis,
1403 3557 1544 3606 verba
1573 3554 1876 3606 ADVERSVS
1913 3554 2264 3617 PSYCHlCOS,
2300 3572 2418 3621 quae
2452 3559 2578 3609 anti-

225 3626 413 3692 quiores
450 3625 561 3674 libri
596 3639 752 3674 omnes
786 3625 1039 3673 vindicant.

368 3692 485 3755 Cap.
522 3690 557 3740 1.
653 3690 697 3740 1.
734 3691 988 3754 psychicos
1026 3691 1146 3740 istos
1181 3690 1224 3739 si
1275 3688 1320 3741 C.
1357 3690 1474 3741 liber
1513 3689 1771 3741 Clementia.
1874 3687 1922 3738 2.
1959 3688 2273 3741 tenderentur
2303 3692 2361 3741 D.
2446 3689 2498 3741 3.
2534 3693 2577 3741 ai

217 3759 390 3812 om.A.
477 3758 526 3808 4.
564 3758 893 3807 lacerarentur
927 3759 1021 3809 AD.
1090 3758 1380 3808 ducerentur
1413 3757 1501 3808 Bc.
1571 3757 1847 3806 laxarentur
1880 3757 2010 3805 Futv.
2033 3757 2242 3807 Ursinus.
2347 3757 2396 3807 5.
2433 3771 2578 3822 quam

219 3833 379 3878 lotam
416 3827 466 3876 A.
550 3824 598 3875 6.
637 3826 913 3875 induentem
955 3826 1058 3886 CD„
1098 3841 1158 3876 ex
1193 3827 1508 3876 mundatione
1525 3825 1746 3875 Harrisii.
1815 3822 2110 3873 imbuentem
2142 3824 2232 3873 AB.
2314 3823 2363 3873 7.
2399 3831 2447 3874 et
2481 3822 2609 3875 iam'

224 3895 323 3947 GD.
356 3895 475 3943 tiber
512 3893 770 3943 Clementis.

299 4027 418 4091 Cap.
455 4027 491 4077 1.
562 4042 606 4075 a.
645 4022 855 4092 nubunt]
892 4027 964 4076 Cl'.
984 4025 1147 4076 adnot.
1179 4026 1239 4076 ad
1269 4026 1354 4076 lib.
1455 4025 1785 4075 membrorum
1823 4023 1992 4075 ordine
2033 4023 2154 4075 ordo
2190 4024 2410 4075 vitiorum
2449 4024 2580 4076 est.“

223 4095 300 4147 Ad
337 4094 477 4144 Uxor.
517 4092 554 4154 1,
576 4094 624 4143 7.
696 4094 770 4143 Cl'.
819 4094 887 4143 De
938 4093 1129 4157 Monog.
1178 4109 1282 4159 cap.
1304 4093 1352 4144 7.
1454 4091 1669 4155 (Rigalt.)
1722 4092 1998 4155 Hieronym.
2036 4092 2084 4141 in
2123 4092 2290 4156 cap.1.
2326 4091 2479 4156 Epist.
2517 4092 2583 4142 ad

223 4162 302 4213 De
336 4161 585 4211 Exhortat.
622 4161 789 4211 Caatit.
827 4176 931 4225 cap.
951 4160 999 4210 6.
1457 4160 1863 4223 Titum-tomdv.
1911 4174 1960 4223 p.
1987 4158 2105 4210 416.
2143 4160 2218 4209 ed.
2254 4159 2434 4211 Bened.
2483 4161 2582 4221 „Et

301 4229 349 4279 b.
408 4222 764 4294 lacerarentur]
818 4228 1174 4294 Rumperentnr
1223 4234 1354 4278 reete
1456 4228 1733 4290 ubicunqne
1767 4227 1994 4277 saturitas
2030 4235 2171 4291 atque
2227 4228 2434 4278 ebrietas
2470 4230 2578 4277 fue-

220 4297 439 4360 explicat
475 4297 723 4357 Rigaltiua.
1456 4296 1571 4354 rint,
1608 4294 1674 4344 ibi
1714 4295 1860 4344 libido
1900 4295 2186 4345 dominetur.
2253 4296 2427 4359 Specta
2465 4309 2580 4343 ven-

301 4380 343 4414 c.
382 4360 619 4428 Denique]
669 4363 817 4413 Adeo.
886 4363 1167 4414 Sexcenties
1202 4364 1354 4427 parti-
1457 4369 1579 4412 trem
1618 4370 1666 4411 et
1698 4361 1941 4423 genitalia,
1979 4377 2069 4425 pro
2105 4362 2334 4427 qualitate
2358 4362 2578 4411 vitiorum

215 4430 341 4482 cula
381 4433 578 4496 denique
626 4431 687 4480 ita
737 4444 855 4479 usna
904 4438 978 4479 est
1014 4430 1356 4481 Tertullianus.
1459 4430 1580 4478 ordo
1620 4428 2001 4479 membrorum.“

217 4498 462 4563 Exempla
498 4498 613 4548 alibi
650 4496 886 4547 adnotavi.
1526 4511 1570 4546 c.
1611 4491 1896 4561 animalem]
1933 4496 2230 4561 Psycbicam.

302 4567 350 4616 d.
388 4566 510 4615 ordo
545 4560 811 4630 vitiorum]
862 4563 982 4613 Hinc
1016 4562 1135 4614 illud
1183 4565 1357 4614 Riero-
1527 4566 1560 4613 t.
1599 4560 1864 4627 aemulam]
1916 4564 2271 4614 adversantem.
2332 4562 2380 4611 V.
2418 4561 2585 4612 adnot.

214 4635 359 4699 azymi
397 4633 456 4684 ad
493 4632 761 4682 Amandum
799 4632 951 4695 Epist.
985 4631 1179 4682 CXLVII
1226 4633 1356 4695 „Pro
1457 4631 1517 4682 ad
1554 4630 1623 4680 De
1661 4631 1787 4694 Fuga
1824 4632 1872 4681 in
1908 4631 2153 4683 persecat.
2191 4645 2294 4693 cap.
2317 4628 2366 4680 2.

2160 4711 2279 4763 54*
