3263 5311
838 387 965 449 704
1327 399 1530 451 cumi
1574 397 1844 442 seri-1111
1881 397 2214 442 naumis
2257 397 2647 442 nuruum:

837 571 967 616 rem
1010 552 1104 614 dei
1146 551 1482 613 desertores
1526 549 1774 630 spiritus
1818 558 1919 611 aut
1959 557 2656 629 monstrarepomerunt
2700 557 2793 611 aut
2828 557 3073 629 praesta-e.

836 655 905 717 Si
948 653 1248 716 doctrinae
1288 650 1571 713 dicendae
1612 660 1786 723 sunt,
1859 650 1996 712 mali
2049 650 2314 730 magistri
2367 650 2520 713 male
2573 650 2862 713 domuerint
2893 667 3074 712 neoesse

839 765 964 829 θείς
1008 754 1062 817 si
1103 752 1407 815 mercedes
1449 772 1561 834 pro
1602 752 1878 824 libidine,
1923 752 2144 814 nullius
2189 751 2276 814 rei
2317 751 2509 834 turpis
2552 770 2772 814 memes
2801 751 2980 813 decora
2998 757 3073 811 ert.

838 855 996 930 Quid
1039 863 1234 917 autem
1276 853 1424 916 tanti
1464 853 1576 915 l'uit
1616 853 1733 915 ista
1775 866 2111 916 monstrare
2137 854 2329 916 ⁸sicut
2355 851 2673 916 conterre?
2713 860 3075 934 utrumnam·

836 958 1013 1020 lieres
1057 957 1187 1019 sine
1229 954 1494 1018 materiis
1537 954 1874 1035 splendoris
1923 961 1983 1017 et
2025 955 2158 1018 sine
2201 954 2455 1038 ingeniis
2501 955 2730 1018 decoris
2767 953 2966 1034 placere
2996 969 3076 1012 nou

834 1059 1125 1139 'possent
1187 1056 1565 1130 bominibus,
1630 1075 1783 1137 quae
1824 1056 2017 1119 adhuc
2067 1057 2321 1119 incultae
2377 1066 2438 1119 et
2477 1055 2884 1137 incompositae
2931 1064 3004 1126 et,
3035 1059 3077 1112 ut

834 1160 917 1222 ita
958 1159 1203 1226 dixerim
1219 1206 1235 1231 ,
1301 1158 1550 1221 crudae·
1593 1176 1664 1221 ac
1703 1158 1884 1219 rudes
1928 1158 2170 1238 angelos
2221 1156 2575 1221 moverant?
2646 1177 2792 1220 aune
2831 1153 3015 1218 sordidi
3040 1161 3077 1214 et

834 1281 943 1344 per
985 1253 1301 1341 gratuitum
1345 1278 1518 1322 usum
1561 1259 1975 1321 contumeliosi
2003 1270 2299 1322 amatores
2329 1260 2698 1334 viderentur,
2737 1259 2785 1321 si
2811 1257 2934 1320 nibil
2959 1253 3075 1317 leuu'·

832 1364 929 1426 nis
971 1363 1035 1425 in
1078 1361 1438 1424 connubium
1482 1361 1708 1423 allectis
1751 1360 2195 1424 contulissent?
2252 1361 2373 1424 Sed
2414 1363 2562 1424 baec
2602 1380 2722 1423 non
2751 1355 3074 1441 ¹⁰capitaeeti-

834 1463 1046 1526 mare‘.
1133 1462 1289 1525 Nihil
1340 1463 1474 1542 plus
1529 1462 1890 1530 desiderare,
1929 1470 2206 1543 poterant
2259 1481 2409 1542 quae
2462 1462 2705 1542 angelos
2762 1457 3073 1543 possidebat

834 1585 1049 1646 magno
1093 1565 1315 1627 seilicet
1356 1572 1702 1645 nupserant.
1777 1564 2092 1627 Enimvero
2136 1563 2237 1643 qui
2280 1563 2484 1645 utique
2513 1563 2804 1627 interdum
2829 1558 3076 1641 cogitabant

831 1667 990 1730 unde
1034 1666 1388 1728 cecidissent
1428 1673 1489 1728 et
1528 1675 1673 1747 post
1710 1666 2023 1728 libidinum
2065 1673 2340 1746 vaporata
2381 1674 2686 1728 momenta
2710 1664 2916 1728 caelum
2938 1657 3075 1738 suspi-

833 1768 1073 1842 rabant,
1117 1766 1260 1828 illud
1300 1766 1499 1846 ipsum
1535 1766 1770 1829 bonum
1805 1768 2154 1829 feminarum
2195 1767 2481 1846 naturalis
2526 1767 2793 1840 decor-ia,
2831 1773 2893 1827 ut
2915 1775 3077 1824 mann

832 1870 1003 1942 mali,
1068 1863 1156 1930 si'c
1196 1876 1756 1942 remuneraverunt,
1821 1887 1900 1931 ne
1949 1869 2041 1931 eis
2083 1869 2413 1949 profuisset
2451 1869 2702 1931 felicitas
2743 1886 2873 1940 sua,
2931 1861 3012 1927 sed
3036 1869 3076 1918 πί

834 1972 873 2003 ¹¹
891 1971 1162 2033 devectae
1203 1969 1279 2031 de
1323 1968 1733 2050 simplicitates
1778 1979 1839 2031 et
1881 1970 2217 2033 sinceritate
2257 1989 2375 2033 una
2417 1990 2552 2034 cum
2592 1971 2743 2052 ipsis
2781 1970 2843 2031 in
2871 1968 3076 2027 ouem

829 2072 928 2134 dei
972 2071 1368 2152 pervenirent.
1475 2070 1633 2133 Certi
1691 2079 1859 2134 erant
1907 2090 2145 2134 omnem
2187 2081 2249 2134 et
2289 2073 2535 2153 gloriam
2580 2084 2648 2136 et
2688 2070 3012 2135 ambitionem
3039 2068 3074 2120 et

834 2172 1256 2235 ¹'all'ectionem
1297 2191 1407 2253 per
1448 2191 1685 2235 carnem
1726 2173 1994 2253 placendi
2035 2174 2150 2236 deo
2206 2173 2534 2254 displicere.
2637 2175 2712 2236 Hi
2763 2181 2891 2235 suut
2932 2179 3076 2242 neme

830 2272 1023 2353 angeli
1054 2272 1259 2354 ¹'quos
1302 2273 1609 2336 iudicaturi
1653 2293 1892 2348 sumus,
1937 2275 2000 2338 bi
2043 2284 2185 2338 sunt
2223 2275 2412 2356 angeli
2455 2275 2674 2355 quibus
2717 2275 2777 2337 in
2803 2274 3072 2336 lavam-ore·

830 2375 1202 2449 nuntiamus,
1234 2375 1379 2437 baec
1412 2383 1553 2438 sunt
1586 2375 1789 2456 utique
1821 2394 1931 2456 per
1960 2396 2109 2457 quae
2134 2377 2208 2438 ab
2235 2377 2476 2438 homine
2510 2377 2756 2439 iudicari
2799 2373 3073 2436 meruerunt-
3157 2453 3158 2470 1

829 2475 989 2549 Quid
1033 2494 1174 2555 ergo
1222 2475 1493 2539 ¹⁴faciunt
1534 2476 1689 2557 apud
1733 2477 1958 2540 iudices
2001 2497 2145 2540 suos
2187 2497 2286 2541 res
2331 2476 2586 2539 eorum?
2649 2477 2806 2559 quod
2854 2481 2935 2536 est
2965 2483 3074 2530 com·

826 2576 1115 2640 mercium
1159 2575 1520 2639 damnaturis
1565 2596 1696 2639 cum
1727 2578 2121 2641 damnandis?
2167 2580 2412 2660 opinor,
2457 2580 2615 2661 quod
2644 2578 2867 2642 Christo
2894 2581 2942 2635 et
2961 2567 3072 2628 “Be

828 2679 959 2741 liae.
1048 2680 1179 2753 Qua
1221 2679 1552 2742 constantia
1598 2680 1852 2742 tribunal
1893 2681 2036 2743 illud
2083 2682 2502 2744 '‘ascendimus
2548 2679 2836 2744 decreturi
2873 2674 3073 2738 adversus

831 2800 939 2844 eos
970 2799 1237 2862 quorum
1276 2798 1520 2843 munera
1564 2780 1947 2862 appetimus?
2029 2783 2179 2845 Nam
2232 2792 2293 2846 et
2348 2782 2519 2845 robis
2577 2785 2781 2846 eadem
2831 2789 2948 2842 tuuc
2975 2769 3071 2834 δώ·

831 2882 1045 2945 stantia
1089 2881 1345 2963 angelica
1388 2883 1779 2963 repromissa,
1855 2883 2010 2946 idem
2055 2883 2277 2947 sexus*
2331 2885 2430 2965 qui
2485 2893 2546 2946 et
2602 2885 2781 2958 viris,
2855 2872 3072 2939 ¹‘'eantletl!

828 3104 877 3155 8.
913 3072 1038 3155 sicut
1069 3104 1273 3166 Bonae„
1312 3106 1666 3168 Laurentianus,
1704 3112 1797 3156 tres
1828 3106 2045 3158 Vaticani.
2116 3107 2213 3175 sive
2249 3107 2339 3167 cd„
2377 3106 2639 3156 Rhenanus.
2720 3105 2766 3155 9.
2801 3105 2973 3168 possunt
2995 3094 3071 3143 u·-

824 3174 1082 3222 rentiauus.
1166 3172 1243 3222 10.
1281 3176 1436 3237 capita
1473 3174 1727 3224 aestimare
1761 3175 1816 3224 D.
1887 3176 2041 3239 capita
2078 3174 2304 3224 extimare
2331 3173 2377 3223 C.
2391 3174 2748 3225 Laurentianus.
2832 3170 2899 3221 ll.
2929 3161 3069 3215 devici*
3153 3208 3154 3211 ,

828 3240 957 3291 Fulv.
995 3240 1202 3290 Ursinus.
1283 3239 1497 3290 deiectae
1542 3243 1608 3293 La
1646 3242 1803 3293 Cerdo.
1884 3242 2128 3293 devectum
2163 3241 2289 3295 BCD.
2410 3239 2487 3291 12.
2528 3241 2873 3291 affectationem
2902 3229 3073 3299 Salem:

829 3306 910 3357 13.
945 3321 1194 3372 quosquos
1228 3308 1314 3358 Bc.
1394 3322 1517 3373 quos
1554 3323 1646 3359 nos
1679 3310 1812 3359 am.
1841 3326 1931 3361 sec.
2039 3309 2117 3360 14.
2155 3310 2335 3358 iaciunt
2368 3309 2529 3371 utha,
2566 3310 2904 3365 Laurentianus,
2934 3300 3071 3348 ΡΜ
3153 3324 3154 3361 Q

824 3383 934 3425 tres.
1004 3375 1180 3425 sacient
1211 3377 1397 3441 reliqui.
1481 3375 1562 3425 15.
1597 3376 1743 3427 belial
1778 3378 1831 3428 B.
1848 3394 1909 3428 m.
1932 3394 2025 3429 sec.
2093 3376 2253 3427 belied
2293 3377 2338 3427 G.
2424 3375 2500 3426 16.
2539 3377 2851 3428 ascendemus
2882 3362 3069 3422 Μηδὲ
3153 3372 3154 3407 l

828 3441 910 3491 17.
945 3441 1114 3491 eadem
1152 3443 1198 3493 C.
1236 3444 1586 3494 Laurentianus.

823 3609 958 3727 {⁶⁹⁸
993 3624 1100 3674 sqq.
1136 3610 1211 3662 ed.
1249 3612 1401 3661 Oxou.
1455 3620 1503 3662 et
1547 3613 1707 3679 ipsum
1744 3613 1936 3666 Tertul-
2034 3614 2143 3664 dius
2178 3615 2225 3663 in
2261 3614 2473 3665 convivio
2509 3614 2637 3665 lovis
2674 3611 2797 3678 apud
2822 3604 3068 3677 Philempffl

848 3679 1007 3729 lanum
1044 3679 1167 3728 infra
1205 3678 1264 3738 ll,
1285 3679 1334 3729 5.
2033 3690 2289 3746 postquam
2344 3680 2459 3732 dixit
2504 3681 2670 3733 edulia
2717 3679 2867 3731 omnia
2909 3664 3068 3721 ΜΛΝ

890 3760 933 3798 e.
968 3742 1169 3812 crudae]
1205 3746 1260 3797 ti.
1283 3762 1325 3797 e.
1346 3748 1645 3810 immaturae,
1681 3749 1933 3801 informes.
2035 3749 2187 3808 illata,
2222 3749 2481 3809 „posthae
2519 3751 2693 3814 inquit,
2728 3745 2920 3798 caelatus
2952 3750 2973 3784 ε
3008 3798 3018 3809 .

822 3815 904 3866 Sic
938 3813 1118 3865 Statius
1167 3815 1315 3867 Theb.
1334 3814 1521 3877 1V,280
1565 3820 1756 3878 „cruda
1788 3833 1935 3884 puer·
2033 3818 2220 3868 sistitur
2244 3825 2441 3879 argento
2464 3818 2681 3877 craten-‚⁴⁶
2713 3808 2955 3866 b.e.aullo.
2991 3800 3070 3850 Μ

818 3883 990 3948 peria⁸⁶
1042 3883 1171 3934 dixit.
1266 3883 1376 3948 lpse
1422 3883 1751 3936 Tertullianus
1811 3887 1934 3937 iutra
2033 3893 2139 3935 erat
2176 3898 2369 3949 quoque
2403 3885 2563 3936 fictitie
2600 3892 2774 3934 crater.
2853 3878 2987 3937 1¹⁸⁴I⁰⁰
3019 3867 3068 3935 'l‘

820 3951 936 4012 tt‚5
989 3951 1155 4011 „llaec
1201 3952 1365 4016 utique
1417 3966 1514 4002 uon
1562 3953 1611 4003 iu
1648 3956 1838 4005 cruam
1881 3954 1932 4004 iu
2033 3954 2101 4003 ait
2135 3952 2457 4005 Tertullianus
2508 3953 2705 4003 leminis
2762 3947 2884 3999 caelo
2923 3939 3067 3997 Μ’
3151 3950 3152 3979 ÷

820 4026 973 4069 totum
1027 4027 1075 4069 et
1121 4020 1321 4070 lerinam
1372 4020 1657 4071 insinuanda
1693 4021 1936 4072 habitudi·
2033 4019 2241 4071 eundem
2277 4022 2383 4071 lare
2417 4035 2582 4071 sexum
2638 4020 2721 4084 qui
2766 4017 2886 4071 vit-5⁸.
2927 4003 3068 4087 §⁰⁶⁶²

820 4100 930 4135 nem
967 4086 1108 4136 uobis
1140 4087 1513 4150 suggeruntur.“
1584 4088 1659 4138 ct.
1694 4088 1854 4149 etiam,
1889 4089 1933 4139 si
2034 4087 2238 4138 nullum.
2307 4088 2427 4139 Nam
2464 4097 2513 4139 et
2546 4089 2662 4138 viris
2696 4100 2793 4136 nou
2824 4080 2955 4132 ,dent
2979 4075 3064 4119 Μ

820 4153 995 4217 placet,
1030 4153 1091 4202 ad
1124 4155 1254 4206 bunc
1267 4155 1549 4206 Tertulliani
1585 4156 1745 4207 locum
1769 4155 1932 4208 Desid.
2035 4156 2243 4221 Uterque
2280 4156 2681 4221 despoliabantur
2712 4164 2823 4204 sexu
2841 4159 2934 4199 suo.

820 4221 1013 4270 fleratd.
1048 4220 1261 4284 Digrees.
1298 4222 1337 4283 1,
1356 4222 1404 4274 9.
1442 4238 1488 4287 p.
1511 4222 1627 4273 208.
2033 4224 2160 4274 sicut
2205 4224 2380 4287 augeli,
2424 4238 2521 4275 nou
2570 4221 2786 4286 angelus,
2823 4229 2912 4268 aon

889 4289 923 4339 l'.
960 4302 1056 4338 uon
1091 4291 1219 4354 capit
1253 4285 1549 4357 aestimare]
1586 4291 1636 4339 V.
1672 4290 1835 4342 adnot.
1871 4291 1933 4343 ad
2032 4290 2114 4342 Sic
2137 4292 2244 4354 ipse
2262 4292 2490 4342 adversus
2506 4290 2851 4341 Valentinianae
2867 4259 3060 4345 [UD-3¹1¹·

817 4355 1021 4420 Apolog.
1057 4357 1253 4421 capu.
1291 4368 1340 4410 et
1373 4357 1432 4409 ad
1469 4358 1536 4409 De
1563 4358 1694 4422 Fuga
1728 4360 1778 4409 in
1813 4359 1931 4411 Per·
2034 4359 2298 4425 Utrobique
2330 4367 2492 4410 autem
2527 4357 2758 4409 vacabulo
2806 4362 2933 4403 sexus
2957 4336 3060 4393 ⁰⁵⁶¹

822 4430 973 4475 secut.
1012 4438 1117 4488 cap.
1140 4424 1187 4477 1.
2031 4440 2230 4478 aueum
2267 4427 2521 4491 significat,
2571 4440 2671 4476 nou
2719 4426 2890 4473 ramas
2927 4410 3062 4467 ⁸⁸1¹?-

886 4507 930 4555 g.
966 4491 1187 4543 devectae
1222 4495 1282 4545 de
1316 4489 1649 4561 simplicitate]
1697 4495 1763 4546 De
1797 4495 1932 4546 Orat.
2031 4494 2293 4546 naturales.
2342 4495 2527 4546 Etenim
2543 4493 2780 4544 redituras
2810 4485 2866 4536 ad
2893 4492 2965 4531 ⁸¹¹⁸
2989 4481 3061 4545 υἷ’

818 4575 921 4624 cap.
943 4559 974 4611 8
1008 4560 1216 4622 „devehe
1252 4576 1341 4612 uos
1376 4578 1401 4611 a
1439 4563 1585 4612 malo.
2032 4577 2154 4627 pora
2191 4563 2491 4615 demonstrat
2514 4562 2639 4613 libro
2664 4560 2723 4611 de
2747 4558 2921 4609 Resurr-

884 4628 934 4679 h.
967 4628 1094 4680 idem
1129 4626 1297 4696 sexus]
1334 4630 1387 4680 ld
1412 4638 1487 4680 est
1504 4629 1682 4681 nullus.
1719 4630 1801 4681 Sic
1817 4630 1932 4683 Ovi·
2032 4630 2247 4695 (Rigalt.)
