<?xml version="1.0" encoding="UTF-8"?>
<!DOCTYPE html PUBLIC "-//W3C//DTD XHTML 1.0 Transitional//EN"
    "http://www.w3.org/TR/xhtml1/DTD/xhtml1-transitional.dtd">
<html xmlns="http://www.w3.org/1999/xhtml" xml:lang="en" lang="en">
 <head>
  <title>
</title>
<meta http-equiv="Content-Type" content="text/html;charset=utf-8" />
  <meta name='ocr-system' content='tesseract 3.04.00' />
  <meta name='ocr-capabilities' content='ocr_page ocr_carea ocr_par ocr_line ocrx_word'/>
</head>
<body>
  <div class='ocr_page' id='page_1' title='image "./quintiseptimiif04tertgoog_0209.png"; bbox 0 0 3263 5311; ppageno 0'>
   <div class='ocr_carea' id='block_1_1' title="bbox 1189 424 1668 470">
    <p class='ocr_par' dir='ltr' id='par_1_1' title="bbox 1189 424 1668 470">
     <span class='ocr_line' id='line_1_1' title="bbox 1189 424 1668 470; baseline 0.002 -3"><span class='ocrx_word' id='word_1_1' title='bbox 1189 424 1668 470; x_wconf 67' lang='lat' dir='ltr'><strong>nomentum.</strong></span> 
     </span>
    </p>
   </div>
   <div class='ocr_carea' id='block_1_2' title="bbox 167 558 1397 660">
    <p class='ocr_par' dir='ltr' id='par_1_2' title="bbox 167 558 1397 660">
     <span class='ocr_line' id='line_1_2' title="bbox 167 558 1397 660; baseline -0.004 -20"><span class='ocrx_word' id='word_1_2' title='bbox 167 581 181 592; x_wconf 86' lang='lat'>‘</span> <span class='ocrx_word' id='word_1_3' title='bbox 260 581 489 660; x_wconf 73' lang='lat' dir='ltr'><strong>³&#39;signa</strong></span> <span class='ocrx_word' id='word_1_4' title='bbox 533 573 813 638; x_wconf 88' lang='lat' dir='ltr'><strong>omnibus</strong></span> <span class='ocrx_word' id='word_1_5' title='bbox 857 571 988 634; x_wconf 88' lang='lat' dir='ltr'><strong>deis</strong></span> <span class='ocrx_word' id='word_1_6' title='bbox 1032 558 1397 654; x_wconf 52' lang='lat' dir='ltr'><strong>praeponit&amp;</strong></span> 
     </span>
    </p>
   </div>
   <div class='ocr_carea' id='block_1_3' title="bbox 1500 410 2652 656">
    <p class='ocr_par' dir='ltr' id='par_1_3' title="bbox 1500 410 2652 656">
     <span class='ocr_line' id='line_1_3' title="bbox 2493 410 2611 474; baseline 0.017 -2"><span class='ocrx_word' id='word_1_7' title='bbox 2493 410 2611 474; x_wconf 82' lang='lat'><strong>179</strong></span> 
     </span>
     <span class='ocr_line' id='line_1_4' title="bbox 1500 574 2652 656; baseline 0.003 -20"><span class='ocrx_word' id='word_1_8' title='bbox 1500 574 1728 636; x_wconf 85' lang='lat' dir='ltr'><strong>Omnes</strong></span> <span class='ocrx_word' id='word_1_9' title='bbox 1781 574 1864 638; x_wconf 89' lang='lat' dir='ltr'><strong>illi</strong></span> <span class='ocrx_word' id='word_1_10' title='bbox 1919 574 2239 654; x_wconf 73' lang='lat' dir='ltr'><strong>imaginum</strong></span> <span class='ocrx_word' id='word_1_11' title='bbox 2293 585 2652 656; x_wconf 65' lang='lat' dir='ltr'><strong>suggestusf</strong></span> 
     </span>
    </p>
   </div>
   <div class='ocr_carea' id='block_1_4' title="bbox 256 673 2646 773">
    <p class='ocr_par' dir='ltr' id='par_1_4' title="bbox 256 673 2646 773">
     <span class='ocr_line' id='line_1_5' title="bbox 256 673 2646 773; baseline -0.002 -29"><span class='ocrx_word' id='word_1_12' title='bbox 256 683 378 773; x_wconf 61' lang='lat' dir='ltr'><strong>&#39;fin</strong></span> <span class='ocrx_word' id='word_1_13' title='bbox 432 678 649 759; x_wconf 72' lang='lat' dir='ltr'><strong>signis‘</strong></span> <span class='ocrx_word' id='word_1_14' title='bbox 704 673 948 738; x_wconf 87' lang='lat' dir='ltr'><strong>monilia</strong></span> <span class='ocrx_word' id='word_1_15' title='bbox 1001 673 1046 706; x_wconf 84' lang='lat'><strong>⁸⁷</strong></span> <span class='ocrx_word' id='word_1_16' title='bbox 1059 691 1301 737; x_wconf 88' lang='lat' dir='ltr'><strong>crucum</strong></span> <span class='ocrx_word' id='word_1_17' title='bbox 1355 682 1530 750; x_wconf 87' lang='lat' dir='ltr'><strong>sunt;</strong></span> <span class='ocrx_word' id='word_1_18' title='bbox 1596 673 1929 755; x_wconf 71' lang='lat' dir='ltr'><strong>&#39;‘sipbara&#39;’</strong></span> <span class='ocrx_word' id='word_1_19' title='bbox 1995 676 2091 737; x_wconf 88' lang='lat' dir='ltr'><strong>illa</strong></span> <span class='ocrx_word' id='word_1_20' title='bbox 2147 677 2493 740; x_wconf 80' lang='lat' dir='ltr'><strong>vexillorum</strong></span> <span class='ocrx_word' id='word_1_21' title='bbox 2559 685 2620 740; x_wconf 88' lang='lat' dir='ltr'><strong>et</strong></span> <span class='ocrx_word' id='word_1_22' title='bbox 2636 707 2646 748; x_wconf 51' lang='grc' dir='ltr'>Ξ</span> 
     </span>
    </p>
   </div>
   <div class='ocr_carea' id='block_1_5' title="bbox 258 831 749 965">
    <p class='ocr_par' dir='ltr' id='par_1_5' title="bbox 258 831 749 965">
     <span class='ocr_line' id='line_1_6' title="bbox 258 831 749 894; baseline -0.012 -10"><span class='ocrx_word' id='word_1_23' title='bbox 258 833 343 884; x_wconf 74' lang='lat'><strong>35.</strong></span> <span class='ocrx_word' id='word_1_24' title='bbox 379 832 516 894; x_wconf 83' lang='lat' dir='ltr'><strong>signa</strong></span> <span class='ocrx_word' id='word_1_25' title='bbox 554 846 643 881; x_wconf 78' lang='lat' dir='ltr'><strong>om.</strong></span> <span class='ocrx_word' id='word_1_26' title='bbox 681 831 749 879; x_wconf 81' lang='lat' dir='ltr'><strong>bc.</strong></span> 
     </span>
     <span class='ocr_line' id='line_1_7' title="bbox 261 902 651 965; baseline -0.01 -14"><span class='ocrx_word' id='word_1_27' title='bbox 261 902 430 965; x_wconf 62' lang='lat' dir='ltr'><strong>reliqui</strong></span> <span class='ocrx_word' id='word_1_28' title='bbox 477 912 651 950; x_wconf 69' lang='lat' dir='ltr'><strong>omnes.</strong></span> 
     </span>
    </p>
   </div>
   <div class='ocr_carea' id='block_1_6' title="bbox 772 820 2620 958">
    <p class='ocr_par' dir='ltr' id='par_1_6' title="bbox 772 820 2620 958">
     <span class='ocr_line' id='line_1_8' title="bbox 856 820 2618 893; baseline 0.002 -17"><span class='ocrx_word' id='word_1_29' title='bbox 856 825 937 876; x_wconf 78' lang='lat'><strong>36.</strong></span> <span class='ocrx_word' id='word_1_30' title='bbox 975 827 1023 875; x_wconf 92' lang='lat' dir='ltr'><strong>in</strong></span> <span class='ocrx_word' id='word_1_31' title='bbox 1060 826 1213 888; x_wconf 84' lang='lat' dir='ltr'><strong>signis</strong></span> <span class='ocrx_word' id='word_1_32' title='bbox 1245 820 1292 873; x_wconf 84' lang='grc' dir='ltr'><strong>λ.</strong></span> <span class='ocrx_word' id='word_1_33' title='bbox 1317 826 1508 876; x_wconf 70' lang='lat' dir='ltr'><strong>Havete.</strong></span> <span class='ocrx_word' id='word_1_34' title='bbox 1546 827 1734 891; x_wconf 75' lang='lat' dir='ltr'><strong>Lipsius</strong></span> <span class='ocrx_word' id='word_1_35' title='bbox 1771 828 1916 891; x_wconf 79' lang='lat' dir='ltr'><strong>Epist.</strong></span> <span class='ocrx_word' id='word_1_36' title='bbox 1957 829 2159 885; x_wconf 73' lang='lat' dir='ltr'><strong>Quaestt.</strong></span> <span class='ocrx_word' id='word_1_37' title='bbox 2186 829 2332 890; x_wconf 61' lang='lat'><strong>¹215.</strong></span> <span class='ocrx_word' id='word_1_38' title='bbox 2403 831 2618 893; x_wconf 84' lang='lat' dir='ltr'><strong>insignes</strong></span> 
     </span>
     <span class='ocr_line' id='line_1_9' title="bbox 772 888 2620 958; baseline 0.002 -13"><span class='ocrx_word' id='word_1_39' title='bbox 772 893 855 945; x_wconf 75' lang='lat'><strong>37.</strong></span> <span class='ocrx_word' id='word_1_40' title='bbox 893 907 1089 945; x_wconf 85' lang='lat' dir='ltr'><strong>crucum</strong></span> <span class='ocrx_word' id='word_1_41' title='bbox 1145 888 1397 958; x_wconf 63' lang='lat' dir='ltr'><strong>anemis.</strong></span> <span class='ocrx_word' id='word_1_42' title='bbox 1437 894 1583 944; x_wconf 73' lang='lat' dir='ltr'><strong>om.</strong></span> <span class='ocrx_word' id='word_1_43' title='bbox 1620 895 1795 958; x_wconf 66' lang='lat' dir='ltr'><strong>Erfurt.</strong></span> <span class='ocrx_word' id='word_1_44' title='bbox 1841 896 2030 946; x_wconf 72' lang='lat' dir='ltr'><strong>Viadob.</strong></span> <span class='ocrx_word' id='word_1_45' title='bbox 2077 897 2267 946; x_wconf 72' lang='lat' dir='ltr'><strong>Pemelii</strong></span> <span class='ocrx_word' id='word_1_46' title='bbox 2301 899 2412 948; x_wconf 74' lang='lat' dir='ltr'><strong>libri</strong></span> <span class='ocrx_word' id='word_1_47' title='bbox 2446 913 2620 948; x_wconf 68' lang='lat' dir='ltr'><strong>omnes.</strong></span> 
     </span>
    </p>
   </div>
   <div class='ocr_carea' id='block_1_7' title="bbox 260 958 2620 1098">
    <p class='ocr_par' dir='ltr' id='par_1_7' title="bbox 260 958 2620 1098">
     <span class='ocr_line' id='line_1_10' title="bbox 266 958 2620 1027; baseline -0.003 -7"><span class='ocrx_word' id='word_1_48' title='bbox 266 968 479 1020; x_wconf 87' lang='lat' dir='ltr'><strong>crucium</strong></span> <span class='ocrx_word' id='word_1_49' title='bbox 516 966 678 1016; x_wconf 81' lang='lat' dir='ltr'><strong>abcde.</strong></span> <span class='ocrx_word' id='word_1_50' title='bbox 748 963 927 1012; x_wconf 86' lang='lat' dir='ltr'><strong>circum</strong></span> <span class='ocrx_word' id='word_1_51' title='bbox 957 963 1011 1011; x_wconf 78' lang='lat'><strong>1).</strong></span> <span class='ocrx_word' id='word_1_52' title='bbox 1064 962 1167 1011; x_wconf 82' lang='lat' dir='ltr'><strong>Post</strong></span> <span class='ocrx_word' id='word_1_53' title='bbox 1200 963 1339 1010; x_wconf 72' lang='lat' dir='ltr'><strong>verba</strong></span> <span class='ocrx_word' id='word_1_54' title='bbox 1376 975 1571 1010; x_wconf 90' lang='lat' dir='ltr'><strong>crucum</strong></span> <span class='ocrx_word' id='word_1_55' title='bbox 1609 969 1724 1010; x_wconf 83' lang='lat' dir='ltr'><strong>sunt</strong></span> <span class='ocrx_word' id='word_1_56' title='bbox 1756 964 1988 1012; x_wconf 79' lang='lat' dir='ltr'><strong>interserit</strong></span> <span class='ocrx_word' id='word_1_57' title='bbox 2007 958 2053 1010; x_wconf 76' lang='grc' dir='ltr'><strong>λ.</strong></span> <span class='ocrx_word' id='word_1_58' title='bbox 2109 964 2271 1013; x_wconf 85' lang='lat' dir='ltr'><strong>Laudo</strong></span> <span class='ocrx_word' id='word_1_59' title='bbox 2308 965 2620 1027; x_wconf 72' lang='lat' dir='ltr'><strong>diligentiam.</strong></span> 
     </span>
     <span class='ocr_line' id='line_1_11' title="bbox 260 1028 2614 1098; baseline -0.003 -12"><span class='ocrx_word' id='word_1_60' title='bbox 260 1035 344 1087; x_wconf 82' lang='lat'><strong>38.</strong></span> <span class='ocrx_word' id='word_1_61' title='bbox 382 1034 579 1098; x_wconf 85' lang='lat' dir='ltr'><strong>siphara</strong></span> <span class='ocrx_word' id='word_1_62' title='bbox 616 1036 649 1095; x_wconf 74' lang='grc' dir='ltr'><strong>Ῑ.</strong></span> <span class='ocrx_word' id='word_1_63' title='bbox 675 1031 866 1081; x_wconf 76' lang='lat' dir='ltr'><strong>Hoeaerc.</strong></span> <span class='ocrx_word' id='word_1_64' title='bbox 935 1029 1081 1079; x_wconf 81' lang='lat' dir='ltr'><strong>silara</strong></span> <span class='ocrx_word' id='word_1_65' title='bbox 1116 1028 1318 1078; x_wconf 79' lang='lat' dir='ltr'><strong><em>ABEFG.</em></strong></span> <span class='ocrx_word' id='word_1_66' title='bbox 1346 1029 1492 1080; x_wconf 72' lang='lat' dir='ltr'><strong>Oxou.</strong></span> <span class='ocrx_word' id='word_1_67' title='bbox 1520 1029 1710 1080; x_wconf 81' lang='lat' dir='ltr'><strong>Vindob.</strong></span> <span class='ocrx_word' id='word_1_68' title='bbox 1731 1029 1904 1092; x_wconf 67' lang='lat' dir='ltr'><strong>Erfurt.</strong></span> <span class='ocrx_word' id='word_1_69' title='bbox 1974 1032 2015 1080; x_wconf 89' lang='lat' dir='ltr'><strong>si</strong></span> <span class='ocrx_word' id='word_1_70' title='bbox 2055 1032 2182 1080; x_wconf 75' lang='lat' dir='ltr'><strong>sarra</strong></span> <span class='ocrx_word' id='word_1_71' title='bbox 2216 1032 2272 1081; x_wconf 75' lang='lat'><strong>1).</strong></span> <span class='ocrx_word' id='word_1_72' title='bbox 2342 1028 2614 1095; x_wconf 61' lang='lat' dir='ltr'><strong>sypbaral..</strong></span> 
     </span>
    </p>
   </div>
   <div class='ocr_carea' id='block_1_8' title="bbox 258 1101 642 1168">
    <p class='ocr_par' dir='ltr' id='par_1_8' title="bbox 258 1101 642 1168">
     <span class='ocr_line' id='line_1_12' title="bbox 258 1101 642 1168; baseline -0.01 -16"><span class='ocrx_word' id='word_1_73' title='bbox 258 1117 438 1168; x_wconf 71' lang='lat' dir='ltr'><strong>sypara</strong></span> <span class='ocrx_word' id='word_1_74' title='bbox 479 1101 642 1151; x_wconf 77' lang='lat' dir='ltr'><strong>ubede.</strong></span> 
     </span>
    </p>
   </div>
   <div class='ocr_carea' id='block_1_9' title="bbox 208 1188 1427 4701">
    <p class='ocr_par' dir='ltr' id='par_1_9' title="bbox 264 1188 1397 1860">
     <span class='ocr_line' id='line_1_13' title="bbox 264 1188 1397 1264; baseline -0.006 -12"><span class='ocrx_word' id='word_1_75' title='bbox 264 1198 329 1252; x_wconf 63' lang='lat'><strong>«52</strong></span> <span class='ocrx_word' id='word_1_76' title='bbox 362 1199 545 1256; x_wconf 78' lang='grc' dir='ltr'><strong><em>τοῦτο,</em></strong></span> <span class='ocrx_word' id='word_1_77' title='bbox 586 1202 635 1251; x_wconf 86' lang='lat' dir='ltr'><strong>in</strong></span> <span class='ocrx_word' id='word_1_78' title='bbox 672 1201 758 1259; x_wconf 87' lang='lat' dir='ltr'><strong>uit,</strong></span> <span class='ocrx_word' id='word_1_79' title='bbox 803 1188 1157 1264; x_wconf 74' lang='grc' dir='ltr'><strong>τιμιώτατον,</strong></span> <span class='ocrx_word' id='word_1_80' title='bbox 1193 1188 1397 1245; x_wconf 68' lang='grc' dir='ltr'><strong><em>καθότι</em></strong></span> 
     </span>
     <span class='ocr_line' id='line_1_14' title="bbox 272 1259 1395 1332; baseline -0.005 -14"><span class='ocrx_word' id='word_1_81' title='bbox 272 1262 355 1320; x_wconf 74' lang='grc' dir='ltr'><strong>ἀεὶ</strong></span> <span class='ocrx_word' id='word_1_82' title='bbox 387 1267 483 1317; x_wconf 81' lang='grc' dir='ltr'><strong>τοῦ</strong></span> <span class='ocrx_word' id='word_1_83' title='bbox 515 1268 628 1332; x_wconf 76' lang='lat' dir='ltr'><strong>,Bao</strong></span> <span class='ocrx_word' id='word_1_84' title='bbox 709 1280 782 1318; x_wconf 77' lang='grc' dir='ltr'><strong>ως</strong></span> <span class='ocrx_word' id='word_1_85' title='bbox 820 1260 1075 1329; x_wconf 72' lang='grc' dir='ltr'><strong>ἡγεῖσθαι</strong></span> <span class='ocrx_word' id='word_1_86' title='bbox 1108 1259 1200 1313; x_wconf 80' lang='grc' dir='ltr'><strong>καὶ</strong></span> <span class='ocrx_word' id='word_1_87' title='bbox 1234 1278 1395 1331; x_wconf 76' lang='grc' dir='ltr'><strong><em>προς·</em></strong></span> 
     </span>
     <span class='ocr_line' id='line_1_15' title="bbox 268 1326 1396 1400; baseline -0.006 -14"><span class='ocrx_word' id='word_1_88' title='bbox 268 1335 551 1386; x_wconf 65' lang='grc' dir='ltr'><strong><em>πονεῖσθαι</em></strong></span> <span class='ocrx_word' id='word_1_89' title='bbox 585 1326 877 1400; x_wconf 77' lang='grc' dir='ltr'><em>νενόμιστο</em></span> <span class='ocrx_word' id='word_1_90' title='bbox 929 1326 1080 1399; x_wconf 82' lang='grc' dir='ltr'><strong><em>παρὰ</em></strong></span> <span class='ocrx_word' id='word_1_91' title='bbox 1128 1345 1396 1398; x_wconf 80' lang='grc' dir='ltr'><strong><em>στρατιω-</em></strong></span> 
     </span>
     <span class='ocr_line' id='line_1_16' title="bbox 266 1400 1393 1461; baseline -0.004 -7"><span class='ocrx_word' id='word_1_92' title='bbox 266 1404 445 1454; x_wconf 57' lang='lat' dir='ltr'><strong>samu</strong></span> <span class='ocrx_word' id='word_1_93' title='bbox 494 1404 745 1453; x_wconf 82' lang='lat' dir='ltr'><strong>Claudian.</strong></span> <span class='ocrx_word' id='word_1_94' title='bbox 783 1403 830 1451; x_wconf 89' lang='lat' dir='ltr'><strong>iu</strong></span> <span class='ocrx_word' id='word_1_95' title='bbox 868 1401 1019 1450; x_wconf 78' lang='lat' dir='ltr'><strong>Bulin.</strong></span> <span class='ocrx_word' id='word_1_96' title='bbox 1046 1400 1107 1461; x_wconf 92' lang='lat' dir='ltr'><strong>ll,</strong></span> <span class='ocrx_word' id='word_1_97' title='bbox 1126 1400 1228 1450; x_wconf 80' lang='lat'><strong>366</strong></span> <span class='ocrx_word' id='word_1_98' title='bbox 1263 1401 1393 1460; x_wconf 72' lang='lat' dir='ltr'><strong>„An-</strong></span> 
     </span>
     <span class='ocr_line' id='line_1_17' title="bbox 264 1467 1396 1537; baseline -0.004 -15"><span class='ocrx_word' id='word_1_99' title='bbox 264 1482 434 1537; x_wconf 80' lang='lat' dir='ltr'><strong>gustus</strong></span> <span class='ocrx_word' id='word_1_100' title='bbox 468 1470 738 1520; x_wconf 80' lang='lat' dir='ltr'><strong>veneranda</strong></span> <span class='ocrx_word' id='word_1_101' title='bbox 784 1469 920 1532; x_wconf 86' lang='lat' dir='ltr'><strong>prior</strong></span> <span class='ocrx_word' id='word_1_102' title='bbox 966 1468 1131 1517; x_wconf 78' lang='lat' dir='ltr'><strong>vexilla</strong></span> <span class='ocrx_word' id='word_1_103' title='bbox 1169 1467 1396 1518; x_wconf 87' lang='lat' dir='ltr'><strong>salutat.“</strong></span> 
     </span>
     <span class='ocr_line' id='line_1_18' title="bbox 268 1527 1397 1597; baseline -0.009 -8"><span class='ocrx_word' id='word_1_104' title='bbox 268 1540 531 1590; x_wconf 74' lang='lat' dir='ltr'><strong>Herodian.</strong></span> <span class='ocrx_word' id='word_1_105' title='bbox 568 1538 643 1597; x_wconf 81' lang='lat' dir='ltr'><strong>lv,</strong></span> <span class='ocrx_word' id='word_1_106' title='bbox 677 1537 709 1585; x_wconf 79' lang='lat'>4</span> <span class='ocrx_word' id='word_1_107' title='bbox 764 1528 884 1591; x_wconf 67' lang='grc' dir='ltr'><strong>»εἷς</strong></span> <span class='ocrx_word' id='word_1_108' title='bbox 916 1527 1017 1582; x_wconf 79' lang='grc' dir='ltr'><strong>τὸν</strong></span> <span class='ocrx_word' id='word_1_109' title='bbox 1050 1529 1207 1591; x_wconf 78' lang='grc' dir='ltr'><strong><em>νεῶν,</em></strong></span> <span class='ocrx_word' id='word_1_110' title='bbox 1257 1527 1397 1582; x_wconf 71' lang='grc' dir='ltr'><strong>ἔνθα</strong></span> 
     </span>
     <span class='ocr_line' id='line_1_19' title="bbox 271 1593 1397 1672; baseline -0.007 -16"><span class='ocrx_word' id='word_1_111' title='bbox 271 1601 340 1656; x_wconf 80' lang='grc' dir='ltr'><strong>τὰ</strong></span> <span class='ocrx_word' id='word_1_112' title='bbox 374 1604 573 1672; x_wconf 80' lang='grc' dir='ltr'><strong><em>σημεῖα</em></strong></span> <span class='ocrx_word' id='word_1_113' title='bbox 592 1597 773 1652; x_wconf 75' lang='grc' dir='ltr'><strong><em>καὶτὰ</em></strong></span> <span class='ocrx_word' id='word_1_114' title='bbox 793 1593 1083 1668; x_wconf 79' lang='grc' dir='ltr'><strong>ἀγάλματα</strong></span> <span class='ocrx_word' id='word_1_115' title='bbox 1103 1601 1202 1650; x_wconf 82' lang='grc' dir='ltr'><strong>τοῦ</strong></span> <span class='ocrx_word' id='word_1_116' title='bbox 1232 1614 1397 1668; x_wconf 79' lang='grc' dir='ltr'><strong><em>στρα·</em></strong></span> 
     </span>
     <span class='ocr_line' id='line_1_20' title="bbox 272 1669 1395 1736; baseline -0.002 -13"><span class='ocrx_word' id='word_1_117' title='bbox 272 1669 503 1724; x_wconf 76' lang='grc' dir='ltr'><strong><em>τοπέδου</em></strong></span> <span class='ocrx_word' id='word_1_118' title='bbox 547 1670 993 1736; x_wconf 73' lang='grc' dir='ltr'><strong><em>προςκυνεῖται.“</em></strong></span> <span class='ocrx_word' id='word_1_119' title='bbox 1074 1672 1207 1721; x_wconf 88' lang='lat' dir='ltr'><strong>Suet.</strong></span> <span class='ocrx_word' id='word_1_120' title='bbox 1244 1670 1395 1732; x_wconf 87' lang='lat' dir='ltr'><strong>Calig.</strong></span> 
     </span>
     <span class='ocr_line' id='line_1_21' title="bbox 277 1738 1397 1860; baseline -0.004 -68"><span class='ocrx_word' id='word_1_121' title='bbox 277 1758 381 1860; x_wconf 58' lang='lat' dir='ltr'><strong>gap.</strong></span> <span class='ocrx_word' id='word_1_122' title='bbox 422 1741 500 1791; x_wconf 80' lang='lat'><strong>14.</strong></span> <span class='ocrx_word' id='word_1_123' title='bbox 578 1741 712 1804; x_wconf 83' lang='lat' dir='ltr'><strong>Lips.</strong></span> <span class='ocrx_word' id='word_1_124' title='bbox 760 1739 828 1788; x_wconf 85' lang='lat' dir='ltr'><strong>De</strong></span> <span class='ocrx_word' id='word_1_125' title='bbox 877 1739 943 1788; x_wconf 81' lang='lat' dir='ltr'><strong>Re</strong></span> <span class='ocrx_word' id='word_1_126' title='bbox 979 1738 1113 1789; x_wconf 67' lang='lat' dir='ltr'><strong>Bilit.</strong></span> <span class='ocrx_word' id='word_1_127' title='bbox 1150 1739 1288 1789; x_wconf 83' lang='lat' dir='ltr'><strong>Rom.</strong></span> <span class='ocrx_word' id='word_1_128' title='bbox 1324 1739 1397 1799; x_wconf 78' lang='lat' dir='ltr'><strong>lv,</strong></span> 
     </span>
    </p>

    <p class='ocr_par' dir='ltr' id='par_1_10' title="bbox 208 1824 1408 3289">
     <span class='ocr_line' id='line_1_22' title="bbox 342 1824 1399 1938; baseline -0.006 -10"><span class='ocrx_word' id='word_1_129' title='bbox 342 1824 565 1938; x_wconf 43' lang='lat' dir='ltr'><strong>:Jqsigua</strong></span> <span class='ocrx_word' id='word_1_130' title='bbox 615 1876 770 1933; x_wconf 88' lang='lat' dir='ltr'><strong>iurat,</strong></span> <span class='ocrx_word' id='word_1_131' title='bbox 826 1875 962 1934; x_wconf 88' lang='lat' dir='ltr'><strong>signa</strong></span> <span class='ocrx_word' id='word_1_132' title='bbox 1016 1873 1242 1922; x_wconf 87' lang='lat' dir='ltr'><strong>omnibus</strong></span> <span class='ocrx_word' id='word_1_133' title='bbox 1296 1871 1399 1922; x_wconf 86' lang='lat' dir='ltr'><strong>deis</strong></span> 
     </span>
     <span class='ocr_line' id='line_1_23' title="bbox 274 1939 1397 2011; baseline -0.005 -16"><span class='ocrx_word' id='word_1_134' title='bbox 274 1940 569 2011; x_wconf 80' lang='lat' dir='ltr'><strong>praeponit-1</strong></span> <span class='ocrx_word' id='word_1_135' title='bbox 624 1943 721 1992; x_wconf 79' lang='lat' dir='ltr'><strong>Liv.</strong></span> <span class='ocrx_word' id='word_1_136' title='bbox 757 1940 910 2001; x_wconf 73' lang='lat' dir='ltr'><strong>xxw,</strong></span> <span class='ocrx_word' id='word_1_137' title='bbox 947 1939 1012 1989; x_wconf 76' lang='lat'><strong>48</strong></span> <span class='ocrx_word' id='word_1_138' title='bbox 1065 1947 1151 2000; x_wconf 90' lang='lat' dir='ltr'><strong>„et</strong></span> <span class='ocrx_word' id='word_1_139' title='bbox 1186 1941 1397 1990; x_wconf 83' lang='lat' dir='ltr'><strong>obstrin-</strong></span> 
     </span>
     <span class='ocr_line' id='line_1_24' title="bbox 276 2008 1401 2078; baseline -0.005 -15"><span class='ocrx_word' id='word_1_140' title='bbox 276 2028 382 2075; x_wconf 86' lang='lat' dir='ltr'><strong>gere</strong></span> <span class='ocrx_word' id='word_1_141' title='bbox 408 2011 646 2078; x_wconf 75' lang='lat' dir='ltr'><strong>,periurio</strong></span> <span class='ocrx_word' id='word_1_142' title='bbox 705 2024 803 2059; x_wconf 91' lang='lat' dir='ltr'><strong>non</strong></span> <span class='ocrx_word' id='word_1_143' title='bbox 853 2022 905 2057; x_wconf 88' lang='lat' dir='ltr'><strong>se</strong></span> <span class='ocrx_word' id='word_1_144' title='bbox 957 2008 1115 2056; x_wconf 85' lang='lat' dir='ltr'><strong>solnm</strong></span> <span class='ocrx_word' id='word_1_145' title='bbox 1164 2022 1401 2072; x_wconf 86' lang='lat' dir='ltr'><strong>suumque</strong></span> 
     </span>
     <span class='ocr_line' id='line_1_25' title="bbox 275 2075 1401 2144; baseline -0.005 -14"><span class='ocrx_word' id='word_1_146' title='bbox 275 2088 429 2144; x_wconf 82' lang='lat' dir='ltr'><strong>capnt,</strong></span> <span class='ocrx_word' id='word_1_147' title='bbox 466 2079 556 2129; x_wconf 86' lang='lat' dir='ltr'><strong>sed</strong></span> <span class='ocrx_word' id='word_1_148' title='bbox 592 2079 729 2141; x_wconf 85' lang='lat' dir='ltr'><strong>signa</strong></span> <span class='ocrx_word' id='word_1_149' title='bbox 766 2075 988 2125; x_wconf 86' lang='lat' dir='ltr'><strong>militaria</strong></span> <span class='ocrx_word' id='word_1_150' title='bbox 1026 2083 1074 2124; x_wconf 86' lang='lat' dir='ltr'><strong>et</strong></span> <span class='ocrx_word' id='word_1_151' title='bbox 1109 2075 1295 2139; x_wconf 79' lang='lat' dir='ltr'><strong>aquilas</strong></span> <span class='ocrx_word' id='word_1_152' title='bbox 1320 2091 1401 2124; x_wconf 87' lang='lat' dir='ltr'><strong>sa-</strong></span> 
     </span>
     <span class='ocr_line' id='line_1_26' title="bbox 281 2143 1402 2210; baseline -0.006 -12"><span class='ocrx_word' id='word_1_153' title='bbox 281 2147 601 2210; x_wconf 83' lang='lat' dir='ltr'><strong>cramentique</strong></span> <span class='ocrx_word' id='word_1_154' title='bbox 636 2143 975 2207; x_wconf 87' lang='lat' dir='ltr'><strong>religionem.“</strong></span> <span class='ocrx_word' id='word_1_155' title='bbox 1044 2144 1222 2192; x_wconf 84' lang='lat' dir='ltr'><strong>Lucan.</strong></span> <span class='ocrx_word' id='word_1_156' title='bbox 1252 2143 1402 2192; x_wconf 83' lang='lat' dir='ltr'><strong>Phar-</strong></span> 
     </span>
     <span class='ocr_line' id='line_1_27' title="bbox 279 2210 1402 2277; baseline -0.006 -12"><span class='ocrx_word' id='word_1_157' title='bbox 279 2216 363 2265; x_wconf 87' lang='lat' dir='ltr'><strong>sal.</strong></span> <span class='ocrx_word' id='word_1_158' title='bbox 396 2216 433 2276; x_wconf 90' lang='lat' dir='ltr'><strong>l,</strong></span> <span class='ocrx_word' id='word_1_159' title='bbox 471 2213 573 2264; x_wconf 84' lang='lat'><strong>230</strong></span> <span class='ocrx_word' id='word_1_160' title='bbox 609 2227 717 2277; x_wconf 83' lang='lat' dir='ltr'><strong>sqq.</strong></span> <span class='ocrx_word' id='word_1_161' title='bbox 766 2235 880 2272; x_wconf 93' lang='lat'><strong>„—</strong></span> <span class='ocrx_word' id='word_1_162' title='bbox 917 2210 1008 2259; x_wconf 86' lang='lat' dir='ltr'><strong>Per</strong></span> <span class='ocrx_word' id='word_1_163' title='bbox 1053 2212 1188 2272; x_wconf 90' lang='lat' dir='ltr'><strong>signa</strong></span> <span class='ocrx_word' id='word_1_164' title='bbox 1237 2211 1402 2260; x_wconf 90' lang='lat' dir='ltr'><strong>decem</strong></span> 
     </span>
     <span class='ocr_line' id='line_1_28' title="bbox 282 2278 1403 2343; baseline -0.004 -12"><span class='ocrx_word' id='word_1_165' title='bbox 282 2284 427 2332; x_wconf 75' lang='lat' dir='ltr'><strong>felicia</strong></span> <span class='ocrx_word' id='word_1_166' title='bbox 451 2281 645 2341; x_wconf 86' lang='lat' dir='ltr'><strong>castris,</strong></span> <span class='ocrx_word' id='word_1_167' title='bbox 682 2293 865 2343; x_wconf 88' lang='lat' dir='ltr'><strong>perque</strong></span> <span class='ocrx_word' id='word_1_168' title='bbox 901 2285 1011 2327; x_wconf 85' lang='lat' dir='ltr'><strong>tuos</strong></span> <span class='ocrx_word' id='word_1_169' title='bbox 1036 2278 1141 2327; x_wconf 86' lang='lat' dir='ltr'><strong>iuro</strong></span> <span class='ocrx_word' id='word_1_170' title='bbox 1169 2292 1403 2341; x_wconf 86' lang='lat' dir='ltr'><strong>quocum-</strong></span> 
     </span>
     <span class='ocr_line' id='line_1_29' title="bbox 282 2345 1403 2413; baseline -0.005 -13"><span class='ocrx_word' id='word_1_171' title='bbox 282 2365 371 2413; x_wconf 85' lang='lat' dir='ltr'><strong>que</strong></span> <span class='ocrx_word' id='word_1_172' title='bbox 403 2365 456 2400; x_wconf 81' lang='lat' dir='ltr'><strong>ex</strong></span> <span class='ocrx_word' id='word_1_173' title='bbox 486 2351 627 2399; x_wconf 83' lang='lat' dir='ltr'><strong>hoste</strong></span> <span class='ocrx_word' id='word_1_174' title='bbox 660 2347 952 2410; x_wconf 85' lang='lat' dir='ltr'><strong>triumphos,</strong></span> <span class='ocrx_word' id='word_1_175' title='bbox 989 2345 1189 2394; x_wconf 75' lang='lat' dir='ltr'>Pectore</span> <span class='ocrx_word' id='word_1_176' title='bbox 1223 2346 1265 2395; x_wconf 88' lang='lat' dir='ltr'><strong>si</strong></span> <span class='ocrx_word' id='word_1_177' title='bbox 1303 2346 1403 2394; x_wconf 86' lang='lat' dir='ltr'><strong>l&#39;ra·</strong></span> 
     </span>
     <span class='ocr_line' id='line_1_30' title="bbox 289 2412 1402 2479; baseline -0.004 -13"><span class='ocrx_word' id='word_1_178' title='bbox 289 2422 369 2466; x_wconf 84' lang='lat' dir='ltr'><strong>tris</strong></span> <span class='ocrx_word' id='word_1_179' title='bbox 400 2418 607 2479; x_wconf 75' lang='lat' dir='ltr'><strong>gladium</strong></span> <span class='ocrx_word' id='word_1_180' title='bbox 644 2414 906 2477; x_wconf 81' lang='lat' dir='ltr'><strong>iuguloque</strong></span> <span class='ocrx_word' id='word_1_181' title='bbox 942 2413 1156 2476; x_wconf 87' lang='lat' dir='ltr'><strong>parentis</strong></span> <span class='ocrx_word' id='word_1_182' title='bbox 1182 2412 1402 2462; x_wconf 76' lang='lat' dir='ltr'>Condere</span> 
     </span>
     <span class='ocr_line' id='line_1_31' title="bbox 290 2480 1401 2541; baseline -0.004 -7"><span class='ocrx_word' id='word_1_183' title='bbox 290 2498 361 2534; x_wconf 90' lang='lat' dir='ltr'><strong>me</strong></span> <span class='ocrx_word' id='word_1_184' title='bbox 395 2484 608 2536; x_wconf 84' lang='lat' dir='ltr'><strong>iubeas.“</strong></span> <span class='ocrx_word' id='word_1_185' title='bbox 682 2482 831 2532; x_wconf 81' lang='lat' dir='ltr'><strong>Tacit.</strong></span> <span class='ocrx_word' id='word_1_186' title='bbox 869 2483 988 2530; x_wconf 76' lang='lat' dir='ltr'><strong>Anu.</strong></span> <span class='ocrx_word' id='word_1_187' title='bbox 1028 2480 1140 2541; x_wconf 83' lang='lat' dir='ltr'><strong>xlv,</strong></span> <span class='ocrx_word' id='word_1_188' title='bbox 1171 2480 1234 2530; x_wconf 84' lang='lat'><strong>16</strong></span> <span class='ocrx_word' id='word_1_189' title='bbox 1272 2481 1401 2541; x_wconf 73' lang='lat' dir='ltr'><strong>„Ad-</strong></span> 
     </span>
     <span class='ocr_line' id='line_1_32' title="bbox 286 2547 1405 2612; baseline -0.004 -11"><span class='ocrx_word' id='word_1_190' title='bbox 286 2553 421 2612; x_wconf 88' lang='lat' dir='ltr'><strong>iecit‚</strong></span> <span class='ocrx_word' id='word_1_191' title='bbox 467 2550 779 2602; x_wconf 88' lang='lat' dir='ltr'><strong>iureiurando</strong></span> <span class='ocrx_word' id='word_1_192' title='bbox 835 2548 963 2597; x_wconf 81' lang='lat' dir='ltr'><strong>Paeti</strong></span> <span class='ocrx_word' id='word_1_193' title='bbox 1023 2557 1211 2598; x_wconf 89' lang='lat' dir='ltr'><strong>cautum</strong></span> <span class='ocrx_word' id='word_1_194' title='bbox 1276 2547 1405 2611; x_wconf 86' lang='lat' dir='ltr'><strong>apud</strong></span> 
     </span>
     <span class='ocr_line' id='line_1_33' title="bbox 208 2616 1404 2682; baseline -0.003 -11"><span class='ocrx_word' id='word_1_195' title='bbox 208 2629 223 2642; x_wconf 74' lang='lat'><em>⁶</em></span> <span class='ocrx_word' id='word_1_196' title='bbox 286 2620 431 2682; x_wconf 83' lang='lat' dir='ltr'><strong>signa,</strong></span> <span class='ocrx_word' id='word_1_197' title='bbox 465 2618 735 2671; x_wconf 87' lang='lat' dir='ltr'><strong>astantibus</strong></span> <span class='ocrx_word' id='word_1_198' title='bbox 771 2617 830 2667; x_wconf 88' lang='lat' dir='ltr'><strong>iis</strong></span> <span class='ocrx_word' id='word_1_199' title='bbox 857 2630 980 2681; x_wconf 89' lang='lat' dir='ltr'><strong>quos</strong></span> <span class='ocrx_word' id='word_1_200' title='bbox 1000 2630 1080 2666; x_wconf 81' lang='lat' dir='ltr'><strong>rex</strong></span> <span class='ocrx_word' id='word_1_201' title='bbox 1103 2616 1404 2667; x_wconf 78' lang='lat' dir='ltr'><strong>testificando</strong></span> 
     </span>
     <span class='ocr_line' id='line_1_34' title="bbox 287 2685 1405 2748; baseline -0.004 -11"><span class='ocrx_word' id='word_1_202' title='bbox 287 2689 505 2748; x_wconf 74' lang='lat' dir='ltr'><strong>misisset,</strong></span> <span class='ocrx_word' id='word_1_203' title='bbox 538 2688 782 2737; x_wconf 87' lang='lat' dir='ltr'><strong>neminem</strong></span> <span class='ocrx_word' id='word_1_204' title='bbox 830 2685 1095 2734; x_wconf 86' lang='lat' dir='ltr'><strong>Romanum</strong></span> <span class='ocrx_word' id='word_1_205' title='bbox 1133 2685 1405 2734; x_wconf 72' lang='lat' dir='ltr'><strong>Armeniam</strong></span> 
     </span>
     <span class='ocr_line' id='line_1_35' title="bbox 290 2751 1406 2816; baseline -0.003 -13"><span class='ocrx_word' id='word_1_206' title='bbox 290 2753 663 2816; x_wconf 80' lang='lat' dir='ltr'><strong>ingressurum.“</strong></span> <span class='ocrx_word' id='word_1_207' title='bbox 751 2753 902 2802; x_wconf 79' lang='lat' dir='ltr'><strong>Tacit.</strong></span> <span class='ocrx_word' id='word_1_208' title='bbox 937 2755 1058 2801; x_wconf 78' lang='lat' dir='ltr'><strong>Anu.</strong></span> <span class='ocrx_word' id='word_1_209' title='bbox 1096 2752 1157 2811; x_wconf 91' lang='lat' dir='ltr'><strong>ll,</strong></span> <span class='ocrx_word' id='word_1_210' title='bbox 1189 2751 1247 2801; x_wconf 83' lang='lat'><strong>17</strong></span> <span class='ocrx_word' id='word_1_211' title='bbox 1288 2751 1406 2812; x_wconf 89' lang='lat' dir='ltr'><strong>„ln-</strong></span> 
     </span>
     <span class='ocr_line' id='line_1_36' title="bbox 295 2820 1405 2887; baseline -0.004 -16"><span class='ocrx_word' id='word_1_212' title='bbox 295 2829 416 2871; x_wconf 82' lang='lat' dir='ltr'><strong>terea</strong></span> <span class='ocrx_word' id='word_1_213' title='bbox 492 2822 869 2887; x_wconf 84' lang='lat' dir='ltr'><strong>pulcherrimum</strong></span> <span class='ocrx_word' id='word_1_214' title='bbox 935 2820 1218 2881; x_wconf 88' lang='lat' dir='ltr'><strong>augurium,</strong></span> <span class='ocrx_word' id='word_1_215' title='bbox 1294 2827 1405 2868; x_wconf 85' lang='lat' dir='ltr'><strong>octo</strong></span> 
     </span>
     <span class='ocr_line' id='line_1_37' title="bbox 298 2887 1406 2953; baseline -0.002 -16"><span class='ocrx_word' id='word_1_216' title='bbox 298 2888 477 2946; x_wconf 78' lang='lat' dir='ltr'><strong>aquilae</strong></span> <span class='ocrx_word' id='word_1_217' title='bbox 520 2898 684 2953; x_wconf 85' lang='lat' dir='ltr'><strong>petere</strong></span> <span class='ocrx_word' id='word_1_218' title='bbox 729 2888 872 2937; x_wconf 78' lang='lat' dir='ltr'><strong>silvas</strong></span> <span class='ocrx_word' id='word_1_219' title='bbox 932 2895 979 2936; x_wconf 87' lang='lat' dir='ltr'><strong>et</strong></span> <span class='ocrx_word' id='word_1_220' title='bbox 1034 2887 1213 2936; x_wconf 87' lang='lat' dir='ltr'><strong>intrare</strong></span> <span class='ocrx_word' id='word_1_221' title='bbox 1259 2887 1406 2945; x_wconf 80' lang='lat' dir='ltr'><strong>visae,</strong></span> 
     </span>
     <span class='ocr_line' id='line_1_38' title="bbox 297 2954 1407 3018; baseline -0.003 -13"><span class='ocrx_word' id='word_1_222' title='bbox 297 2956 627 3018; x_wconf 68' lang='lat' dir='ltr'><strong>imperatorem</strong></span> <span class='ocrx_word' id='word_1_223' title='bbox 659 2956 914 3005; x_wconf 80' lang='lat' dir='ltr'><strong>advertere.</strong></span> <span class='ocrx_word' id='word_1_224' title='bbox 952 2954 1222 3003; x_wconf 74' lang='lat' dir='ltr'><strong>Exclamat:</strong></span> <span class='ocrx_word' id='word_1_225' title='bbox 1263 2954 1407 3011; x_wconf 81' lang='lat' dir='ltr'><strong>trent,</strong></span> 
     </span>
     <span class='ocr_line' id='line_1_39' title="bbox 296 3021 1407 3087; baseline -0.002 -16"><span class='ocrx_word' id='word_1_226' title='bbox 296 3031 609 3087; x_wconf 84' lang='lat' dir='ltr'><strong>sequerentur</strong></span> <span class='ocrx_word' id='word_1_227' title='bbox 640 3024 872 3072; x_wconf 83' lang='lat' dir='ltr'><strong>Romanas</strong></span> <span class='ocrx_word' id='word_1_228' title='bbox 909 3036 1034 3081; x_wconf 80' lang='lat' dir='ltr'><strong>aves,</strong></span> <span class='ocrx_word' id='word_1_229' title='bbox 1089 3022 1285 3085; x_wconf 82' lang='lat' dir='ltr'><strong>propria</strong></span> <span class='ocrx_word' id='word_1_230' title='bbox 1335 3021 1407 3069; x_wconf 88' lang='lat' dir='ltr'><strong>le-</strong></span> 
     </span>
     <span class='ocr_line' id='line_1_40' title="bbox 294 3087 1408 3153; baseline -0.004 -13"><span class='ocrx_word' id='word_1_231' title='bbox 294 3091 483 3153; x_wconf 83' lang='lat' dir='ltr'><strong>gionum</strong></span> <span class='ocrx_word' id='word_1_232' title='bbox 520 3090 761 3140; x_wconf 83' lang='lat' dir='ltr'><strong>numina.“</strong></span> <span class='ocrx_word' id='word_1_233' title='bbox 810 3091 883 3140; x_wconf 85' lang='lat' dir='ltr'><strong>Cl&#39;.</strong></span> <span class='ocrx_word' id='word_1_234' title='bbox 921 3089 990 3138; x_wconf 89' lang='lat' dir='ltr'><strong>ld.</strong></span> <span class='ocrx_word' id='word_1_235' title='bbox 1026 3089 1205 3138; x_wconf 78' lang='lat' dir='ltr'><strong>Hister.</strong></span> <span class='ocrx_word' id='word_1_236' title='bbox 1243 3088 1327 3146; x_wconf 86' lang='grc' dir='ltr'>ΙΙΙ,</span> <span class='ocrx_word' id='word_1_237' title='bbox 1350 3087 1408 3136; x_wconf 84' lang='grc'><strong>10</strong></span> 
     </span>
     <span class='ocr_line' id='line_1_41' title="bbox 290 3155 1406 3219; baseline -0.003 -12"><span class='ocrx_word' id='word_1_238' title='bbox 290 3173 432 3219; x_wconf 84' lang='lat' dir='ltr'><strong>„mox</strong></span> <span class='ocrx_word' id='word_1_239' title='bbox 478 3173 735 3209; x_wconf 76' lang='lat' dir='ltr'><strong>conversas</strong></span> <span class='ocrx_word' id='word_1_240' title='bbox 782 3158 842 3207; x_wconf 82' lang='lat' dir='ltr'><strong>ad</strong></span> <span class='ocrx_word' id='word_1_241' title='bbox 889 3157 1024 3217; x_wconf 80' lang='lat' dir='ltr'><strong>signa</strong></span> <span class='ocrx_word' id='word_1_242' title='bbox 1073 3165 1119 3207; x_wconf 89' lang='lat' dir='ltr'><strong>et</strong></span> <span class='ocrx_word' id='word_1_243' title='bbox 1165 3155 1406 3206; x_wconf 90' lang='lat' dir='ltr'><strong>bellorum</strong></span> 
     </span>
     <span class='ocr_line' id='line_1_42' title="bbox 284 3224 1068 3289; baseline -0.005 -13"><span class='ocrx_word' id='word_1_244' title='bbox 284 3226 453 3276; x_wconf 88' lang='lat' dir='ltr'><strong>deos.“</strong></span> <span class='ocrx_word' id='word_1_245' title='bbox 520 3226 694 3276; x_wconf 58' lang='lat' dir='ltr'><strong>Senem</strong></span> <span class='ocrx_word' id='word_1_246' title='bbox 728 3225 885 3289; x_wconf 54' lang='lat' dir='ltr'><strong>Epist1</strong></span> <span class='ocrx_word' id='word_1_247' title='bbox 917 3224 1068 3273; x_wconf 72' lang='lat' dir='ltr'><strong>XCVl.</strong></span> 
     </span>
    </p>

    <p class='ocr_par' dir='ltr' id='par_1_11' title="bbox 281 3290 1427 4701">
     <span class='ocr_line' id='line_1_43' title="bbox 351 3290 1408 3353; baseline -0.005 -9"><span class='ocrx_word' id='word_1_248' title='bbox 351 3302 382 3344; x_wconf 89' lang='lat' dir='ltr'><strong>t.</strong></span> <span class='ocrx_word' id='word_1_249' title='bbox 430 3293 612 3344; x_wconf 86' lang='lat' dir='ltr'><strong>Omnes</strong></span> <span class='ocrx_word' id='word_1_250' title='bbox 648 3292 722 3342; x_wconf 89' lang='lat' dir='ltr'><strong>illi</strong></span> <span class='ocrx_word' id='word_1_251' title='bbox 757 3291 1015 3352; x_wconf 86' lang='lat' dir='ltr'><strong>imaginum</strong></span> <span class='ocrx_word' id='word_1_252' title='bbox 1051 3299 1306 3353; x_wconf 81' lang='lat' dir='ltr'><strong>suggestus</strong></span> <span class='ocrx_word' id='word_1_253' title='bbox 1360 3290 1408 3340; x_wconf 90' lang='lat' dir='ltr'><strong>in</strong></span> 
     </span>
     <span class='ocr_line' id='line_1_44' title="bbox 282 3358 1408 3425; baseline -0.002 -15"><span class='ocrx_word' id='word_1_254' title='bbox 282 3358 451 3425; x_wconf 81' lang='lat' dir='ltr'><strong>signis]</strong></span> <span class='ocrx_word' id='word_1_255' title='bbox 484 3362 777 3425; x_wconf 86' lang='lat' dir='ltr'><strong>Proponunt</strong></span> <span class='ocrx_word' id='word_1_256' title='bbox 812 3374 839 3407; x_wconf 88' lang='lat' dir='ltr'><strong>e</strong></span> <span class='ocrx_word' id='word_1_257' title='bbox 868 3360 1003 3408; x_wconf 84' lang='lat' dir='ltr'><strong>libris</strong></span> <span class='ocrx_word' id='word_1_258' title='bbox 1030 3361 1078 3408; x_wconf 81' lang='lat' dir='ltr'><strong>in</strong></span> <span class='ocrx_word' id='word_1_259' title='bbox 1098 3362 1262 3421; x_wconf 66' lang='lat' dir='ltr'><strong>signis.</strong></span> <span class='ocrx_word' id='word_1_260' title='bbox 1313 3359 1408 3408; x_wconf 90' lang='lat' dir='ltr'><strong>Sed</strong></span> 
     </span>
     <span class='ocr_line' id='line_1_45' title="bbox 284 3426 1411 3493; baseline -0.002 -16"><span class='ocrx_word' id='word_1_261' title='bbox 284 3430 502 3493; x_wconf 84' lang='lat' dir='ltr'><strong>quoniam</strong></span> <span class='ocrx_word' id='word_1_262' title='bbox 553 3428 673 3478; x_wconf 85' lang='lat' dir='ltr'><strong>libri</strong></span> <span class='ocrx_word' id='word_1_263' title='bbox 729 3427 883 3476; x_wconf 80' lang='lat' dir='ltr'><strong>nostri</strong></span> <span class='ocrx_word' id='word_1_264' title='bbox 920 3441 945 3477; x_wconf 89' lang='lat' dir='ltr'><strong>a</strong></span> <span class='ocrx_word' id='word_1_265' title='bbox 981 3426 1166 3488; x_wconf 71' lang='lat' dir='ltr'><strong>vulgata</strong></span> <span class='ocrx_word' id='word_1_266' title='bbox 1206 3427 1411 3476; x_wconf 86' lang='lat' dir='ltr'><strong>lectione</strong></span> 
     </span>
     <span class='ocr_line' id='line_1_46' title="bbox 282 3496 1411 3560; baseline -0.003 -15"><span class='ocrx_word' id='word_1_267' title='bbox 282 3498 476 3560; x_wconf 62' lang='lat' dir='ltr'><strong>insignes</strong></span> <span class='ocrx_word' id='word_1_268' title='bbox 512 3496 642 3546; x_wconf 80' lang='lat' dir='ltr'><strong>nihil</strong></span> <span class='ocrx_word' id='word_1_269' title='bbox 674 3496 871 3550; x_wconf 81' lang='lat' dir='ltr'><strong>variant,</strong></span> <span class='ocrx_word' id='word_1_270' title='bbox 923 3509 1025 3543; x_wconf 91' lang='lat' dir='ltr'><strong>eam</strong></span> <span class='ocrx_word' id='word_1_271' title='bbox 1063 3496 1298 3557; x_wconf 72' lang='lat' dir='ltr'><strong>tantisper</strong></span> <span class='ocrx_word' id='word_1_272' title='bbox 1334 3508 1411 3542; x_wconf 87' lang='lat' dir='ltr'><strong>re-</strong></span> 
     </span>
     <span class='ocr_line' id='line_1_47' title="bbox 283 3561 1411 3624; baseline -0.004 -12"><span class='ocrx_word' id='word_1_273' title='bbox 283 3564 409 3614; x_wconf 87' lang='lat' dir='ltr'><strong>tinui.</strong></span> <span class='ocrx_word' id='word_1_274' title='bbox 463 3565 689 3614; x_wconf 82' lang='lat' dir='ltr'><strong>Deorum</strong></span> <span class='ocrx_word' id='word_1_275' title='bbox 727 3561 1072 3611; x_wconf 86' lang='lat' dir='ltr'><strong>nonnullorum</strong></span> <span class='ocrx_word' id='word_1_276' title='bbox 1110 3577 1167 3611; x_wconf 86' lang='lat' dir='ltr'><strong>ac</strong></span> <span class='ocrx_word' id='word_1_277' title='bbox 1200 3562 1411 3624; x_wconf 85' lang='lat' dir='ltr'><strong>impera-</strong></span> 
     </span>
     <span class='ocr_line' id='line_1_48' title="bbox 281 3628 1415 3694; baseline -0.005 -12"><span class='ocrx_word' id='word_1_278' title='bbox 281 3638 431 3682; x_wconf 88' lang='lat' dir='ltr'><strong>torum</strong></span> <span class='ocrx_word' id='word_1_279' title='bbox 468 3631 718 3694; x_wconf 76' lang='lat' dir='ltr'><strong>imagines</strong></span> <span class='ocrx_word' id='word_1_280' title='bbox 753 3630 905 3692; x_wconf 83' lang='lat' dir='ltr'><strong>signis</strong></span> <span class='ocrx_word' id='word_1_281' title='bbox 943 3631 1092 3678; x_wconf 84' lang='lat' dir='ltr'><strong>luisse</strong></span> <span class='ocrx_word' id='word_1_282' title='bbox 1122 3628 1307 3677; x_wconf 85' lang='lat' dir='ltr'><strong>additas</strong></span> <span class='ocrx_word' id='word_1_283' title='bbox 1336 3642 1415 3677; x_wconf 90' lang='lat' dir='ltr'><strong>res</strong></span> 
     </span>
     <span class='ocr_line' id='line_1_49' title="bbox 282 3696 1413 3759; baseline -0.004 -11"><span class='ocrx_word' id='word_1_284' title='bbox 282 3706 387 3748; x_wconf 87' lang='lat' dir='ltr'><strong>nota</strong></span> <span class='ocrx_word' id='word_1_285' title='bbox 420 3708 495 3749; x_wconf 88' lang='lat' dir='ltr'><strong>est</strong></span> <span class='ocrx_word' id='word_1_286' title='bbox 530 3708 579 3750; x_wconf 86' lang='lat' dir='ltr'><strong>et</strong></span> <span class='ocrx_word' id='word_1_287' title='bbox 620 3699 685 3748; x_wconf 88' lang='lat' dir='ltr'><strong>ab</strong></span> <span class='ocrx_word' id='word_1_288' title='bbox 722 3696 831 3746; x_wconf 82' lang='lat' dir='ltr'><strong>aliis</strong></span> <span class='ocrx_word' id='word_1_289' title='bbox 867 3698 1132 3746; x_wconf 79' lang='lat' dir='ltr'><strong>observata.</strong></span> <span class='ocrx_word' id='word_1_290' title='bbox 1180 3697 1274 3745; x_wconf 87' lang='lat' dir='ltr'><strong>Sed</strong></span> <span class='ocrx_word' id='word_1_291' title='bbox 1298 3711 1413 3759; x_wconf 89' lang='lat' dir='ltr'><strong>pro·</strong></span> 
     </span>
     <span class='ocr_line' id='line_1_50' title="bbox 283 3763 1418 3827; baseline -0.002 -14"><span class='ocrx_word' id='word_1_292' title='bbox 283 3766 401 3815; x_wconf 80' lang='lat' dir='ltr'><strong>lecto</strong></span> <span class='ocrx_word' id='word_1_293' title='bbox 437 3782 535 3817; x_wconf 90' lang='lat' dir='ltr'><strong>non</strong></span> <span class='ocrx_word' id='word_1_294' title='bbox 573 3772 723 3816; x_wconf 85' lang='lat' dir='ltr'><strong>erant</strong></span> <span class='ocrx_word' id='word_1_295' title='bbox 768 3765 1028 3812; x_wconf 83' lang='lat' dir='ltr'><strong>omittenda</strong></span> <span class='ocrx_word' id='word_1_296' title='bbox 1078 3778 1201 3827; x_wconf 84' lang='lat' dir='ltr'><strong>quae</strong></span> <span class='ocrx_word' id='word_1_297' title='bbox 1250 3763 1418 3812; x_wconf 77' lang='lat' dir='ltr'><strong>scribit</strong></span> 
     </span>
     <span class='ocr_line' id='line_1_51' title="bbox 283 3830 1415 3899; baseline -0.003 -18"><span class='ocrx_word' id='word_1_298' title='bbox 283 3832 512 3899; x_wconf 81' lang='lat' dir='ltr'><strong>Iosephus</strong></span> <span class='ocrx_word' id='word_1_299' title='bbox 557 3833 761 3894; x_wconf 69' lang='lat' dir='ltr'><strong>Antiqu.</strong></span> <span class='ocrx_word' id='word_1_300' title='bbox 800 3830 905 3881; x_wconf 83' lang='lat' dir='ltr'><strong>lud.</strong></span> <span class='ocrx_word' id='word_1_301' title='bbox 942 3830 1100 3889; x_wconf 76' lang='lat' dir='ltr'><strong>lell,</strong></span> <span class='ocrx_word' id='word_1_302' title='bbox 1137 3831 1185 3880; x_wconf 81' lang='lat'><strong>4.</strong></span> <span class='ocrx_word' id='word_1_303' title='bbox 1270 3831 1415 3879; x_wconf 86' lang='lat' dir='ltr'><strong>Prae-</strong></span> 
     </span>
     <span class='ocr_line' id='line_1_52' title="bbox 283 3898 1417 3966; baseline -0.002 -18"><span class='ocrx_word' id='word_1_304' title='bbox 283 3902 407 3951; x_wconf 83' lang='lat' dir='ltr'><strong>sides</strong></span> <span class='ocrx_word' id='word_1_305' title='bbox 454 3910 537 3955; x_wconf 88' lang='lat' dir='ltr'><strong>ant</strong></span> <span class='ocrx_word' id='word_1_306' title='bbox 583 3906 939 3966; x_wconf 78' lang='lat' dir='ltr'><strong>procuratores</strong></span> <span class='ocrx_word' id='word_1_307' title='bbox 996 3900 1077 3962; x_wconf 88' lang='lat' dir='ltr'><strong>qui</strong></span> <span class='ocrx_word' id='word_1_308' title='bbox 1129 3915 1155 3947; x_wconf 88' lang='lat' dir='ltr'><strong>a</strong></span> <span class='ocrx_word' id='word_1_309' title='bbox 1211 3898 1417 3947; x_wconf 79' lang='lat' dir='ltr'><strong>Caesare</strong></span> 
     </span>
     <span class='ocr_line' id='line_1_53' title="bbox 284 3966 1416 4019; baseline -0.002 -5"><span class='ocrx_word' id='word_1_310' title='bbox 284 3967 329 4015; x_wconf 89' lang='lat' dir='ltr'><strong>iu</strong></span> <span class='ocrx_word' id='word_1_311' title='bbox 380 3968 600 4019; x_wconf 84' lang='lat' dir='ltr'><strong>iudaeam</strong></span> <span class='ocrx_word' id='word_1_312' title='bbox 664 3966 977 4015; x_wconf 84' lang='lat' dir='ltr'><strong>mittebantur</strong></span> <span class='ocrx_word' id='word_1_313' title='bbox 1033 3966 1206 4015; x_wconf 88' lang='lat' dir='ltr'><strong>solitos</strong></span> <span class='ocrx_word' id='word_1_314' title='bbox 1268 3979 1416 4014; x_wconf 89' lang='lat' dir='ltr'><strong>orna-</strong></span> 
     </span>
     <span class='ocr_line' id='line_1_54' title="bbox 285 4032 1418 4093; baseline -0.003 -11"><span class='ocrx_word' id='word_1_315' title='bbox 285 4044 431 4085; x_wconf 86' lang='lat' dir='ltr'><strong>menta</strong></span> <span class='ocrx_word' id='word_1_316' title='bbox 468 4036 552 4087; x_wconf 90' lang='lat' dir='ltr'><strong>illa</strong></span> <span class='ocrx_word' id='word_1_317' title='bbox 592 4051 657 4085; x_wconf 92' lang='lat' dir='ltr'><strong>ac</strong></span> <span class='ocrx_word' id='word_1_318' title='bbox 691 4040 950 4093; x_wconf 79' lang='lat' dir='ltr'><strong>suggestus</strong></span> <span class='ocrx_word' id='word_1_319' title='bbox 977 4033 1236 4093; x_wconf 81' lang='lat' dir='ltr'><strong>imaginum</strong></span> <span class='ocrx_word' id='word_1_320' title='bbox 1265 4032 1418 4093; x_wconf 85' lang='lat' dir='ltr'><strong>signis</strong></span> 
     </span>
     <span class='ocr_line' id='line_1_55' title="bbox 285 4100 1418 4164; baseline -0.001 -16"><span class='ocrx_word' id='word_1_321' title='bbox 285 4100 546 4164; x_wconf 80' lang='lat' dir='ltr'><strong>detrahere,</strong></span> <span class='ocrx_word' id='word_1_322' title='bbox 599 4116 667 4151; x_wconf 90' lang='lat' dir='ltr'><strong>ne</strong></span> <span class='ocrx_word' id='word_1_323' title='bbox 718 4100 884 4149; x_wconf 82' lang='lat' dir='ltr'><strong>violari</strong></span> <span class='ocrx_word' id='word_1_324' title='bbox 931 4100 1213 4161; x_wconf 83' lang='lat' dir='ltr'><strong>religionem</strong></span> <span class='ocrx_word' id='word_1_325' title='bbox 1261 4112 1418 4157; x_wconf 85' lang='lat' dir='ltr'><strong>suam,</strong></span> 
     </span>
     <span class='ocr_line' id='line_1_56' title="bbox 286 4165 1421 4232; baseline -0.004 -13"><span class='ocrx_word' id='word_1_326' title='bbox 286 4181 399 4231; x_wconf 80' lang='lat' dir='ltr'><strong>quae</strong></span> <span class='ocrx_word' id='word_1_327' title='bbox 432 4171 681 4232; x_wconf 79' lang='lat' dir='ltr'><strong>imagines</strong></span> <span class='ocrx_word' id='word_1_328' title='bbox 720 4175 891 4217; x_wconf 82' lang='lat' dir='ltr'><strong>omues</strong></span> <span class='ocrx_word' id='word_1_329' title='bbox 926 4169 1204 4231; x_wconf 83' lang='lat' dir='ltr'><strong>respuebat,</strong></span> <span class='ocrx_word' id='word_1_330' title='bbox 1256 4165 1421 4216; x_wconf 88' lang='lat' dir='ltr'><strong>ludaei</strong></span> 
     </span>
     <span class='ocr_line' id='line_1_57' title="bbox 283 4234 1419 4297; baseline -0.002 -14"><span class='ocrx_word' id='word_1_331' title='bbox 283 4237 625 4287; x_wconf 72' lang='lat' dir='ltr'><strong>existimarent.</strong></span> <span class='ocrx_word' id='word_1_332' title='bbox 728 4234 1031 4297; x_wconf 83' lang='lat' dir='ltr'><strong>Quapropter</strong></span> <span class='ocrx_word' id='word_1_333' title='bbox 1087 4248 1197 4284; x_wconf 90' lang='lat' dir='ltr'><strong>cum</strong></span> <span class='ocrx_word' id='word_1_334' title='bbox 1252 4242 1419 4283; x_wconf 87' lang='lat' dir='ltr'><strong>contra</strong></span> 
     </span>
     <span class='ocr_line' id='line_1_58' title="bbox 284 4301 1424 4363; baseline -0.004 -11"><span class='ocrx_word' id='word_1_335' title='bbox 284 4305 691 4355; x_wconf 86' lang='lat' dir='ltr'><strong>cousuetudinem</strong></span> <span class='ocrx_word' id='word_1_336' title='bbox 747 4302 929 4350; x_wconf 79' lang='lat' dir='ltr'><strong>Pilatus</strong></span> <span class='ocrx_word' id='word_1_337' title='bbox 995 4304 1129 4363; x_wconf 82' lang='lat' dir='ltr'><strong>signa</strong></span> <span class='ocrx_word' id='word_1_338' title='bbox 1195 4315 1304 4350; x_wconf 91' lang='lat' dir='ltr'><strong>cum</strong></span> <span class='ocrx_word' id='word_1_339' title='bbox 1366 4301 1424 4349; x_wconf 87' lang='lat' dir='ltr'><strong>iis</strong></span> 
     </span>
     <span class='ocr_line' id='line_1_59' title="bbox 281 4368 1423 4432; baseline -0.004 -13"><span class='ocrx_word' id='word_1_340' title='bbox 281 4371 553 4422; x_wconf 88' lang='lat' dir='ltr'><strong>simulacris</strong></span> <span class='ocrx_word' id='word_1_341' title='bbox 576 4369 921 4432; x_wconf 79' lang='lat' dir='ltr'><strong>Hierosolyma</strong></span> <span class='ocrx_word' id='word_1_342' title='bbox 956 4369 1214 4427; x_wconf 85' lang='lat' dir='ltr'><strong>intulisset,</strong></span> <span class='ocrx_word' id='word_1_343' title='bbox 1252 4368 1423 4417; x_wconf 81' lang='lat' dir='ltr'><strong>Hiero-</strong></span> 
     </span>
     <span class='ocr_line' id='line_1_60' title="bbox 283 4435 1426 4501; baseline -0.003 -15"><span class='ocrx_word' id='word_1_344' title='bbox 283 4438 602 4501; x_wconf 72' lang='lat' dir='ltr'><strong>solymitanos</strong></span> <span class='ocrx_word' id='word_1_345' title='bbox 643 4439 711 4486; x_wconf 86' lang='lat' dir='ltr'><strong>ita</strong></span> <span class='ocrx_word' id='word_1_346' title='bbox 751 4437 971 4486; x_wconf 85' lang='lat' dir='ltr'><strong>turbatos</strong></span> <span class='ocrx_word' id='word_1_347' title='bbox 1008 4437 1191 4493; x_wconf 79' lang='lat' dir='ltr'><strong>scribit,</strong></span> <span class='ocrx_word' id='word_1_348' title='bbox 1230 4435 1426 4485; x_wconf 82' lang='lat' dir='ltr'><strong>utPila-</strong></span> 
     </span>
     <span class='ocr_line' id='line_1_61' title="bbox 284 4502 1426 4570; baseline -0.004 -16"><span class='ocrx_word' id='word_1_349' title='bbox 284 4511 382 4554; x_wconf 83' lang='lat' dir='ltr'><strong>tum</strong></span> <span class='ocrx_word' id='word_1_350' title='bbox 417 4518 723 4570; x_wconf 83' lang='lat' dir='ltr'><strong>quamquam</strong></span> <span class='ocrx_word' id='word_1_351' title='bbox 762 4504 809 4553; x_wconf 87' lang='lat' dir='ltr'><strong>in</strong></span> <span class='ocrx_word' id='word_1_352' title='bbox 846 4502 1099 4567; x_wconf 87' lang='lat' dir='ltr'><strong>proposito</strong></span> <span class='ocrx_word' id='word_1_353' title='bbox 1134 4504 1426 4552; x_wconf 86' lang='lat' dir='ltr'><strong>obstinatum</strong></span> 
     </span>
     <span class='ocr_line' id='line_1_62' title="bbox 286 4571 1427 4636; baseline -0.003 -16"><span class='ocrx_word' id='word_1_354' title='bbox 286 4579 334 4621; x_wconf 85' lang='lat' dir='ltr'><strong>et</strong></span> <span class='ocrx_word' id='word_1_355' title='bbox 367 4575 641 4636; x_wconf 86' lang='lat' dir='ltr'><strong>perniciem</strong></span> <span class='ocrx_word' id='word_1_356' title='bbox 683 4572 731 4620; x_wconf 92' lang='lat' dir='ltr'><strong>ni</strong></span> <span class='ocrx_word' id='word_1_357' title='bbox 769 4571 1076 4634; x_wconf 80' lang='lat' dir='ltr'><strong>quiescerent</strong></span> <span class='ocrx_word' id='word_1_358' title='bbox 1130 4572 1427 4620; x_wconf 86' lang='lat' dir='ltr'><strong>minitantem</strong></span> 
     </span>
     <span class='ocr_line' id='line_1_63' title="bbox 289 4637 1426 4701; baseline -0.001 -15"><span class='ocrx_word' id='word_1_359' title='bbox 289 4640 518 4690; x_wconf 86' lang='lat' dir='ltr'><strong>obtestari</strong></span> <span class='ocrx_word' id='word_1_360' title='bbox 557 4653 831 4701; x_wconf 86' lang='lat' dir='ltr'><strong>numquam</strong></span> <span class='ocrx_word' id='word_1_361' title='bbox 868 4637 1153 4700; x_wconf 80' lang='lat' dir='ltr'><strong>destiterint,</strong></span> <span class='ocrx_word' id='word_1_362' title='bbox 1195 4638 1351 4695; x_wconf 74' lang='lat' dir='ltr'><strong>donec</strong></span> <span class='ocrx_word' id='word_1_363' title='bbox 1385 4637 1426 4685; x_wconf 87' lang='lat' dir='ltr'><strong>is</strong></span> 
     </span>
    </p>
   </div>
   <div class='ocr_carea' id='block_1_10' title="bbox 1493 1198 2658 4699">
    <p class='ocr_par' dir='ltr' id='par_1_12' title="bbox 1493 1198 2658 4699">
     <span class='ocr_line' id='line_1_64' title="bbox 1497 1198 2624 1262; baseline 0.003 -15"><span class='ocrx_word' id='word_1_364' title='bbox 1497 1199 1692 1248; x_wconf 91' lang='lat' dir='ltr'><strong>tandem</strong></span> <span class='ocrx_word' id='word_1_365' title='bbox 1717 1202 1851 1260; x_wconf 86' lang='lat' dir='ltr'><strong>signa</strong></span> <span class='ocrx_word' id='word_1_366' title='bbox 1873 1198 2219 1262; x_wconf 76' lang='lat' dir='ltr'><strong>Hierosolymis</strong></span> <span class='ocrx_word' id='word_1_367' title='bbox 2242 1200 2466 1250; x_wconf 83' lang='lat' dir='ltr'><strong>iussisset</strong></span> <span class='ocrx_word' id='word_1_368' title='bbox 2485 1215 2624 1250; x_wconf 87' lang='lat' dir='ltr'><strong>amo-</strong></span> 
     </span>
     <span class='ocr_line' id='line_1_65' title="bbox 1497 1266 2625 1330; baseline 0.004 -16"><span class='ocrx_word' id='word_1_369' title='bbox 1497 1267 1621 1315; x_wconf 81' lang='lat' dir='ltr'><strong>veri:</strong></span> <span class='ocrx_word' id='word_1_370' title='bbox 1674 1266 1911 1329; x_wconf 87' lang='lat' dir='ltr'><strong>lmagines</strong></span> <span class='ocrx_word' id='word_1_371' title='bbox 1962 1274 2117 1316; x_wconf 86' lang='lat' dir='ltr'><strong>antem</strong></span> <span class='ocrx_word' id='word_1_372' title='bbox 2157 1282 2181 1315; x_wconf 92' lang='lat' dir='ltr'><strong>a</strong></span> <span class='ocrx_word' id='word_1_373' title='bbox 2222 1267 2371 1330; x_wconf 89' lang='lat' dir='ltr'><strong>pellat</strong></span> <span class='ocrx_word' id='word_1_374' title='bbox 2419 1283 2477 1317; x_wconf 92' lang='lat' dir='ltr'><strong>eo</strong></span> <span class='ocrx_word' id='word_1_375' title='bbox 2515 1268 2625 1318; x_wconf 88' lang='lat' dir='ltr'><strong>loco</strong></span> 
     </span>
     <span class='ocr_line' id='line_1_66' title="bbox 1498 1327 2634 1400; baseline 0.001 -17"><span class='ocrx_word' id='word_1_376' title='bbox 1498 1334 1736 1396; x_wconf 86' lang='lat' dir='ltr'><strong>losephus</strong></span> <span class='ocrx_word' id='word_1_377' title='bbox 1769 1327 2053 1400; x_wconf 75' lang='grc' dir='ltr'><strong><em>προτομὰς</em></strong></span> <span class='ocrx_word' id='word_1_378' title='bbox 2087 1333 2176 1381; x_wconf 75' lang='lat' dir='ltr'><strong>Ka</strong></span> <span class='ocrx_word' id='word_1_379' title='bbox 2201 1345 2386 1399; x_wconf 76' lang='grc' dir='ltr'><strong><em>σαρος.</em></strong></span> <span class='ocrx_word' id='word_1_380' title='bbox 2474 1334 2634 1399; x_wconf 76' lang='lat' dir='ltr'><strong>Atque</strong></span> 
     </span>
     <span class='ocr_line' id='line_1_67' title="bbox 1499 1397 2628 1457; baseline 0.001 -7"><span class='ocrx_word' id='word_1_381' title='bbox 1499 1402 1617 1451; x_wconf 87' lang='lat' dir='ltr'><strong>baec</strong></span> <span class='ocrx_word' id='word_1_382' title='bbox 1669 1399 1799 1450; x_wconf 89' lang='lat' dir='ltr'><strong>illius</strong></span> <span class='ocrx_word' id='word_1_383' title='bbox 1851 1403 1990 1450; x_wconf 80' lang='lat' dir='ltr'><strong>verba</strong></span> <span class='ocrx_word' id='word_1_384' title='bbox 2039 1403 2245 1451; x_wconf 86' lang='lat' dir='ltr'><strong>notanda</strong></span> <span class='ocrx_word' id='word_1_385' title='bbox 2294 1410 2433 1452; x_wconf 88' lang='lat' dir='ltr'><strong>sunt:</strong></span> <span class='ocrx_word' id='word_1_386' title='bbox 2492 1397 2628 1457; x_wconf 67' lang='lat' dir='ltr'><strong>„aeui</strong></span> 
     </span>
     <span class='ocr_line' id='line_1_68' title="bbox 1499 1460 2630 1537; baseline 0.003 -23"><span class='ocrx_word' id='word_1_387' title='bbox 1499 1462 1592 1515; x_wconf 77' lang='grc' dir='ltr'><strong>διὰ</strong></span> <span class='ocrx_word' id='word_1_388' title='bbox 1628 1466 1792 1515; x_wconf 84' lang='grc' dir='ltr'><strong><em>τοῦτο</em></strong></span> <span class='ocrx_word' id='word_1_389' title='bbox 1830 1460 1888 1516; x_wconf 81' lang='grc' dir='ltr'><strong>οἶ</strong></span> <span class='ocrx_word' id='word_1_390' title='bbox 1918 1460 2190 1537; x_wconf 76' lang='grc' dir='ltr'><strong><em>πρότερον</em></strong></span> <span class='ocrx_word' id='word_1_391' title='bbox 2225 1461 2484 1535; x_wconf 72' lang='grc' dir='ltr'><strong>ἡγεμόνες</strong></span> <span class='ocrx_word' id='word_1_392' title='bbox 2509 1469 2630 1524; x_wconf 80' lang='grc' dir='ltr'><strong>ταῖς</strong></span> 
     </span>
     <span class='ocr_line' id='line_1_69' title="bbox 1493 1529 2632 1663; baseline 0.004 -11"><span class='ocrx_word' id='word_1_393' title='bbox 1493 1529 1787 1652; x_wconf 56' lang='grc' dir='ltr'><strong>ἴξωῖἑῖῗο</strong></span> <span class='ocrx_word' id='word_1_394' title='bbox 1818 1530 2054 1656; x_wconf 62' lang='lat'><strong>‘522‘35‘55</strong></span> <span class='ocrx_word' id='word_1_395' title='bbox 2098 1530 2632 1663; x_wconf 53' lang='lat'><strong>{3⁰5122,⁶·2⁹“‘3;{</strong></span> 
     </span>
     <span class='ocr_line' id='line_1_70' title="bbox 1498 1671 2628 1737; baseline 0.001 -15"><span class='ocrx_word' id='word_1_396' title='bbox 1498 1672 1667 1722; x_wconf 85' lang='lat' dir='ltr'><strong>eadem</strong></span> <span class='ocrx_word' id='word_1_397' title='bbox 1721 1672 1781 1721; x_wconf 88' lang='lat' dir='ltr'><strong>de</strong></span> <span class='ocrx_word' id='word_1_398' title='bbox 1816 1686 1960 1722; x_wconf 86' lang='lat' dir='ltr'><strong>cansa</strong></span> <span class='ocrx_word' id='word_1_399' title='bbox 1995 1671 2214 1723; x_wconf 81' lang='lat' dir='ltr'><strong>Vitellius</strong></span> <span class='ocrx_word' id='word_1_400' title='bbox 2263 1687 2409 1737; x_wconf 82' lang='lat' dir='ltr'><strong>quum</strong></span> <span class='ocrx_word' id='word_1_401' title='bbox 2459 1681 2628 1730; x_wconf 81' lang='lat' dir='ltr'><strong>contra</strong></span> 
     </span>
     <span class='ocr_line' id='line_1_71' title="bbox 1495 1739 2631 1805; baseline 0 -15"><span class='ocrx_word' id='word_1_402' title='bbox 1495 1745 1684 1790; x_wconf 63' lang='lat' dir='ltr'><strong>aretam</strong></span> <span class='ocrx_word' id='word_1_403' title='bbox 1723 1740 1949 1799; x_wconf 85' lang='lat' dir='ltr'><strong>duceret,</strong></span> <span class='ocrx_word' id='word_1_404' title='bbox 2004 1739 2176 1790; x_wconf 87' lang='lat' dir='ltr'><strong>ludaea</strong></span> <span class='ocrx_word' id='word_1_405' title='bbox 2215 1740 2450 1790; x_wconf 81' lang='lat' dir='ltr'><strong>decedere</strong></span> <span class='ocrx_word' id='word_1_406' title='bbox 2488 1749 2631 1805; x_wconf 85' lang='lat' dir='ltr'><strong>atque</strong></span> 
     </span>
     <span class='ocr_line' id='line_1_72' title="bbox 1500 1806 2630 1887; baseline 0.001 -31"><span class='ocrx_word' id='word_1_407' title='bbox 1500 1807 1595 1856; x_wconf 89' lang='lat' dir='ltr'><strong>alio</strong></span> <span class='ocrx_word' id='word_1_408' title='bbox 1633 1806 1725 1856; x_wconf 90' lang='lat' dir='ltr'><strong>iter</strong></span> <span class='ocrx_word' id='word_1_409' title='bbox 1759 1807 1953 1857; x_wconf 84' lang='lat' dir='ltr'><strong>flectere</strong></span> <span class='ocrx_word' id='word_1_410' title='bbox 1980 1806 2264 1858; x_wconf 86' lang='lat' dir='ltr'><strong>ludaeorum</strong></span> <span class='ocrx_word' id='word_1_411' title='bbox 2304 1809 2532 1872; x_wconf 81' lang='lat' dir='ltr'><strong>precibus</strong></span> <span class='ocrx_word' id='word_1_412' title='bbox 2552 1816 2630 1887; x_wconf 59' lang='lat' dir='ltr'><strong>pt·</strong></span> 
     </span>
     <span class='ocr_line' id='line_1_73' title="bbox 1501 1875 2632 1942; baseline 0 -19"><span class='ocrx_word' id='word_1_413' title='bbox 1501 1890 1594 1939; x_wconf 86' lang='lat' dir='ltr'><strong>qne</strong></span> <span class='ocrx_word' id='word_1_414' title='bbox 1630 1875 2032 1924; x_wconf 83' lang='lat' dir='ltr'><strong>obtestationibus</strong></span> <span class='ocrx_word' id='word_1_415' title='bbox 2080 1885 2274 1925; x_wconf 86' lang='lat' dir='ltr'><strong>coactus</strong></span> <span class='ocrx_word' id='word_1_416' title='bbox 2324 1884 2426 1925; x_wconf 86' lang='lat' dir='ltr'><strong>est:</strong></span> <span class='ocrx_word' id='word_1_417' title='bbox 2483 1889 2632 1942; x_wconf 66' lang='lat' dir='ltr'><strong>„mq-</strong></span> 
     </span>
     <span class='ocr_line' id='line_1_74' title="bbox 1501 1932 2632 2019; baseline 0.006 -33"><span class='ocrx_word' id='word_1_418' title='bbox 1501 1937 1730 2007; x_wconf 72' lang='grc' dir='ltr'><strong><em>μημένῳ</em></strong></span> <span class='ocrx_word' id='word_1_419' title='bbox 1767 1932 1824 1989; x_wconf 77' lang='grc' dir='ltr'><strong>δ’</strong></span> <span class='ocrx_word' id='word_1_420' title='bbox 1864 1932 2032 2006; x_wconf 75' lang='grc' dir='ltr'><strong><em>αὐτῷ,</em></strong></span> <span class='ocrx_word' id='word_1_421' title='bbox 2097 1944 2251 2019; x_wconf 74' lang='lat' dir='ltr'><strong>inquit</strong></span> <span class='ocrx_word' id='word_1_422' title='bbox 2296 1944 2488 2007; x_wconf 87' lang='lat' dir='ltr'><strong>loseph.</strong></span> <span class='ocrx_word' id='word_1_423' title='bbox 2537 1947 2632 1993; x_wconf 77' lang='lat' dir='ltr'><strong>An-</strong></span> 
     </span>
     <span class='ocr_line' id='line_1_75' title="bbox 1503 2002 2635 2089; baseline -0.003 -30"><span class='ocrx_word' id='word_1_424' title='bbox 1503 2012 1621 2088; x_wconf 53' lang='lat' dir='ltr'><strong>tiqu.</strong></span> <span class='ocrx_word' id='word_1_425' title='bbox 1661 2010 1774 2087; x_wconf 55' lang='lat' dir='ltr'><strong>lud.¹</strong></span> <span class='ocrx_word' id='word_1_426' title='bbox 1802 2010 1961 2068; x_wconf 81' lang='lat' dir='ltr'><strong>xvttl,</strong></span> <span class='ocrx_word' id='word_1_427' title='bbox 1987 2004 2183 2087; x_wconf 39' lang='grc' dir='ltr'><strong>7.,,δια</strong></span> <span class='ocrx_word' id='word_1_428' title='bbox 2214 2009 2331 2089; x_wconf 55' lang='grc' dir='ltr'><strong>ςτῶν</strong></span> <span class='ocrx_word' id='word_1_429' title='bbox 2349 2002 2635 2088; x_wconf 59' lang='grc' dir='ltr'><strong><em>Ἴογδαίων</em></strong></span> 
     </span>
     <span class='ocr_line' id='line_1_76' title="bbox 1506 2089 2637 2224; baseline -0.001 -32"><span class='ocrx_word' id='word_1_430' title='bbox 1506 2090 1702 2209; x_wconf 59' lang='grc' dir='ltr'><strong>Ξζῗίρζς</strong></span> <span class='ocrx_word' id='word_1_431' title='bbox 1720 2091 1819 2191; x_wconf 75' lang='grc' dir='ltr'><strong>’Ζῖ</strong></span> <span class='ocrx_word' id='word_1_432' title='bbox 1861 2089 2637 2224; x_wconf 50' lang='lat'><strong>‚53333252233555330‘1‘510</strong></span> 
     </span>
     <span class='ocr_line' id='line_1_77' title="bbox 1507 2204 2638 2292; baseline 0 -33"><span class='ocrx_word' id='word_1_433' title='bbox 1507 2206 1600 2260; x_wconf 76' lang='grc' dir='ltr'><strong>διὰ</strong></span> <span class='ocrx_word' id='word_1_434' title='bbox 1640 2205 1735 2265; x_wconf 76' lang='grc' dir='ltr'><strong>τὰς</strong></span> <span class='ocrx_word' id='word_1_435' title='bbox 1758 2205 1952 2292; x_wconf 59' lang='grc' dir='ltr'><strong><em>χώρας</em></strong></span> <span class='ocrx_word' id='word_1_436' title='bbox 1986 2204 2150 2260; x_wconf 74' lang='grc' dir='ltr'><strong><em>ὁδόν·</em></strong></span> <span class='ocrx_word' id='word_1_437' title='bbox 2207 2227 2271 2261; x_wconf 83' lang='grc' dir='ltr'><strong>ου</strong></span> <span class='ocrx_word' id='word_1_438' title='bbox 2304 2206 2414 2277; x_wconf 77' lang='grc' dir='ltr'><strong>γὰρ</strong></span> <span class='ocrx_word' id='word_1_439' title='bbox 2451 2204 2638 2265; x_wconf 77' lang='grc' dir='ltr'><strong><em>αὗτοῖς</em></strong></span> 
     </span>
     <span class='ocr_line' id='line_1_78' title="bbox 1506 2268 2638 2346; baseline 0.004 -17"><span class='ocrx_word' id='word_1_440' title='bbox 1506 2268 1648 2329; x_wconf 70' lang='grc' dir='ltr'><strong><em>εἶναι</em></strong></span> <span class='ocrx_word' id='word_1_441' title='bbox 1710 2293 1948 2345; x_wconf 77' lang='grc' dir='ltr'><strong><em>πατριον</em></strong></span> <span class='ocrx_word' id='word_1_442' title='bbox 2003 2279 2271 2346; x_wconf 77' lang='grc' dir='ltr'><strong><em>περιορᾶν</em></strong></span> <span class='ocrx_word' id='word_1_443' title='bbox 2318 2273 2528 2346; x_wconf 67' lang='grc' dir='ltr'><strong>εἰκόνας</strong></span> <span class='ocrx_word' id='word_1_444' title='bbox 2562 2272 2638 2333; x_wconf 75' lang='grc' dir='ltr'><strong>εἷς·</strong></span> 
     </span>
     <span class='ocr_line' id='line_1_79' title="bbox 1507 2336 2640 2414; baseline -0.002 -17"><span class='ocrx_word' id='word_1_445' title='bbox 1507 2339 1679 2406; x_wconf 75' lang='grc' dir='ltr'><strong><em>αὐτὴν</em></strong></span> <span class='ocrx_word' id='word_1_446' title='bbox 1736 2344 2076 2414; x_wconf 74' lang='grc' dir='ltr'><strong><em>φερομένας,</em></strong></span> <span class='ocrx_word' id='word_1_447' title='bbox 2143 2342 2342 2402; x_wconf 77' lang='grc' dir='ltr'><strong><em>πολλὰς</em></strong></span> <span class='ocrx_word' id='word_1_448' title='bbox 2388 2340 2444 2396; x_wconf 79' lang='grc' dir='ltr'><strong>δ’</strong></span> <span class='ocrx_word' id='word_1_449' title='bbox 2499 2336 2640 2398; x_wconf 72' lang='grc' dir='ltr'><strong><em>εἶναι</em></strong></span> 
     </span>
     <span class='ocr_line' id='line_1_80' title="bbox 1506 2407 2639 2482; baseline 0.001 -18"><span class='ocrx_word' id='word_1_450' title='bbox 1506 2410 1746 2481; x_wconf 72' lang='grc' dir='ltr'><strong><em>σημαίας</em></strong></span> <span class='ocrx_word' id='word_1_451' title='bbox 1778 2407 2180 2482; x_wconf 69' lang='grc' dir='ltr'><strong><em>ἐπικειμένας.“</em></strong></span> <span class='ocrx_word' id='word_1_452' title='bbox 2251 2417 2442 2466; x_wconf 78' lang='lat' dir='ltr'><strong>Monilia</strong></span> <span class='ocrx_word' id='word_1_453' title='bbox 2479 2427 2639 2467; x_wconf 89' lang='lat' dir='ltr'><strong>autem</strong></span> 
     </span>
     <span class='ocr_line' id='line_1_81' title="bbox 1507 2484 2634 2548; baseline 0 -15"><span class='ocrx_word' id='word_1_454' title='bbox 1507 2485 1721 2548; x_wconf 89' lang='lat' dir='ltr'><strong>appellat</strong></span> <span class='ocrx_word' id='word_1_455' title='bbox 1770 2484 1848 2533; x_wconf 87' lang='lat' dir='ltr'><strong>bic</strong></span> <span class='ocrx_word' id='word_1_456' title='bbox 1889 2485 2133 2548; x_wconf 83' lang='lat' dir='ltr'><strong>quaelibet</strong></span> <span class='ocrx_word' id='word_1_457' title='bbox 2170 2492 2470 2534; x_wconf 85' lang='lat' dir='ltr'><strong>ornamenta.</strong></span> <span class='ocrx_word' id='word_1_458' title='bbox 2517 2485 2634 2543; x_wconf 79' lang='lat' dir='ltr'><strong>(lle-</strong></span> 
     </span>
     <span class='ocr_line' id='line_1_82' title="bbox 1504 2552 2637 2615; baseline -0.001 -14"><span class='ocrx_word' id='word_1_459' title='bbox 1504 2553 1652 2608; x_wconf 86' lang='lat' dir='ltr'><strong>rald.)</strong></span> <span class='ocrx_word' id='word_1_460' title='bbox 1699 2552 1963 2613; x_wconf 71' lang='lat' dir='ltr'><strong>Suggestus</strong></span> <span class='ocrx_word' id='word_1_461' title='bbox 1988 2553 2247 2613; x_wconf 87' lang='lat' dir='ltr'><strong>imaginum</strong></span> <span class='ocrx_word' id='word_1_462' title='bbox 2271 2560 2499 2603; x_wconf 85' lang='lat' dir='ltr'><strong>vocantur</strong></span> <span class='ocrx_word' id='word_1_463' title='bbox 2522 2566 2637 2615; x_wconf 73' lang='lat' dir='ltr'><strong>por-</strong></span> 
     </span>
     <span class='ocr_line' id='line_1_83' title="bbox 1507 2619 2637 2685; baseline -0.003 -15"><span class='ocrx_word' id='word_1_464' title='bbox 1507 2620 1665 2670; x_wconf 87' lang='lat' dir='ltr'><strong>mulae</strong></span> <span class='ocrx_word' id='word_1_465' title='bbox 1702 2620 1800 2669; x_wconf 82' lang='lat' dir='ltr'><strong>sive</strong></span> <span class='ocrx_word' id='word_1_466' title='bbox 1838 2619 2044 2685; x_wconf 71' lang='lat' dir='ltr'><strong>clypeoli</strong></span> <span class='ocrx_word' id='word_1_467' title='bbox 2082 2619 2162 2683; x_wconf 89' lang='lat' dir='ltr'><strong>qui</strong></span> <span class='ocrx_word' id='word_1_468' title='bbox 2199 2620 2246 2671; x_wconf 88' lang='lat' dir='ltr'><strong>in</strong></span> <span class='ocrx_word' id='word_1_469' title='bbox 2285 2620 2452 2671; x_wconf 89' lang='lat' dir='ltr'><strong>orbem</strong></span> <span class='ocrx_word' id='word_1_470' title='bbox 2487 2619 2637 2682; x_wconf 89' lang='lat' dir='ltr'><strong>signis</strong></span> 
     </span>
     <span class='ocr_line' id='line_1_84' title="bbox 1509 2688 2643 2753; baseline -0.004 -16"><span class='ocrx_word' id='word_1_471' title='bbox 1509 2688 1937 2753; x_wconf 82' lang='lat' dir='ltr'><strong>appendebantur,</strong></span> <span class='ocrx_word' id='word_1_472' title='bbox 2007 2689 2069 2737; x_wconf 81' lang='lat' dir='ltr'><strong>ita</strong></span> <span class='ocrx_word' id='word_1_473' title='bbox 2140 2695 2189 2736; x_wconf 89' lang='lat' dir='ltr'><strong>ut</strong></span> <span class='ocrx_word' id='word_1_474' title='bbox 2246 2690 2424 2738; x_wconf 90' lang='lat' dir='ltr'><strong>multae</strong></span> <span class='ocrx_word' id='word_1_475' title='bbox 2478 2695 2643 2737; x_wconf 86' lang='lat' dir='ltr'><strong>essent</strong></span> 
     </span>
     <span class='ocr_line' id='line_1_85' title="bbox 1509 2754 2644 2818; baseline -0.003 -14"><span class='ocrx_word' id='word_1_476' title='bbox 1509 2756 1834 2818; x_wconf 80' lang='lat' dir='ltr'><strong>gradationes,</strong></span> <span class='ocrx_word' id='word_1_477' title='bbox 1873 2756 2087 2813; x_wconf 85' lang='lat' dir='ltr'><strong>altiores,</strong></span> <span class='ocrx_word' id='word_1_478' title='bbox 2125 2754 2479 2816; x_wconf 87' lang='lat' dir='ltr'><strong>depressiores,</strong></span> <span class='ocrx_word' id='word_1_479' title='bbox 2515 2754 2644 2803; x_wconf 82' lang='lat' dir='ltr'><strong>velut</strong></span> 
     </span>
     <span class='ocr_line' id='line_1_86' title="bbox 1509 2821 2639 2872; baseline -0.003 0"><span class='ocrx_word' id='word_1_480' title='bbox 1509 2822 1720 2872; x_wconf 86' lang='lat' dir='ltr'><strong>tabulata</strong></span> <span class='ocrx_word' id='word_1_481' title='bbox 1758 2830 1805 2871; x_wconf 88' lang='lat' dir='ltr'><strong>et</strong></span> <span class='ocrx_word' id='word_1_482' title='bbox 1841 2823 2069 2871; x_wconf 82' lang='lat' dir='ltr'><strong>circuitus</strong></span> <span class='ocrx_word' id='word_1_483' title='bbox 2118 2822 2165 2870; x_wconf 89' lang='lat' dir='ltr'><strong>in</strong></span> <span class='ocrx_word' id='word_1_484' title='bbox 2215 2823 2429 2871; x_wconf 87' lang='lat' dir='ltr'><strong>turribus</strong></span> <span class='ocrx_word' id='word_1_485' title='bbox 2477 2821 2639 2869; x_wconf 79' lang='lat' dir='ltr'><strong>visuu-</strong></span> 
     </span>
     <span class='ocr_line' id='line_1_87' title="bbox 1510 2889 2640 2951; baseline -0.004 -12"><span class='ocrx_word' id='word_1_486' title='bbox 1510 2898 1601 2939; x_wconf 88' lang='lat' dir='ltr'><strong>tur.</strong></span> <span class='ocrx_word' id='word_1_487' title='bbox 1692 2889 1745 2937; x_wconf 90' lang='lat' dir='ltr'><strong>ln</strong></span> <span class='ocrx_word' id='word_1_488' title='bbox 1794 2889 1890 2938; x_wconf 89' lang='lat' dir='ltr'><strong>illis</strong></span> <span class='ocrx_word' id='word_1_489' title='bbox 1939 2890 2156 2951; x_wconf 80' lang='lat' dir='ltr'><strong>depictae</strong></span> <span class='ocrx_word' id='word_1_490' title='bbox 2216 2898 2355 2938; x_wconf 87' lang='lat' dir='ltr'><strong>erant</strong></span> <span class='ocrx_word' id='word_1_491' title='bbox 2408 2889 2640 2949; x_wconf 76' lang='lat' dir='ltr'><strong>imagines</strong></span> 
     </span>
     <span class='ocr_line' id='line_1_88' title="bbox 1510 2955 2640 3019; baseline -0.004 -13"><span class='ocrx_word' id='word_1_492' title='bbox 1510 2958 1855 3019; x_wconf 83' lang='lat' dir='ltr'><strong>imperatorum</strong></span> <span class='ocrx_word' id='word_1_493' title='bbox 1896 2956 1976 3019; x_wconf 85' lang='lat' dir='ltr'><strong>qui</strong></span> <span class='ocrx_word' id='word_1_494' title='bbox 1994 2956 2260 3004; x_wconf 83' lang='lat' dir='ltr'><strong>consecrati</strong></span> <span class='ocrx_word' id='word_1_495' title='bbox 2284 2964 2331 3005; x_wconf 89' lang='lat' dir='ltr'><strong>et</strong></span> <span class='ocrx_word' id='word_1_496' title='bbox 2359 2957 2481 3005; x_wconf 90' lang='lat' dir='ltr'><strong>inter</strong></span> <span class='ocrx_word' id='word_1_497' title='bbox 2506 2955 2640 3005; x_wconf 81' lang='lat' dir='ltr'><strong>divos</strong></span> 
     </span>
     <span class='ocr_line' id='line_1_89' title="bbox 1508 3023 2640 3086; baseline -0.003 -13"><span class='ocrx_word' id='word_1_498' title='bbox 1508 3023 1649 3073; x_wconf 81' lang='lat' dir='ltr'><strong>relati</strong></span> <span class='ocrx_word' id='word_1_499' title='bbox 1687 3032 1822 3072; x_wconf 89' lang='lat' dir='ltr'><strong>erant</strong></span> <span class='ocrx_word' id='word_1_500' title='bbox 1857 3023 1928 3071; x_wconf 79' lang='lat' dir='ltr'><strong>vel</strong></span> <span class='ocrx_word' id='word_1_501' title='bbox 1967 3024 2047 3086; x_wconf 84' lang='lat' dir='ltr'><strong>qui</strong></span> <span class='ocrx_word' id='word_1_502' title='bbox 2078 3023 2340 3072; x_wconf 83' lang='lat' dir='ltr'><strong>etiamnum</strong></span> <span class='ocrx_word' id='word_1_503' title='bbox 2369 3023 2525 3072; x_wconf 87' lang='lat' dir='ltr'><strong>adbuc</strong></span> <span class='ocrx_word' id='word_1_504' title='bbox 2547 3023 2640 3071; x_wconf 90' lang='lat' dir='ltr'><strong>im-</strong></span> 
     </span>
     <span class='ocr_line' id='line_1_90' title="bbox 1511 3084 2641 3156; baseline -0.003 -16"><span class='ocrx_word' id='word_1_505' title='bbox 1511 3091 1774 3156; x_wconf 78' lang='lat' dir='ltr'><strong>perabant,</strong></span> <span class='ocrx_word' id='word_1_506' title='bbox 1836 3099 1889 3139; x_wconf 91' lang='lat' dir='ltr'><strong>ut</strong></span> <span class='ocrx_word' id='word_1_507' title='bbox 1939 3105 1994 3138; x_wconf 82' lang='lat' dir='ltr'><strong>ex</strong></span> <span class='ocrx_word' id='word_1_508' title='bbox 2039 3089 2266 3152; x_wconf 75' lang='lat' dir='ltr'><strong>Lipsiano</strong></span> <span class='ocrx_word' id='word_1_509' title='bbox 2322 3091 2429 3141; x_wconf 90' lang='lat' dir='ltr'><strong>loco</strong></span> <span class='ocrx_word' id='word_1_510' title='bbox 2484 3084 2641 3153; x_wconf 78' lang='lat' dir='ltr'><strong>[Lips-</strong></span> 
     </span>
     <span class='ocr_line' id='line_1_91' title="bbox 1510 3152 2640 3222; baseline -0.004 -13"><span class='ocrx_word' id='word_1_511' title='bbox 1510 3159 1664 3222; x_wconf 76' lang='lat' dir='ltr'><strong>Epist.</strong></span> <span class='ocrx_word' id='word_1_512' title='bbox 1702 3158 1917 3217; x_wconf 83' lang='lat' dir='ltr'><strong>Quaestt.</strong></span> <span class='ocrx_word' id='word_1_513' title='bbox 1954 3158 2004 3215; x_wconf 84' lang='lat' dir='ltr'><strong>V,</strong></span> <span class='ocrx_word' id='word_1_514' title='bbox 2034 3156 2131 3216; x_wconf 86' lang='lat'><strong>15.,</strong></span> <span class='ocrx_word' id='word_1_515' title='bbox 2169 3171 2308 3221; x_wconf 88' lang='lat' dir='ltr'><strong>quem</strong></span> <span class='ocrx_word' id='word_1_516' title='bbox 2349 3152 2434 3221; x_wconf 72' lang='lat' dir='ltr'><strong>eL]</strong></span> <span class='ocrx_word' id='word_1_517' title='bbox 2473 3157 2531 3206; x_wconf 89' lang='lat' dir='ltr'><strong>de</strong></span> <span class='ocrx_word' id='word_1_518' title='bbox 2562 3158 2640 3205; x_wconf 80' lang='lat' dir='ltr'><strong>Vi-</strong></span> 
     </span>
     <span class='ocr_line' id='line_1_92' title="bbox 1512 3223 2643 3290; baseline -0.005 -13"><span class='ocrx_word' id='word_1_519' title='bbox 1512 3227 1613 3277; x_wconf 89' lang='lat' dir='ltr'><strong>telli</strong></span> <span class='ocrx_word' id='word_1_520' title='bbox 1649 3226 1855 3286; x_wconf 85' lang='lat' dir='ltr'><strong>imagine</strong></span> <span class='ocrx_word' id='word_1_521' title='bbox 1891 3226 2056 3290; x_wconf 82' lang='lat' dir='ltr'><strong>liquet.</strong></span> <span class='ocrx_word' id='word_1_522' title='bbox 2124 3225 2388 3287; x_wconf 84' lang='lat' dir='ltr'><strong>Suggestus</strong></span> <span class='ocrx_word' id='word_1_523' title='bbox 2423 3239 2534 3274; x_wconf 75' lang='lat' dir='ltr'><strong>vero</strong></span> <span class='ocrx_word' id='word_1_524' title='bbox 2569 3223 2643 3272; x_wconf 91' lang='lat' dir='ltr'><strong>illi</strong></span> 
     </span>
     <span class='ocr_line' id='line_1_93' title="bbox 1513 3292 2641 3355; baseline 0 -15"><span class='ocrx_word' id='word_1_525' title='bbox 1513 3296 1523 3305; x_wconf 84' lang='lat'><strong><em>‘</em></strong></span> <span class='ocrx_word' id='word_1_526' title='bbox 1581 3294 1771 3355; x_wconf 67' lang='lat' dir='ltr'><strong>»iginum</strong></span> <span class='ocrx_word' id='word_1_527' title='bbox 1832 3301 1883 3342; x_wconf 87' lang='lat' dir='ltr'><strong>ut</strong></span> <span class='ocrx_word' id='word_1_528' title='bbox 1942 3292 2139 3341; x_wconf 90' lang='lat' dir='ltr'><strong>monilia</strong></span> <span class='ocrx_word' id='word_1_529' title='bbox 2196 3307 2389 3342; x_wconf 87' lang='lat' dir='ltr'><strong>crucum</strong></span> <span class='ocrx_word' id='word_1_530' title='bbox 2450 3292 2641 3354; x_wconf 83' lang='lat' dir='ltr'><strong>egregie</strong></span> 
     </span>
     <span class='ocr_line' id='line_1_94' title="bbox 1498 3309 2642 3426; baseline -0.001 -19"><span class='ocrx_word' id='word_1_531' title='bbox 1498 3309 1751 3426; x_wconf 42' lang='lat' dir='ltr'><strong>&amp;parent</strong></span> <span class='ocrx_word' id='word_1_532' title='bbox 1784 3361 1830 3409; x_wconf 94' lang='lat' dir='ltr'><strong>iu</strong></span> <span class='ocrx_word' id='word_1_533' title='bbox 1869 3374 2065 3409; x_wconf 88' lang='lat' dir='ltr'><strong>nummo</strong></span> <span class='ocrx_word' id='word_1_534' title='bbox 2086 3349 2263 3409; x_wconf 74' lang='lat' dir='ltr'><strong>Tiberii</strong></span> <span class='ocrx_word' id='word_1_535' title='bbox 2288 3360 2415 3423; x_wconf 88' lang='lat' dir='ltr'><strong>apud</strong></span> <span class='ocrx_word' id='word_1_536' title='bbox 2447 3361 2642 3421; x_wconf 87' lang='lat' dir='ltr'><strong>Seguin.</strong></span> 
     </span>
     <span class='ocr_line' id='line_1_95' title="bbox 1514 3427 2644 3490; baseline -0.003 -12"><span class='ocrx_word' id='word_1_537' title='bbox 1514 3430 1690 3479; x_wconf 88' lang='lat' dir='ltr'><strong>Select.</strong></span> <span class='ocrx_word' id='word_1_538' title='bbox 1729 3428 1865 3477; x_wconf 86' lang='lat' dir='ltr'><strong>Num.</strong></span> <span class='ocrx_word' id='word_1_539' title='bbox 1896 3443 1941 3490; x_wconf 87' lang='lat' dir='ltr'><strong>p.</strong></span> <span class='ocrx_word' id='word_1_540' title='bbox 1963 3427 2076 3478; x_wconf 82' lang='lat'><strong>109.</strong></span> <span class='ocrx_word' id='word_1_541' title='bbox 2131 3429 2217 3477; x_wconf 90' lang='lat' dir='ltr'><strong>Cui</strong></span> <span class='ocrx_word' id='word_1_542' title='bbox 2254 3428 2489 3477; x_wconf 86' lang='lat' dir='ltr'><strong>simillimi</strong></span> <span class='ocrx_word' id='word_1_543' title='bbox 2526 3428 2644 3485; x_wconf 86' lang='lat' dir='ltr'><strong>dno,</strong></span> 
     </span>
     <span class='ocr_line' id='line_1_96' title="bbox 1515 3496 2643 3562; baseline -0.002 -17"><span class='ocrx_word' id='word_1_544' title='bbox 1515 3510 1723 3562; x_wconf 85' lang='lat' dir='ltr'><strong>quorum</strong></span> <span class='ocrx_word' id='word_1_545' title='bbox 1780 3496 1902 3544; x_wconf 85' lang='lat' dir='ltr'><strong>alter</strong></span> <span class='ocrx_word' id='word_1_546' title='bbox 1956 3497 2226 3546; x_wconf 85' lang='lat' dir='ltr'><strong>Germanici</strong></span> <span class='ocrx_word' id='word_1_547' title='bbox 2276 3496 2498 3545; x_wconf 83' lang='lat' dir='ltr'><strong>Caesaris</strong></span> <span class='ocrx_word' id='word_1_548' title='bbox 2552 3503 2643 3554; x_wconf 88' lang='lat' dir='ltr'><strong>est,</strong></span> 
     </span>
     <span class='ocr_line' id='line_1_97' title="bbox 1517 3563 2647 3693; baseline -0.004 -12"><span class='ocrx_word' id='word_1_549' title='bbox 1517 3563 1965 3681; x_wconf 60' lang='lat' dir='ltr'><strong>sssssszfffisffl</strong></span> <span class='ocrx_word' id='word_1_550' title='bbox 2009 3563 2647 3693; x_wconf 44' lang='lat' dir='ltr'><strong>5⁹5332mh102..¹35⁰d5‘</strong></span> 
     </span>
     <span class='ocr_line' id='line_1_98' title="bbox 1641 3653 2643 3687; baseline 0 -9"><span class='ocrx_word' id='word_1_551' title='bbox 1641 3653 1664 3678; x_wconf 69' lang='lat' dir='ltr'><strong>a</strong></span> <span class='ocrx_word' id='word_1_552' title='bbox 1961 3667 1971 3677; x_wconf 90' lang='lat'><em>.</em></span> <span class='ocrx_word' id='word_1_553' title='bbox 2046 3667 2058 3678; x_wconf 87' lang='lat'><em>.</em></span> <span class='ocrx_word' id='word_1_554' title='bbox 2184 3666 2196 3679; x_wconf 88' lang='lat'><strong><em>.</em></strong></span> <span class='ocrx_word' id='word_1_555' title='bbox 2329 3666 2340 3678; x_wconf 87' lang='lat'><strong><em>.</em></strong></span> <span class='ocrx_word' id='word_1_556' title='bbox 2506 3666 2519 3687; x_wconf 86' lang='lat'>‚</span> <span class='ocrx_word' id='word_1_557' title='bbox 2620 3653 2643 3664; x_wconf 88' lang='lat'><strong>·</strong></span> 
     </span>
     <span class='ocr_line' id='line_1_99' title="bbox 1516 3696 2646 3760; baseline -0.005 -12"><span class='ocrx_word' id='word_1_558' title='bbox 1516 3699 1682 3748; x_wconf 86' lang='lat' dir='ltr'><strong>narius</strong></span> <span class='ocrx_word' id='word_1_559' title='bbox 1731 3698 1896 3749; x_wconf 85' lang='lat' dir='ltr'><strong>Gentis</strong></span> <span class='ocrx_word' id='word_1_560' title='bbox 1944 3697 2185 3757; x_wconf 84' lang='lat' dir='ltr'><strong>Valeriae,</strong></span> <span class='ocrx_word' id='word_1_561' title='bbox 2251 3698 2376 3760; x_wconf 86' lang='lat' dir='ltr'><strong>apud</strong></span> <span class='ocrx_word' id='word_1_562' title='bbox 2440 3696 2646 3744; x_wconf 89' lang='lat' dir='ltr'><strong>eundem</strong></span> 
     </span>
     <span class='ocr_line' id='line_1_100' title="bbox 1518 3762 2648 3831; baseline -0.003 -18"><span class='ocrx_word' id='word_1_563' title='bbox 1518 3762 2087 3831; x_wconf 75' lang='lat' dir='ltr'><strong>p.558.·(flavercamp.)</strong></span> <span class='ocrx_word' id='word_1_564' title='bbox 2157 3765 2224 3813; x_wconf 86' lang='lat' dir='ltr'><strong>De</strong></span> <span class='ocrx_word' id='word_1_565' title='bbox 2259 3762 2492 3812; x_wconf 84' lang='lat' dir='ltr'><strong>vocabulo</strong></span> <span class='ocrx_word' id='word_1_566' title='bbox 2529 3777 2648 3823; x_wconf 89' lang='lat' dir='ltr'><strong>sug-</strong></span> 
     </span>
     <span class='ocr_line' id='line_1_101' title="bbox 1518 3830 2647 3895; baseline -0.004 -14"><span class='ocrx_word' id='word_1_567' title='bbox 1518 3843 1683 3895; x_wconf 82' lang='lat' dir='ltr'><strong>gestus</strong></span> <span class='ocrx_word' id='word_1_568' title='bbox 1700 3847 1840 3895; x_wconf 88' lang='lat' dir='ltr'><strong>quem</strong></span> <span class='ocrx_word' id='word_1_569' title='bbox 1861 3833 2176 3893; x_wconf 83' lang='lat' dir='ltr'><strong>significatum</strong></span> <span class='ocrx_word' id='word_1_570' title='bbox 2200 3832 2371 3880; x_wconf 85' lang='lat' dir='ltr'><strong>babeat</strong></span> <span class='ocrx_word' id='word_1_571' title='bbox 2384 3830 2508 3892; x_wconf 88' lang='lat' dir='ltr'><strong>apud</strong></span> <span class='ocrx_word' id='word_1_572' title='bbox 2526 3830 2647 3877; x_wconf 88' lang='lat' dir='ltr'><strong>Ter-</strong></span> 
     </span>
     <span class='ocr_line' id='line_1_102' title="bbox 1519 3895 2646 3960; baseline -0.003 -12"><span class='ocrx_word' id='word_1_573' title='bbox 1519 3900 1771 3949; x_wconf 82' lang='lat' dir='ltr'><strong>tullianum</strong></span> <span class='ocrx_word' id='word_1_574' title='bbox 1788 3899 2075 3948; x_wconf 78' lang='lat' dir='ltr'><strong>adnotavere</strong></span> <span class='ocrx_word' id='word_1_575' title='bbox 2091 3899 2150 3947; x_wconf 85' lang='lat' dir='ltr'><strong>ad</strong></span> <span class='ocrx_word' id='word_1_576' title='bbox 2163 3897 2231 3946; x_wconf 91' lang='lat' dir='ltr'><strong>De</strong></span> <span class='ocrx_word' id='word_1_577' title='bbox 2247 3898 2436 3948; x_wconf 81' lang='lat' dir='ltr'><strong>Corona</strong></span> <span class='ocrx_word' id='word_1_578' title='bbox 2455 3895 2646 3960; x_wconf 84' lang='lat' dir='ltr'><strong>cap.l3.</strong></span> 
     </span>
     <span class='ocr_line' id='line_1_103' title="bbox 1590 3963 2648 4032; baseline -0.002 -17"><span class='ocrx_word' id='word_1_579' title='bbox 1590 3982 1638 4015; x_wconf 87' lang='lat' dir='ltr'><strong>u.</strong></span> <span class='ocrx_word' id='word_1_580' title='bbox 1684 3963 1902 4032; x_wconf 83' lang='lat' dir='ltr'><strong>siphara]</strong></span> <span class='ocrx_word' id='word_1_581' title='bbox 1962 3965 2165 4028; x_wconf 81' lang='lat' dir='ltr'><strong>Siphara</strong></span> <span class='ocrx_word' id='word_1_582' title='bbox 2228 3973 2276 4014; x_wconf 94' lang='lat' dir='ltr'><strong>et</strong></span> <span class='ocrx_word' id='word_1_583' title='bbox 2329 3964 2507 4029; x_wconf 86' lang='lat' dir='ltr'><strong>siparia</strong></span> <span class='ocrx_word' id='word_1_584' title='bbox 2560 3979 2648 4013; x_wconf 86' lang='lat' dir='ltr'><strong>seu</strong></span> 
     </span>
     <span class='ocr_line' id='line_1_104' title="bbox 1518 4031 2650 4097; baseline -0.003 -14"><span class='ocrx_word' id='word_1_585' title='bbox 1518 4048 1730 4097; x_wconf 87' lang='lat' dir='ltr'><strong>suppara</strong></span> <span class='ocrx_word' id='word_1_586' title='bbox 1780 4042 1893 4082; x_wconf 85' lang='lat' dir='ltr'><strong>sunt</strong></span> <span class='ocrx_word' id='word_1_587' title='bbox 1940 4033 2042 4081; x_wconf 68' lang='lat' dir='ltr'><strong>vela</strong></span> <span class='ocrx_word' id='word_1_588' title='bbox 2092 4033 2396 4097; x_wconf 86' lang='lat' dir='ltr'><strong>puellarum,</strong></span> <span class='ocrx_word' id='word_1_589' title='bbox 2450 4031 2650 4081; x_wconf 78' lang='lat' dir='ltr'><strong>vexillo-</strong></span> 
     </span>
     <span class='ocr_line' id='line_1_105' title="bbox 1520 4100 2650 4161; baseline -0.003 -11"><span class='ocrx_word' id='word_1_590' title='bbox 1520 4116 1648 4161; x_wconf 89' lang='lat' dir='ltr'><strong>rnm,</strong></span> <span class='ocrx_word' id='word_1_591' title='bbox 1672 4101 1968 4150; x_wconf 81' lang='lat' dir='ltr'><strong>theatrorum</strong></span> <span class='ocrx_word' id='word_1_592' title='bbox 2000 4100 2211 4159; x_wconf 85' lang='lat' dir='ltr'><strong>Lucano,</strong></span> <span class='ocrx_word' id='word_1_593' title='bbox 2230 4100 2462 4159; x_wconf 87' lang='lat' dir='ltr'><strong>Senecae,</strong></span> <span class='ocrx_word' id='word_1_594' title='bbox 2487 4100 2650 4148; x_wconf 81' lang='lat' dir='ltr'><strong>Festo.</strong></span> 
     </span>
     <span class='ocr_line' id='line_1_106' title="bbox 1521 4168 2649 4231; baseline -0.003 -14"><span class='ocrx_word' id='word_1_595' title='bbox 1521 4169 1672 4231; x_wconf 77' lang='lat' dir='ltr'><strong>Atque</strong></span> <span class='ocrx_word' id='word_1_596' title='bbox 1709 4170 1849 4217; x_wconf 86' lang='lat' dir='ltr'><strong>etiam</strong></span> <span class='ocrx_word' id='word_1_597' title='bbox 1888 4168 2070 4231; x_wconf 84' lang='lat' dir='ltr'><strong>sipbari</strong></span> <span class='ocrx_word' id='word_1_598' title='bbox 2121 4169 2413 4230; x_wconf 79' lang='lat' dir='ltr'><strong>navigiorum</strong></span> <span class='ocrx_word' id='word_1_599' title='bbox 2451 4168 2649 4216; x_wconf 75' lang='lat' dir='ltr'><strong>Arriano</strong></span> 
     </span>
     <span class='ocr_line' id='line_1_107' title="bbox 1521 4227 2652 4297; baseline -0.004 -13"><span class='ocrx_word' id='word_1_600' title='bbox 1521 4235 1675 4295; x_wconf 76' lang='lat' dir='ltr'><strong>Epict.</strong></span> <span class='ocrx_word' id='word_1_601' title='bbox 1732 4235 1827 4292; x_wconf 79' lang='grc' dir='ltr'>ΙΙΙ,</span> <span class='ocrx_word' id='word_1_602' title='bbox 1866 4234 1896 4283; x_wconf 83' lang='grc'><strong>3</strong></span> <span class='ocrx_word' id='word_1_603' title='bbox 1959 4232 2211 4297; x_wconf 74' lang='grc' dir='ltr'><strong>,,βυθιζο</strong></span> <span class='ocrx_word' id='word_1_604' title='bbox 2256 4230 2382 4283; x_wconf 80' lang='grc' dir='ltr'><strong><em>ένου</em></strong></span> <span class='ocrx_word' id='word_1_605' title='bbox 2436 4227 2494 4281; x_wconf 80' lang='grc' dir='ltr'><strong>δὲ</strong></span> <span class='ocrx_word' id='word_1_606' title='bbox 2553 4231 2652 4281; x_wconf 82' lang='grc' dir='ltr'><strong>τοῦ</strong></span> 
     </span>
     <span class='ocr_line' id='line_1_108' title="bbox 1525 4294 2653 4369; baseline 0.003 -20"><span class='ocrx_word' id='word_1_607' title='bbox 1525 4296 1718 4349; x_wconf 78' lang='grc' dir='ltr'><strong><em>πλοίου</em></strong></span> <span class='ocrx_word' id='word_1_608' title='bbox 1781 4295 1847 4349; x_wconf 80' lang='grc' dir='ltr'><em>σῦ</em></span> <span class='ocrx_word' id='word_1_609' title='bbox 1903 4316 2002 4366; x_wconf 81' lang='grc' dir='ltr'><strong>μοι</strong></span> <span class='ocrx_word' id='word_1_610' title='bbox 2057 4316 2169 4369; x_wconf 86' lang='grc' dir='ltr'><strong>παρ</strong></span> <span class='ocrx_word' id='word_1_611' title='bbox 2228 4297 2351 4349; x_wconf 71' lang='grc' dir='ltr'><strong>θῶν</strong></span> <span class='ocrx_word' id='word_1_612' title='bbox 2412 4294 2653 4367; x_wconf 72' lang='grc' dir='ltr'><strong><em>ἐπαίρεις</em></strong></span> 
     </span>
     <span class='ocr_line' id='line_1_109' title="bbox 1525 4360 2652 4434; baseline -0.001 -17"><span class='ocrx_word' id='word_1_613' title='bbox 1525 4362 1654 4421; x_wconf 76' lang='grc' dir='ltr'><strong>τοὺς</strong></span> <span class='ocrx_word' id='word_1_614' title='bbox 1687 4360 2031 4434; x_wconf 75' lang='grc' dir='ltr'><strong><em>σιφάρους.“</em></strong></span> <span class='ocrx_word' id='word_1_615' title='bbox 2058 4370 2270 4432; x_wconf 80' lang='lat' dir='ltr'><strong>(Rigalt.)</strong></span> <span class='ocrx_word' id='word_1_616' title='bbox 2325 4370 2373 4418; x_wconf 86' lang='lat' dir='ltr'><strong>V.</strong></span> <span class='ocrx_word' id='word_1_617' title='bbox 2411 4370 2652 4432; x_wconf 84' lang='lat' dir='ltr'><strong>interpre-</strong></span> 
     </span>
     <span class='ocr_line' id='line_1_110' title="bbox 1527 4434 2653 4502; baseline -0.004 -16"><span class='ocrx_word' id='word_1_618' title='bbox 1527 4448 1601 4486; x_wconf 89' lang='lat' dir='ltr'><strong>tes</strong></span> <span class='ocrx_word' id='word_1_619' title='bbox 1654 4438 1714 4489; x_wconf 91' lang='lat' dir='ltr'><strong>ad</strong></span> <span class='ocrx_word' id='word_1_620' title='bbox 1763 4437 1887 4488; x_wconf 80' lang='lat' dir='ltr'><strong>Fest.</strong></span> <span class='ocrx_word' id='word_1_621' title='bbox 1936 4453 1976 4485; x_wconf 80' lang='lat' dir='ltr'><strong>v.</strong></span> <span class='ocrx_word' id='word_1_622' title='bbox 2025 4436 2272 4502; x_wconf 75' lang='lat' dir='ltr'><strong>siparium.</strong></span> <span class='ocrx_word' id='word_1_623' title='bbox 2325 4440 2392 4499; x_wconf 79' lang='lat' dir='ltr'><strong>tp.</strong></span> <span class='ocrx_word' id='word_1_624' title='bbox 2430 4434 2531 4483; x_wconf 78' lang='lat'><strong>340</strong></span> <span class='ocrx_word' id='word_1_625' title='bbox 2577 4450 2653 4496; x_wconf 86' lang='lat' dir='ltr'><strong>sq.</strong></span> 
     </span>
     <span class='ocr_line' id='line_1_111' title="bbox 1528 4500 2656 4581; baseline -0.004 -28"><span class='ocrx_word' id='word_1_626' title='bbox 1528 4504 1709 4581; x_wconf 53' lang='lat'><strong>“⁰2⁰³</strong></span> <span class='ocrx_word' id='word_1_627' title='bbox 1747 4510 1793 4551; x_wconf 93' lang='lat' dir='ltr'><strong>et</strong></span> <span class='ocrx_word' id='word_1_628' title='bbox 1828 4505 1886 4553; x_wconf 88' lang='lat' dir='ltr'><strong>ad</strong></span> <span class='ocrx_word' id='word_1_629' title='bbox 1927 4504 2082 4553; x_wconf 79' lang='lat' dir='ltr'><strong>luven.</strong></span> <span class='ocrx_word' id='word_1_630' title='bbox 2121 4505 2219 4553; x_wconf 87' lang='lat' dir='ltr'><strong>Sat.</strong></span> <span class='ocrx_word' id='word_1_631' title='bbox 2257 4501 2376 4559; x_wconf 82' lang='lat' dir='ltr'><strong>Vlll,</strong></span> <span class='ocrx_word' id='word_1_632' title='bbox 2413 4500 2494 4550; x_wconf 87' lang='grc'><strong>86.</strong></span> <span class='ocrx_word' id='word_1_633' title='bbox 2562 4501 2656 4549; x_wconf 62' lang='lat' dir='ltr'><strong>lsi-</strong></span> 
     </span>
     <span class='ocr_line' id='line_1_112' title="bbox 1529 4568 2658 4633; baseline -0.004 -13"><span class='ocrx_word' id='word_1_634' title='bbox 1529 4572 1634 4620; x_wconf 89' lang='lat' dir='ltr'><strong>dor.</strong></span> <span class='ocrx_word' id='word_1_635' title='bbox 1676 4571 1969 4633; x_wconf 61' lang='lat' dir='ltr'><strong>Origgxix,</strong></span> <span class='ocrx_word' id='word_1_636' title='bbox 2002 4570 2120 4631; x_wconf 79' lang='lat'><strong>3,4‚</strong></span> <span class='ocrx_word' id='word_1_637' title='bbox 2180 4568 2393 4619; x_wconf 78' lang='lat' dir='ltr'><strong>Hildebr.</strong></span> <span class='ocrx_word' id='word_1_638' title='bbox 2434 4568 2491 4617; x_wconf 86' lang='lat' dir='ltr'><strong>ad</strong></span> <span class='ocrx_word' id='word_1_639' title='bbox 2516 4568 2658 4631; x_wconf 78' lang='lat' dir='ltr'><strong>Apul.</strong></span> 
     </span>
     <span class='ocr_line' id='line_1_113' title="bbox 1528 4637 1928 4699; baseline -0.005 -10"><span class='ocrx_word' id='word_1_640' title='bbox 1528 4639 1718 4689; x_wconf 67' lang='lat' dir='ltr'><strong>Metam.</strong></span> <span class='ocrx_word' id='word_1_641' title='bbox 1755 4639 1811 4699; x_wconf 83' lang='lat' dir='ltr'><strong>X,</strong></span> <span class='ocrx_word' id='word_1_642' title='bbox 1847 4637 1928 4692; x_wconf 81' lang='lat'><strong>29.</strong></span> 
     </span>
    </p>
   </div>
   <div class='ocr_carea' id='block_1_11' title="bbox 2236 4713 2381 4766">
    <p class='ocr_par' dir='ltr' id='par_1_13' title="bbox 2236 4713 2381 4766">
     <span class='ocr_line' id='line_1_114' title="bbox 2236 4713 2381 4766; baseline 0.021 -18"><span class='ocrx_word' id='word_1_643' title='bbox 2236 4713 2381 4766; x_wconf 51' lang='lat' dir='ltr'><strong>12*ss</strong></span> 
     </span>
    </p>
   </div>
  </div>
 </body>
</html>
