3263 5311
785 439 794 454 ι
891 419 972 465 nn
1014 420 1202 467 cutru
1245 420 1583 465 ramulam:
1622 421 1740 466 ιω.
1769 421 1834 466 11.
2409 403 2532 467 719

207 586 540 652 operamur,
582 566 758 636 ”illis
801 571 1183 650 gaudeamus,
1274 569 1361 635 De
1403 570 1499 634 his
1542 571 1793 653 glot-iam
1833 570 2232 652 ''carpamus,
2277 571 2352 633 de
2393 536 2546 652 qui-⁸

207 672 313 735 bus
363 672 610 735 salutem
665 690 998 753 speramus.
1101 673 1283 735 Plane
1343 672 1694 753 gloriabitur
1746 671 2117 736 Christianus
2170 671 2405 735 ”etiam
2456 672 2531 758 ‚in

205 791 401 847 carne,
446 772 551 835 sed
597 792 733 835 cum
771 781 1021 855 propter
1058 774 1422 838 ”Christum
1463 775 1715 838 lacerata
1758 774 1800 806 ³¹
1815 774 2145 848 duraverit,
2194 773 2355 836 3ηἰιι
2397 772 2529 854 spi-

205 873 345 938 ritua
383 874 446 936 in
489 892 559 936 ea
601 883 956 952 coronetur,
1018 894 1143 938 non
1199 886 1264 940 ut
1321 876 1528 939 oculos
1585 886 1648 939 et
1702 875 1957 957 suspiria
2008 874 2532 937 ³²adulescentium

191 983 341 1056 ·post
379 993 446 1037 se
492 973 731 1039 trahat&
816 976 903 1039 lta
945 977 1105 1057 quod
1149 996 1219 1039 ex
1265 979 1427 1040 omni
1470 987 1638 1059 parte
1682 977 1742 1040 in
1786 976 2008 1040 ³⁵¹vobis
2051 984 2276 1048 vanati,
2318 974 2533 1038 merito

204 1083 267 1138 et
301 1094 417 1138 uon
461 1076 745 1140 habentes
790 1078 1100 1141 fastidiatis
1145 1078 1262 1142 ”et
1302 1078 1590 1142 habentes
1620 1078 1962 1159 neglegatis.
2017 1077 2322 1140 ³⁵Sanctae
2351 1074 2529 1138 semi-

206 1195 340 1251 nae,
382 1176 434 1238 si
477 1179 822 1242 naturaliter
863 1178 1199 1261 speciosae,
1247 1199 1366 1242 uon
1409 1181 1558 1244 adeo
1603 1181 1683 1270 sit
1723 1178 2077 1244 ”occasio¹¹.
2134 1177 2305 1241 Certe
2332 1176 2377 1210 ³⁷
2388 1176 2444 1241 si
2471 1183 2533 1239 et

203 1278 401 1354 tuerit,
443 1296 566 1342 non
609 1279 973 1356 ³⁸adiuvare,
1020 1282 1128 1344 sed
1170 1280 1403 1347 “etiam
1446 1281 1791 1362 ⁴⁰impedire
1834 1281 2029 1344 debet.

363 1413 547 1489 Quasi
590 1415 906 1494 gentilibus
936 1416 1155 1490 dicam,
1204 1416 1472 1496 ‘gentili’
1502 1424 1560 1478 et
1587 1416 1887 1478 communi
1917 1414 2179 1477 omnium
2209 1422 2528 1496 praecepto

202 1515 500 1596 alloquens
557 1535 696 1591 vos,
770 1517 917 1580 solis
972 1517 1199 1580 maritis
1256 1519 1476 1580 vestris
1533 1517 1767 1599 placere
1822 1517 2071 1580 debetis.
2177 1516 2245 1577 ln
2302 1523 2529 1578 tantum

201 1624 394 1678 autem
444 1616 749 1697 placebitis
803 1618 924 1694 eis,
990 1619 1053 1681 in
1106 1628 1385 1700 quantum
1439 1618 1609 1680 'aliis
1676 1614 1911 1699 placere
1971 1636 2093 1680 non
2159 1617 2528 1679 curaveritis.

2566 1417 2672 1475 Cap.
2688 1417 2763 1463 tv.

201 1717 448 1779 Semrae
504 1727 729 1793 estote,
793 1719 1169 1783 benedictae:
1235 1739 1387 1783 uxor
1441 1720 1599 1782 nulla
1655 1719 1937 1782 deformis
1996 1727 2091 1781 est
2134 1719 2344 1781 marito
2391 1736 2528 1781 suo.
2633 1733 2642 1740 ·

203 1819 355 1881 Satis
395 1818 645 1899 placuit,
689 1839 823 1884 cum
867 1821 1049 1884 electa
1092 1831 1216 1897 est,
1276 1822 1421 1884 'seu
1464 1823 1687 1895 forma,
1755 1839 1864 1883 seu
1904 1820 2172 1882 moribus
2216 1837 2525 1882 commen-

200 1921 349 1984 data.
418 1921 541 1983 ⁴Ne
585 1941 699 2002 qua
739 1923 1040 1986 ²'vestrum
1082 1932 1280 2005 putet,
1328 1924 1381 1985 si
1413 1923 1841 2004 temperaverit
1882 1941 1916 1985 a
1944 1921 2380 2002 compositione
2409 1920 2525 1995 sui,

202 2022 398 2084 odium
442 2031 501 2085 et
539 2022 942 2086 ‘aversionem
997 2025 1343 2088 maritorum
1397 2025 1908 2105 'prosecuturam
2009 2022 2222 2086 Omnis
2276 2023 2525 2085 maritus

199 2123 476 2186 castitatis
521 2134 760 2187 exactor
802 2134 924 2200 est,
968 2128 1220 2188 formam
1265 2145 1408 2187 vero
1449 2126 1641 2187 fidelis
1670 2124 1941 2206 ⁸quidem
1985 2143 2108 2186 nou
2135 2123 2525 2204 ”expostulass
2633 2121 2643 2132 ⁰

195 2225 495 2306 quianon
538 2226 783 2287 ¹⁰isdem
824 2225 1004 2318 bonis·
1043 2246 1192 2308 quae
1236 2226 1485 2307 gentiles
1532 2227 1742 2288 ¹¹bona
1782 2233 1993 2307 putant
2034 2225 2327 2304 capimur:
2387 2224 2523 2284 inti-

194 2325 342 2389 delis
384 2336 586 2389 contra
631 2328 806 2390 etiam
848 2337 1186 2409 suspectam
1227 2329 1435 2402 hahet,
1501 2327 1647 2388 ¹''vel
1701 2345 1773 2387 ex
1826 2325 1923 2388 illa
1978 2326 2261 2388 scelerata
2303 2324 2366 2385 in
2408 2342 2523 2386 nos

197 2428 480 2508 opinione
522 2430 820 2509 gentilium
838 2429 884 2491 ὗ.
985 2429 1092 2492 Cui
1150 2447 1292 2510 ergo
1345 2427 1840 2510 pulchritudinem
1894 2434 2056 2488 tuam
2114 2423 2404 2488 ''nutris‘P
2470 2426 2523 2486 si

190 2650 278 2703 27.
312 2649 409 2701 illis
444 2650 737 2714 gaudeamus
769 2653 856 2704 Aa.
925 2651 972 2701 in
1008 2649 1106 2702 illis
1144 2660 1190 2701 et
1223 2650 1487 2714 gaudemus
1520 2653 1708 2718 reliqui.
1786 2648 1869 2701 28.
1906 2649 2121 2713 capimus
2151 2646 2360 2700 econio.
2440 2646 2522 2698 29.

190 2720 336 2769 etiam
371 2735 459 2769 om.
483 2718 696 2771 Benaco.
777 2719 857 2770 30.
895 2720 1136 2770 Christum
1163 2736 1250 2769 om.
1274 2721 1326 2771 Α.
1408 2719 1492 2770 31.
1528 2720 1779 2771 duraverat
1811 2718 1899 2769 Bc.
1979 2717 2107 2768 3112.
2144 2724 2195 2765 ut
2230 2725 2277 2769 et
2310 2716 2522 2766 BCDobc.

188 2786 277 2838 32.
314 2786 690 2837 adulescentium
725 2788 777 2838 A.
879 2786 960 2838 33.
999 2789 1138 2838 nobis
1172 2789 1222 2837 A,
1329 2787 1409 2838 34.
1459 2796 1509 2839 et
1558 2788 1789 2837 habentes
1841 2787 2101 2847 neglegatis
2151 2799 2239 2834 om.
2269 2783 2354 2833 BC.
2438 2782 2522 2832 35.

187 2857 395 2905 Sanctae
442 2855 678 2915 feminac,
724 2856 766 2906 si
804 2856 1082 2906 naturaliter
1115 2856 1366 2918 speciosae
1401 2856 1481 2906 Ad.
1564 2856 1737 2906 Sancta
1787 2855 1960 2903 femina
1997 2854 2060 2903 sit
2094 2851 2374 2901 naturaliter
2407 2865 2523 2915 spa-

188 2924 325 2973 ciosa
358 2924 542 2987 reliqui.
648 2922 730 2974 36.
778 2924 1040 2985 occasioni,
1064 2924 1277 2974 sonabo.
1359 2925 1449 2974 loa.
1478 2924 1686 2986 Scoliqer
1731 2923 1982 2972 mendacii
2029 2923 2199 2970 Sancta
2248 2919 2423 2968 femina
2459 2919 2524 2969 sit

187 2990 474 3040 naturaliter
508 2992 746 3055 speciosa,
782 3007 877 3041 non
913 2992 1074 3041 ardori
1107 2991 1364 3040 occasioni.
1469 2990 1550 3040 37.
1588 2993 1628 3039 si
1667 2998 1714 3039 et
1746 2990 1831 3040 Aa.
1901 2990 1940 3037 si
1978 2989 2163 3052 reliqui.
2264 2985 2345 3036 38.
2382 2987 2522 3036 adiu-

188 3071 307 3107 vare
339 3058 421 3106 Ad.
489 3061 647 3108 iuvare
681 3060 907 3111 B.m.sec.
980 3061 1144 3121 ignare
1181 3059 1263 3108 Bc.
1336 3058 1559 3120 ignorare
1595 3060 1778 3121 reliqui.
1847 3058 2072 3105 inor-nare
2107 3055 2350 3104 Her-oldus.
2437 3054 2520 3104 39.

182 3127 339 3176 etiam
373 3123 591 3192 οηΑφ.
692 3126 777 3178 40.
814 3127 1048 3191 impedire
1084 3125 1226 3176 debet
1256 3127 1340 3176 Aa.
1412 3126 1647 3190 impedire
1682 3141 1736 3174 se
1772 3124 1913 3174 debet
1946 3125 2130 3189 reliqui.

327 3225 443 3291 Cap.
480 3229 552 3277 lv.
633 3227 677 3276 1.
714 3229 878 3290 gentili
915 3236 958 3277 ct
997 3227 1237 3277 communi
1285 3228 1499 3277 omnium
1535 3223 1705 3290 «Ama.
1785 3225 1947 3288 gentili
1996 3233 2042 3273 et
2089 3224 2328 3274 communi
2379 3238 2520 3287 prae·

181 3302 331 3358 cepto
367 3293 480 3361 Αφ.
550 3296 753 3358 gentiles
791 3295 1180 3346 communionum
1216 3296 1490 3358 (coniugum
1530 3295 1563 3344 B
1597 3296 1791 3353 macc.)
1828 3293 2096 3358 praeceptis
2132 3294 2317 3357 reliqui.
2400 3306 2518 3353 gen-

179 3363 299 3412 tiles
350 3364 687 3413 communione
734 3364 976 3427 praecepti
1025 3365 1351 3427 los.Senli9er.
1456 3362 1502 3412 2.
1541 3363 1651 3412 aliis
1682 3363 1766 3412 Aa.
1837 3361 2000 3410 alteris
2047 3362 2231 3424 reliqui.
2336 3358 2383 3409 3.
2431 3374 2518 3409 seu

178 3431 347 3480 forma
384 3444 470 3480 seu
510 3432 722 3489 moribus
757 3434 808 3481 Δ.
877 3446 961 3481 seu
1002 3432 1216 3480 moribus
1250 3446 1336 3480 seu
1376 3431 1527 3480 l'orma
1564 3431 1750 3494 reliqui.
1851 3429 1882 3479 4
1935 3429 2003 3477 Ne
2040 3443 2131 3492 qua
2154 3429 2238 3478 Ad.
2307 3428 2376 3478 Ne
2396 3442 2518 3491 quae

174 3500 288 3549 abc.
344 3497 509 3563 Neque
542 3498 670 3548 BGD.
757 3500 804 3548 5.
841 3508 1058 3549 nostrum
1095 3500 1180 3548 BG.
1215 3507 1235 3519 “
1263 3498 1312 3549 6.
1349 3498 1676 3547 adversionem
1713 3497 2012 3557 (adversione
2027 3497 2098 3551 Β.)
2134 3496 2410 3545 meritorum
2430 3495 2519 3547 Bc.

174 3566 229 3615 7.
271 3574 636 3629 persecuturum
675 3567 759 3617 Bc.
845 3576 1182 3630 persecutores
1217 3568 1287 3617 lie.
1391 3564 1435 3616 8.
1488 3567 1680 3629 quidem
1729 3582 1815 3616 om.
1843 3565 2086 3615 Benefica.
2191 3563 2240 3613 9.
2291 3573 2518 3627 expostu-

169 3633 250 3683 lat
285 3635 372 3689 Aa.
458 3643 674 3697 expectat
718 3636 904 3699 reliqui.
984 3642 1168 3697 spectat
1215 3635 1438 3684 Latinius.
1522 3633 1697 3698 expetit
1732 3633 1865 3683 B.m.
1894 3649 1985 3683 sec.
2106 3632 2182 3681 10.
2232 3631 2385 3681 isdem
2420 3627 2518 3694 Αβ.

175 3700 266 3751 11.
308 3702 436 3751 bona
472 3718 558 3752 om.
575 3703 819 3754 sconem.
906 3701 980 3751 1².
1019 3702 1088 3750 vel
1126 3715 1179 3750 ex
1216 3702 1297 3750 illa
1334 3701 1565 3751 scelerata
1603 3703 1650 3750 iu
1690 3712 1778 3749 nos
1814 3701 2041 3764 opinione
2061 3701 2142 3750 Aci.
2213 3701 2282 3748 vel
2321 3709 2522 3763 propter
2617 3750 2621 3755 ,

168 3768 320 3818 illam
359 3769 642 3819 sceleratam
681 3771 730 3820 in
767 3785 857 3820 nos
892 3770 1169 3834 opinionem
1204 3770 1389 3835 reliqui.
1498 3767 1575 3818 13.
1613 3768 1767 3818 nutris
1800 3770 1886 3819 Ad.
1955 3768 2136 3817 nutrias
2169 3768 2355 3831 reliqui.

243 3971 282 4020 f.
326 3985 425 4020 uon
474 3979 526 4020 ut
572 3971 741 4022 oculos
798 3979 843 4022 et
876 3970 1083 4035 suspiria
1133 3970 1301 4021 adulc-
1402 3971 1471 4021 De
1500 3970 1670 4026 altera,
1706 3970 1747 4020 si
1769 3969 1944 4032 placet,
1982 3968 2126 4019 adeas
2148 3968 2519 4019 Desid.llerald.

157 4040 421 4089 scentiam
462 4048 573 4101 post
605 4054 658 4088 se
694 4035 888 4104 trabat.]
926 4040 999 4090 Cl.
1037 4042 1177 4091 verba
1208 4041 1300 4106 Cy·
1403 4040 1613 4101 Digress.
1652 4038 1689 4097 l,
1725 4038 1801 4087 15.
1852 4053 1898 4100 p.
1924 4035 2038 4086 221.
2088 4045 2137 4087 et
2174 4035 2210 4085 1.
2240 4037 2287 4085 F.
2310 4037 2515 4087 Gronov.

159 4106 363 4172 primi,
401 4121 524 4170 quae
559 4122 707 4170 supra
743 4108 997 4172 adscripsi.
1403 4108 1655 4157 Observatt
1710 4106 1872 4164 11,1ἂ.

1470 4176 1585 4239 Cap.
1625 4174 1696 4225 lv.
1756 4188 1799 4223 a.
1836 4167 2026 4238 gentili]
2066 4171 2166 4221 lloc
2199 4181 2274 4222 est
2307 4173 2519 4232 gentium

1401 4247 1614 4293 omnium
1653 4257 1891 4292 consensu
1943 4242 2272 4301 comprobato.
2309 4241 2521 4302 (Rigalt.)

1471 4313 1514 4361 b.
1554 4313 1696 4360 etiam
1734 4318 2008 4375 suspectam
2042 4309 2199 4368 habet,
2238 4309 2307 4358 vel
2345 4323 2399 4358 ex
2436 4309 2519 4357 illa

234 4377 293 4427 h.
335 4378 403 4426 sit
438 4372 653 4443 occasio]
689 4377 794 4429 Nou
833 4379 1048 4445 estadeo
1069 4394 1302 4444 praeceps
1401 4380 1635 4429 scelerata
1697 4380 1741 4427 in
1790 4394 1882 4428 nos
1941 4377 2169 4440 opinione
2228 4371 2518 4440 gentilium]

145 4446 208 4496 in
275 4444 535 4496 libidinem
594 4447 784 4497 occasio
849 4455 1042 4497 sauctae
1096 4448 1301 4498 feminae
1403 4446 1539 4506 Quod
1578 4445 1797 4494 videlicet
1834 4445 2088 4494 Christiani
2140 4458 2246 4494 cum
2288 4444 2518 4492 matribus

147 4516 392 4565 nativum
432 4514 617 4564 formae
653 4514 801 4564 decus
837 4516 1142 4580 exquisitiore
1170 4515 1301 4565 cultu
1402 4522 1448 4563 ct
1483 4513 1736 4563 sororibus
1773 4514 2000 4562 inco-stam
2038 4519 2315 4561 exercerent
2355 4510 2516 4558 libidi-

147 4596 268 4631 που
313 4581 601 4631 adiuvantia.
639 4583 851 4644 {Rigaltl
903 4586 1156 4646 Amplexus
1192 4597 1300 4632 sum
1402 4596 1510 4631 nem
1550 4583 1596 4630 in
1649 4580 1994 4629 conventiculis
2036 4580 2154 4628 suis.
2202 4576 2517 4638 (Rhenanus.)

141 4649 282 4700 libri
309 4650 607 4713 Agobardini
632 4666 740 4701 cum
760 4651 962 4715 Rigaltio
996 4652 1301 4716 scripturam.
1402 4649 1475 4701 ct.
1510 4647 1713 4714 Apolog.
1752 4646 1944 4712 cappli,
1980 4645 2011 4697 8
2047 4655 2095 4696 ct
2127 4645 2175 4697 9.

238 4221 291 4270 g.
352 4203 510 4273 vacat]
583 4207 655 4258 Ct.
717 4209 875 4258 adnot.
926 4208 987 4260 ad
1040 4209 1108 4259 De
1169 4209 1301 4260 Orat.

153 4290 281 4340 cap.
317 4274 401 4325 15.
