3263 5311
1151 445 1633 488 nomon-mnu.
2460 431 2580 493 145

218 583 503 675 parentes
566 593 663 655 sui
728 592 1058 656 offerebant
1100 602 1163 656 et
1206 593 1512 656 ¹''libentes
1557 579 2102 673 '’respondebant’‘
2145 600 2205 654 et
2258 592 2582 656 infantibus

217 695 696 768 blandiebantur,
769 713 847 756 ne
911 693 1287 756 lacrimantes
1342 694 1846 756 immolarentur-¹.
1934 695 2011 756 Et
2071 701 2267 755 tamen
2331 694 2618 776 multam,

216 796 546 858 homicidio
612 795 996 875 parricidium
1060 794 1278 856 differt.
1364 794 1552 856 Maior
1608 802 1772 858 aetas
1841 794 1994 875 apud
2042 795 2244 857 Gallos
2285 795 2580 857 Mercurio

217 879 702 977 emmanu-2.
788 896 1049 957 Remitto
1103 895 1387 956 »rumas
1454 895 1781 958 Tauricas·
1828 895 2074 957 theatris
2136 896 2286 957 suis.
2373 896 2581 958 ²¹130oe

217 998 281 1059 in
326 998 427 1059 itta
468 996 927 1076 religiosissima
970 995 1119 1057 urbe
1146 995 1590 1069 Aeneadarum⁰
1619 996 1859 1076 piorum
1901 1006 1996 1059 est
2024 996 2251 1076 Iupiter
2302 997 2583 1077 quidam?
2617 1082 2632 1088 Φ

222 1218 307 1267 17.
358 1216 568 1268 libantes
601 1217 654 1266 F.
757 1214 961 1265 libenter
994 1216 1089 1266 BG.
1248 1213 1328 1264 18.
1376 1214 1739 1278 respondebant
1786 1210 2134 1279 ABDEFGMef.
2191 1216 2381 1268 vindob.
2433 1217 2598 1280 0:⁵an

214 1287 398 1350 Erfurt.
482 1283 786 1347 exponebant
817 1285 919 1334 abc.
1060 1281 1137 1334 19.
1174 1290 1460 1346 prosecatur
1493 1281 1805 1334 ABoEabcde.
1868 1285 2016 1334 Oxou.
2052 1283 2225 1347 Erfurt.
2310 1298 2582 1348 prosequa-

217 1361 301 1402 tur
339 1354 390 1402 G.
485 1359 798 1416 praesecatur
850 1351 1043 1401 Vindob.
1142 1350 1495 1414 prosecabatur
1538 1344 1603 1413 is.
1641 1350 1830 1401 Ποσει-ε.
1982 1348 2062 1399 20.
2115 1350 2305 1400 fabulas
2353 1352 2586 1402 Tauricas¹

211 1420 353 1471 ΔΒΕ.
394 1419 546 1469 Oxou.
580 1419 753 1481 Erfurt.
836 1417 1025 1467 tabulas
1070 1418 1281 1468 tauricas
1315 1417 1443 1469 BFG.
1526 1417 1756 1467 Tauricas
1803 1416 1994 1468 fabulas
2042 1413 2106 1482 (λ.
2153 1418 2367 1480 Ϋὶηῖὶοὺ.)
2401 1422 2583 1483 obedes.

215 1487 309 1537 21.
346 1486 445 1536 Sed
481 1493 530 1536 et
561 1487 611 1535 in
648 1484 732 1534 illa
765 1478 812 1532 λ.

212 1636 377 1684 guae,
428 1633 710 1678 sacrorum,
756 1620 1001 1669 societatis
1036 1618 1110 1669 vel
1148 1619 1354 1670 cuiusvis

215 1696 389 1740 certae
435 1689 555 1737 ritae
604 1686 917 1737 condicionis.
988 1686 1139 1750 Apol..
1178 1702 1282 1752 cap.
1324 1687 1349 1736 1

214 1758 363 1818 „Scit
399 1755 489 1814 (sc.
514 1755 706 1813 veritas)
742 1768 796 1802 se
828 1755 1135 1818 peregrinam
1172 1755 1220 1803 iu
1254 1763 1353 1804 ter-

213 1828 292 1876 ris
331 1837 492 1886 agere,
529 1823 655 1871 inter
688 1829 931 1872 extraneos
967 1822 1110 1871 facile
1132 1823 1353 1872 inimicos

216 1890 492 1944 invenire.“
540 1890 662 1939 lbid.
698 1905 800 1951 cap.
823 1888 851 1937 'l
891 1889 1018 1949 „Tot
1054 1891 1221 1939 hostes
1249 1891 1353 1939 eius

214 1961 313 2021 (sc.
334 1956 567 2015 veritatis)
604 1963 722 2020 quot
755 1955 1025 2006 extranei.“
1072 1957 1219 2006 Paulo
1241 1965 1355 2020 post

215 2027 314 2089 „Si
350 2040 468 2087 ergo
504 2039 603 2074 non
640 2024 733 2087 ipsi
760 2024 1033 2087 proditores
1056 2026 1150 2084 sui,
1185 2026 1352 2088 sequi—

216 2103 306 2146 tur
353 2101 406 2143 ut
441 2094 666 2142 extranei.
736 2091 795 2140 Et
831 2091 955 2140 unde
992 2095 1225 2142 extraneis
1260 2108 1352 2143 no·

210 2163 345 2222 titia,
381 2175 488 2211 cum
524 2172 723 2222 semper
759 2159 899 2207 etiam
936 2159 985 2222 pi
1063 2160 1354 2210 ‘uitiationes

213 2236 420 2280 arceant
454 2221 766 2291 profanos‘Y‘
819 2226 940 2276 Ibid.
978 2241 1030 2276 ca
1070 2264 1080 2274 .
1119 2226 1151 2277 9
1188 2227 1353 2288 „tilios

215 2296 464 2360 exponitis
498 2292 838 2357 suscipiendos
860 2295 920 2343 ab
943 2294 1103 2358 aliqua
1133 2303 1353 2357 praeter·

216 2371 369 2414 eunte
407 2362 739 2412 misericordia
778 2362 1052 2412 extranea.“
1102 2363 1222 2412 ibid.
1245 2378 1352 2426 cap.

219 2431 295 2482 16
332 2431 475 2493 „quia
512 2444 605 2478 nec
639 2429 893 2478 verebatur
942 2436 1185 2481 extraneos
1222 2431 1353 2479 arbi-

214 2509 331 2550 tros
364 2512 479 2547 vana
517 2495 760 2546 cultura.“
832 2496 952 2545 lbid.
989 2511 1092 2559 cap.
1119 2497 1185 2546 25
1222 2498 1352 2556 „Pe—

216 2567 450 2628 regrinos
485 2566 614 2615 enim
652 2563 774 2612 deos
800 2577 897 2613 nou
918 2571 1081 2626 putem
1109 2573 1355 2616 extraneae

218 2635 355 2697 genti
392 2634 543 2695 magis
578 2632 764 2681 fautum
787 2631 999 2681 voluisse
1018 2647 1161 2696 quam
1182 2633 1354 2683 suae.“

218 2702 345 2752 lbid.
369 2716 472 2764 cap.
494 2700 555 2749 31
596 2699 821 2762 „inspice
859 2698 934 2749 dei
970 2715 1129 2760 voces,
1166 2701 1352 2751 litteras

220 2776 450 2827 nostras,
497 2780 615 2831 quas
661 2781 818 2830 neque
856 2767 947 2830 ipsi
984 2770 1353 2832 supprimimus,

224 2845 278 2885 et
323 2835 541 2898 plerique
589 2849 730 2884 casus
766 2834 825 2883 ad
862 2841 1106 2885 extraneos
1141 2836 1352 2886 transfe-

224 2902 400 2953 ruut.“
451 2908 498 2950 et
540 2902 684 2963 paulo
734 2907 846 2964 post
897 2902 1046 2963 „licet
1081 2904 1290 2954 extranei
1324 2918 1350 2952 a

224 2968 391 3020 turbis
444 2968 793 3017 aestimemur.“
872 2969 941 3019 Ad
994 2970 1120 3019 Natt.
1178 2971 1226 3031 l,
1289 2970 1350 3019 17

229 3043 523 3097 „exli-amoc
568 3035 828 3084 nationes.“
899 3037 1020 3086 thid.
1060 3037 1098 3097 1,
1140 3037 1202 3089 18
1239 3039 1352 3097 „iu-

232 3103 375 3165 geuia
413 3102 601 3150 mitiora
638 3109 683 3152 et
716 3111 895 3153 mentes
932 3105 1179 3154 hominum
1208 3106 1351 3155 etiam

229 3170 283 3219 in
319 3169 615 3221 extraneos.“
670 3169 784 3219 lbid.
811 3171 846 3231 l,
885 3170 950 3220 20
987 3171 1071 3232 „iu
1109 3180 1352 3223 extraneos

231 3239 367 3299 casti,
403 3238 451 3287 iu
490 3245 669 3286 vosmet
704 3238 839 3301 ipsos
873 3239 1099 3289 incesti.“
1147 3240 1265 3289 lbid.
1291 3240 1351 3301 tt,

228 3304 294 3356 13
330 3305 537 3366 „incesti
572 3306 621 3354 in
657 3320 792 3365 suos,
841 3307 1071 3370 impudici
1107 3309 1156 3357 in
1194 3315 1350 3358 extra-

218 3373 388 3491 neoesf‘
460 3372 534 3423 Cf.
581 3372 786 3422 Dirksen
836 3372 1054 3423 Manuale
1110 3389 1155 3426 s.
1203 3390 1243 3425 v.
1300 3390 1349 3440 p.

223 3441 290 3491 35
358 3456 433 3504 sq.

292 3532 337 3581 k.
372 3528 758 3599 respondebant]
793 3532 843 3583 V.
867 3532 1028 3583 adnot.
1067 3532 1127 3585 ad
1160 3532 1231 3583 De
1254 3533 1350 3582 Co-

215 3614 343 3655 rona
379 3614 484 3664 cap.
524 3599 607 3649 11.

290 3690 325 3741 l.
361 3706 421 3741 ne
457 3691 767 3741 lacrimantes
804 3686 1213 3758 immolarentur]
1247 3692 1353 3742 Hoc

220 3758 352 3809 enim
388 3759 527 3808 nefas
564 3767 684 3810 erat.
743 3760 814 3809 ct.
852 3760 1024 3811 Minue.
1061 3760 1160 3809 Fel.
1190 3761 1348 3810 Octav.

219 3841 331 3890 cap.
382 3825 476 3887 30,
545 3827 627 3891 qui
684 3828 939 3891 exscripsit
1000 3828 1350 3878 Tertullianum

215 3892 429 3956 „Merito
478 3894 522 3942 ei
577 3896 666 3954 (se.
714 3894 944 3955 Saturno)
1001 3894 1049 3944 in
1101 3895 1352 3945 nonnullis

211 3960 411 4010 Africae
464 3960 684 4023 partibus
731 3976 758 4009 a
810 3963 1094 4024 parentibus
1142 3964 1352 4013 infantes

212 4026 614 4086 immolabantur,
650 4027 896 4078 blanditiis
931 4038 979 4079 et
1015 4031 1184 4080 osculo
1214 4044 1351 4080 com-

206 4094 465 4161 primente
498 4096 719 4157 vagitum,
756 4110 816 4145 ne
852 4097 1028 4146 flebilis
1065 4098 1222 4146 hostia
1256 4099 1350 4149 im·-

206 4160 493 4213 moletnr.“
576 4162 782 4213 Tertull.
833 4164 903 4213 Ad
956 4164 1100 4228 Scap.
1157 4180 1262 4228 cap.
1318 4154 1351 4213 2

206 4227 361 4294 „Sed
409 4242 498 4278 nec
540 4230 790 4297 religionis
832 4239 907 4280 est
942 4246 1116 4294 cogere
1151 4232 1350 4293 religio-

206 4310 361 4357 nem,
413 4310 535 4360 quae
567 4306 743 4361 sponte
780 4299 963 4362 suscipi
1000 4300 1201 4359 debeat,
1249 4313 1347 4349 nou

203 4366 273 4426 vi,
314 4378 422 4413 cum
461 4371 509 4414 et
542 4365 732 4415 hostiae
768 4367 828 4416 ab
866 4368 1027 4417 animo
1065 4367 1229 4417 libenti
1266 4381 1347 4415 ex-

205 4431 576 4497 postulentur.“
632 4433 789 4498 Apol.
827 4449 933 4499 cap.
968 4433 1051 4487 28.
1113 4437 1347 4499 interprr.

206 4500 270 4551 ad
307 4500 447 4565 Apul.
487 4500 681 4550 Metam.
720 4500 793 4561 vt,
829 4500 879 4554 3.

276 4598 345 4635 m.
379 4585 510 4649 apud
550 4584 721 4636 Gallos
746 4584 988 4635 Mercurio
1023 4580 1349 4651 prosecatur]

203 4654 445 4718 Pompon.
484 4652 610 4703 uela
646 4652 739 4715 ΙΙΙ,
788 4651 839 4702 2.
896 4653 1062 4705 lustin.
1096 4654 1251 4715 ΧΧἫ,
1298 4654 1346 4704 2.

275 4738 599 4787 Turonum
630 4750 739 4785 ore.
771 4750 1064 4785 amotaru-
1135 4739 1260 4784 Tom.
1278 4738 1314 4783 1.
1358 4786 1372 4798 ,

1448 4220 1613 4287 μεθα.
1628 4226 1668 4249 “

1454 1616 1635 1669 Lucan.
1685 1619 1853 1669 Phars.
1903 1618 1953 1679 t,
2004 1618 2087 1669 44.
2149 1617 2351 1670 Tertull.
2409 1621 2583 1686 Scorp.

1456 1700 1562 1750 cap.
1601 1685 1646 1734 7.
1720 1688 1934 1736 Lactant.
1972 1686 2087 1736 lust.
2125 1686 2224 1738 Div.
2264 1688 2299 1747 Ι,
2341 1686 2420 1736 21.
2495 1689 2581 1738 Μὶ-

1454 1767 1565 1803 nuc.
1602 1753 1704 1802 Fet.
1743 1753 1903 1803 Octav.
1943 1769 2046 1817 cap.
2085 1752 2165 1804 30.
2229 1755 2475 1817 Augustin.
2513 1754 2582 1808 De

1457 1821 1553 1871 Cir.
1594 1820 1680 1870 Dei
1717 1820 1812 1880 vn,
1854 1820 1932 1871 19.
1983 1822 2116 1871 Paul.
2155 1822 2283 1871 Diae.
2321 1822 2390 1871 De
2424 1824 2582 1873 Gestis

1455 1887 1669 1949 Langob.
1697 1889 1736 1948 1,
1779 1888 1855 1938 10.
1905 1889 2143 1938 Schedius
2177 1890 2246 1939 De
2284 1889 2383 1939 Diis
2421 1891 2581 1940 Germ.

1456 1968 1506 2018 p.
1548 1955 1660 2004 155.
1736 1955 1942 2005 Creuzer
1990 1956 2203 2020 symbol.
2256 1966 2372 2006 tom.
2411 1958 2483 2019 Vl,
2533 1974 2580 2022 p.

1456 2021 1574 2071 412.
1631 2022 1752 2071 Ptin.
1791 2023 1846 2072 n.
1883 2023 1938 2072 N.
1975 2023 2109 2085 XXX,
2151 2023 2174 2072 1
2215 2025 2466 2088 „Namque
2499 2023 2583 2075 Ti?-

1455 2090 1579 2139 berii
1617 2089 1839 2139 Caesaris
1874 2092 2174 2154 principatus
2209 2092 2406 2141 sustulit
2439 2092 2582 2143 Drui-

1458 2157 1545 2207 das
1581 2171 1765 2207 eorum.
1802 2184 1870 2194 —
1903 2183 1970 2193 —
2018 2159 2124 2208 Non
2173 2161 2290 2209 satis
2339 2161 2580 2209 aestimari

1455 2233 1636 2289 potest,
1673 2233 1902 2288 quantum
1940 2225 2168 2276 Romanis
2203 2227 2452 2287 debeatur,
2501 2227 2582 2291 qui

1456 2292 1699 2341 sustulere
1736 2300 1980 2353 monstra,
2029 2294 2077 2344 in
2125 2295 2300 2358 quibus
2336 2296 2580 2344 hominem

1457 2360 1679 2409 occidere
1741 2360 2161 2423 religiosissimum
2224 2372 2353 2423 erat,
2420 2364 2582 2413 mandi

1456 2443 1567 2478 vero
1588 2428 1731 2477 etiam
1750 2429 2179 2478 saluberrimum.“
2195 2431 2392 2479 Suetou.
2414 2429 2583 2481 Claud.

1457 2510 1563 2559 cap.
1615 2493 1680 2544 25
1734 2495 2060 2556 „Druidarum
2116 2496 2398 2558 religionem
2454 2498 2582 2563 apud

1458 2562 1624 2613 Gallos
1661 2561 1793 2613 dirae
1829 2564 2138 2614 immanitatis
2175 2573 2219 2613 et
2255 2573 2436 2614 tautum
2468 2566 2576 2615 civi-

1454 2630 1548 2747 blus
1608 2631 1726 2722 sub‘.
1759 2632 1971 2695 Augusto
2032 2632 2335 2683 interdictam
2388 2634 2581 2697 penitus

1455 2713 1481 2747 a
1518 2699 1695 2748 olevit.‘

1522 2798 1571 2832 n.
1608 2782 1798 2831 fabulas
1833 2779 2086 2847 Tauricas]
2133 2784 2359 2832 Albanos.
2385 2799 2423 2831 c.
2452 2784 2581 2834 Gen*

1453 2858 1529 2899 tes
1566 2848 1710 2911 p.21.
1745 2842 2003 2903 „Eaedem
2033 2844 2143 2916 γὰρ
2172 2842 2227 2897 οἱ
2257 2842 2582 2915 καλούμενοι

1454 2908 1683 2982 Ταὺριοι
1717 2915 1782 2980 τῇ
1817 2910 1956 2978 παρ’
1998 2908 2184 2968 αὐτοῖς
2206 2913 2468 2983 παρθένῳ
2487 2930 2580 2964 κα-

1452 2978 1684 3048 λουμένῃ
1710 2977 1835 3036 τοὺς·
1857 2974 1963 3029 ἀπὸ
1983 2979 2283 3047 ναυαγίων,
2312 2977 2404 3030 καὶ
2422 2995 2584 3037 oo'ovc

1456 3042 1527 3098 ἂν
1559 3044 1771 3111 λάβωσι
1804 3049 1920 3097 τῶν
1947 3044 2230 3108 Ἑλλήνων,
2270 3043 2345 3103 εἷς
2377 3046 2584 3099 θυσίαν

1454 3109 1816 3183 ἀναφέρουσι,
1848 3117 2118 3165 τοσοῦτον
2142 3110 2462 3180 ἀσεβοῦντες
2491 3131 2585 3166 κα-

1455 3178 1526 3233 τὰ
1559 3183 1676 3232 τῶν
1711 3178 1996 3250 ὁμογενῶν
2030 3176 2348 3251 ἀνθρώπων
2380 3181 2471 3234 καὶ
2497 3177 2584 3233 οὖ-

1453 3267 1564 3307 τως
1597 3245 1904 3317 gunnarus·
1937 3251 2050 3300 τῶν
2084 3253 2233 3301 θεῶν
2265 3244 2449 3302 αὐτῶν
2481 3248 2584 3312 τὴν

1455 3312 1735 3386 ὠμότητα,
1777 3311 1863 3367 ὅτι
1899 3310 1991 3374 οὓς
2026 3315 2054 3380 ἢ
2083 3335 2122 3368 π
2162 3314 2321 3369 duom
2350 3312 2457 3369 ἀπὸ
2479 3320 2594 3369 θψ·
2631 3344 2638 3351 -

1452 3385 1657 3447 λάσσης
1691 3381 1747 3436 ἐκ
1775 3380 2045 3436 κινδύνων
2072 3384 2112 3436 ὃ
2156 3401 2318 3444 σωσε,
2357 3381 2585 3443 τούτους·

1454 3447 1611 3503 αὐτοὶ
1645 3448 2102 3520 κατασφάττουσι
2120 3471 2133 3484 ·
2168 3451 2469 3523 μονονουχὶ
2490 3471 2584 3504 κα-

1451 3516 1523 3571 τὰ
1557 3521 1656 3581 τῆς·
1687 3518 1953 3589 προνοίας
1995 3519 2309 3590 γινόμενοι,
2362 3516 2449 3572 ὅτι
2481 3518 2584 3584 τὴν

1450 3583 1653 3649 ἐκείνης
1687 3583 2000 3655 εὗεργεσίαν
2033 3591 2099 3658 τῇ
2134 3586 2346 3641 ἑαυτῶν
2378 3584 2587 3656 θηριώ-

1454 3652 1538 3707 δει
1569 3657 1722 3724 upum?
1756 3652 2298 3731 κατακρύπτουσιν.’ξ
2350 3660 2422 3709 Cr.
2460 3661 2581 3710 Ter-

1451 3726 1558 3774 tull.
1595 3727 1871 3776 Adv.Marc.
1909 3727 2010 3787 1,1.
2085 3728 2256 3778 Minue.
2296 3726 2396 3776 Fel.
2419 3726 2582 3775 Octav.

1455 3808 1561 3856 cap.
1586 3792 1665 3842 30.
1737 3794 1906 3856 Hygia.
1933 3794 2046 3843 Fab.
2069 3795 2200 3844 CXX.
2256 3792 2580 3845 Valent-'tace

1452 3860 1627 3923 Argon.
1666 3859 1728 3920 ΙΙ,
1765 3860 1879 3910 301.

1522 3968 1568 4000 ο.
1643 3951 2006 4013 religiosissima
2059 3953 2179 4001 urbe
2224 3944 2581 4066 Aeneadarum}

1454 4019 1618 4068 lustin.
1661 4019 1840 4068 Novell.
1874 4019 2046 4069 vatt.
2083 4010 2349 4074 ‚Atreias
2384 4011 2518 4085 ἡμῖν

1454 4085 1610 4166 Τρώς
1643 4080 1892 4148 βασιλεὺς
1933 4084 2028 4144 τῆς
2060 4082 2335 4140 πολιτείας
2370 4079 2461 4142 ἐξά
2489 4100 2585 4152 χει

1451 4146 1740 4201 Αινειάδαι
1785 4166 1840 4202 τε
1878 4146 2031 4220 ἡμεῖς
2066 4147 2126 4210 ἐξ
2156 4147 2360 4203 ἐκείνου
2393 4167 2425 4202 κ
2495 4147 2583 4203 οὐ·

1725 4222 1797 4272 Cf.
1818 4222 2020 4271 Tertull.
2061 4223 2127 4272 De
2152 4224 2341 4273 Corona
2380 4237 2482 4286 cap.
2503 4222 2580 4272 12.

1450 4288 1518 4338 Ad
1555 4289 1682 4339 Natt.
1718 4288 1877 4349 n,17.
1947 4289 2016 4338 Pii
2053 4292 2457 4353 cognominantur
2488 4292 2582 4340 Ae-

1449 4357 1635 4406 neadae
1672 4357 1731 4406 de
1765 4357 1940 4407 Aenea.

1519 4463 1568 4512 p.
1634 4448 1818 4512 iupiter
1863 4447 2083 4515 quidam]
2154 4450 2222 4499 De
2259 4450 2368 4499 love
2402 4448 2581 4499 Latiari

1451 4515 1607 4580 deque
1646 4517 1855 4567 cruentis
1904 4518 2009 4567 eius
2055 4512 2306 4568 sacrificiis
2354 4531 2394 4565 v.
2433 4515 2582 4564 Atha-

1452 4598 1555 4634 nas.
1609 4598 1650 4633 c.
1692 4584 1827 4634 Gent.
1866 4584 2076 4649 pag.21.
2149 4585 2333 4634 Tatiau.
2385 4582 2467 4659 pr·
2518 4580 2582 4631 ad

1455 4653 1622 4703 Graec.
1662 4665 1766 4715 cap.
1787 4651 1870 4702 216.
1940 4653 2173 4716 Porphyr.
2200 4643 2340 4717 Περὶ
2371 4645 2582 4715 anapia·

2204 4734 2266 4783 10
