3263 5311
1094 456 1169 498 ns
1212 455 1621 522 meconi-nn.
1983 412 1996 423 ⁰
2404 444 2524 507 105

206 604 273 665 de
318 603 566 666 ethnicis
609 611 947 667 mutuantes
993 603 1105 665 suh
1160 604 1507 684 pignoribus
1550 605 1912 670 ’fiduciatis‘
1963 605 2136 669 iurati
2193 616 2396 670 cavent
2433 609 2527 671 ⁴et

207 722 267 767 se
308 714 559 786 negant3
602 725 668 767 se
714 705 867 767 scire
910 705 1112 766 volunt
1155 706 1377 768 scilicet
1429 716 1662 788 tempus
1705 709 2176 788 persecutionis*
2219 717 2280 770 et
2320 709 2522 772 ⁸locus

206 806 505 868 tribunalis
562 815 623 869 et
673 807 696 840 ⁸
708 826 968 887 persona
1029 807 1341 888 praesidis.
1436 810 1792 872 Praescribit
1846 808 2117 871 Christus
2187 827 2312 871 non
2384 828 2524 874 esse

204 907 527 970 iurandum.
588 908 831 989 Scripsi,
874 908 1081 988 inquit,
1128 908 1235 969 sed
1276 909 1423 971 nihil
1450 910 1623 971 ⁷dixi.
1686 910 1930 990 Lingua,
1973 929 2096 973 non
2137 910 2328 973 littera
2360 913 2520 974 occi-

206 1010 299 1071 dit.
384 1009 497 1070 Hic
538 1010 681 1088 ⁸ego
728 1018 995 1071 naturam
1038 1018 1097 1070 et
1139 1010 1557 1072 conscientiam
1601 1011 1856 1075 advoco:
1911 1021 2199 1085 naturam,
2245 1013 2380 1092 quia
2422 1014 2520 1075 ni·-

206 1110 279 1171 hil
316 1119 524 1190 potest
566 1129 775 1171 manus
822 1110 1111 1185 scribere,
1170 1111 1397 1173 etiamsi
1442 1112 1638 1192 lingua
1679 1113 1742 1174 in
1782 1114 2090 1176 ⁹dictando
2150 1123 2347 1175 cessat
2400 1115 2516 1176 im-

205 1212 427 1273 mobilis
505 1220 565 1273 et
629 1212 852 1291 quieta,
925 1211 1086 1292 quod
1136 1229 1259 1274 non
1332 1213 1577 1276 ¹⁰auima
1642 1215 1973 1291 dictaverit;
2046 1234 2394 1296 quamquam
2459 1224 2521 1278 et

206 1311 306 1393 ipsi
374 1313 613 1392 linguae
682 1313 874 1374 anima
943 1312 1244 1375 dictaverit
1311 1322 1411 1376 aut
1479 1334 1514 1377 a
1571 1335 1638 1378 se
1692 1324 2040 1398 conceptum
2111 1326 2212 1378 aut
2272 1316 2344 1377 ab
2398 1316 2514 1378 alio

206 1414 493 1475 traditum.
606 1414 760 1487 Iam,
829 1432 905 1476 ne
976 1414 1230 1489 dicatur,
1304 1415 1517 1479 “Allus
1590 1417 1863 1493 dictavit3
1934 1417 2031 1480 hic
2100 1416 2521 1480 conscientiam

208 1515 441 1594 appello,
508 1533 585 1575 an
640 1515 799 1595 quod
850 1515 999 1577 alius
1057 1516 1294 1578 dictavit
1347 1519 1536 1580 anima
1593 1519 1877 1600 suscipiat
1934 1527 1992 1580 et
2036 1519 2159 1581 sive
2203 1519 2518 1581 comitante

211 1615 316 1677 sive
365 1616 673 1678 residente
729 1616 924 1695 lingua
979 1617 1052 1678 ad
1107 1637 1343 1680 manum
1399 1621 1776 1683 transmittat.
1863 1621 1938 1682 Et
1979 1622 2150 1693 bene,
2210 1621 2403 1700 quod·
2456 1620 2516 1681 in

211 1718 380 1778 animo
442 1726 508 1779 et
566 1717 925 1778 conscientia
969 1718 1279 1798 ¹²delinqui
1321 1719 1595 1782 dominus
1652 1722 1814 1783 dixit.
1903 1722 1985 1796 Si,
2031 1720 2250 1801 inquit,
2296 1732 2817 1786 conca-uniusne.

214 1818 469 1896 piscentia
512 1818 611 1879 vel
654 1817 869 1879 malitia
911 1818 973 1879 in
1016 1838 1120 1880 cor
1158 1820 1417 1882 hominis
1461 1822 1811 1897 ascenderit,
1868 1842 1978 1903 pro
2023 1824 2174 1884 sacto
2220 1821 2517 1884 ¹'tene¹·i⁸.

219 1916 400 1981 Cavisti
463 1920 670 1999 igitur,
744 1919 903 1999 quod
971 1919 1034 1981 in
1105 1939 1208 1982 cor
1277 1930 1441 1983 tuum
1507 1923 1679 2003 plane
1746 1924 2027 1997 ascendit,
2099 1923 2296 2003 quod·
2329 1941 2519 2004 neque

221 2017 497 2098 ignorasse
556 2028 619 2082 te
661 2020 1018 2083 contendere
1060 2022 1285 2103 ¹‘potes
1340 2042 1533 2103 neque
1584 2023 1874 2086 noluisse.
1958 2023 2105 2085 Nam
2158 2026 2290 2097 qum
2344 2044 2514 2087 cave-

132 2148 139 2156 ·
223 2138 319 2194 res,
357 2121 549 2195 scisti,
608 2139 742 2182 cum
798 2121 1014 2196 scires,
1070 2124 1272 2204 utique
1324 2123 1597 2199 voluisti3
1669 2123 1895 2205 ¹“egisti
1967 2134 2083 2187 tam
2136 2127 2288 2187 sacto
2343 2144 2517 2205 quam

227 2222 459 2299 ongum,
504 2241 623 2284 nec
664 2230 838 2302 potes
882 2223 1099 2286 leviore
1142 2225 1386 2287 crimine
1429 2226 1674 2288 ¹⁶maius
1720 2227 2044 2301 excludere,
2088 2235 2155 2288 ut
2198 2227 2356 2289 dicas
2402 2227 2514 2289 sal-

232 2339 339 2383 sum
370 2324 543 2405 plane
587 2322 793 2397 effici‘,
851 2326 1105 2387 cavendo
1170 2327 1329 2407 quod
1371 2346 1495 2389 non
1537 2327 1754 2389 ¹⁷saci3.
1842 2329 2064 2390 Tamen
2114 2347 2237 2390 non
2291 2329 2515 2409 negavi,

148 2494 158 2505 ·
233 2471 275 2521 3.
304 2474 510 2527 fiduciatis
550 2478 578 2527 b
614 2476 695 2538 (ex
727 2478 941 2527 secundis
977 2477 1134 2537 eui-is).
1195 2479 1400 2530 fiduciati
1435 2480 1553 2531 BCa.
1678 2480 1726 2532 4.
1764 2488 1809 2529 et
1843 2495 1898 2531 se
1931 2488 2133 2544 negant;
2184 2496 2236 2531 se
2268 2483 2395 2532 scire
2428 2497 2517 2533 vo-

229 2540 317 2591 iunt
345 2560 428 2607 eqo.
518 2553 570 2594 et
602 2560 660 2594 se
695 2554 884 2601 necant,
920 2560 973 2593 se
1009 2547 1134 2595 scire
1170 2547 1333 2597 volunt
1366 2549 1417 2598 Β.
1499 2556 1546 2598 et
1580 2550 1652 2598 sic
1687 2557 1872 2611 negant.
1958 2550 2091 2599 Scire
2125 2551 2287 2600 volunt
2325 2551 2399 2600 Cu.
2471 2558 2519 2601 et

225 2608 286 2659 sic
316 2621 470 2672 negant
504 2614 654 2663 scire.
726 2613 895 2662 Volunt
924 2616 967 2674 b,
1004 2613 1078 2665 Fr.
1117 2615 1289 2665 lunius.
1426 2616 1474 2666 5.
1515 2617 1649 2667 locus
1683 2617 1733 2666 B.
1806 2618 1961 2667 locum
1996 2618 2182 2682 reliqui.
2316 2618 2362 2668 6.
2401 2633 2515 2683 per-

225 2691 325 2726 sona
360 2681 404 2729 B.
466 2687 729 2745 personam
777 2682 962 2745 reliqui.
1099 2682 1145 2731 7.
1183 2685 1297 2733 dixit
1330 2685 1382 2734 B.
1517 2684 1565 2735 8.
1604 2700 1692 2748 ego
1728 2685 1809 2735 Bb.
1845 2687 1973 2735 fulv.
2007 2686 2218 2735 Ursinus.
2284 2701 2396 2747 ergo
2437 2687 2516 2736 Cu.

224 2744 271 2793 9.
301 2747 503 2796 dictando
543 2750 590 2799 Β.
662 2749 922 2798 dictitando
957 2750 1141 2814 reliqui.
1249 2751 1325 2803 10.
1362 2752 1546 2801 animae
1581 2753 1631 2801 B.
1753 2753 1827 2801 11.
1866 2753 1986 2801 alius
2024 2753 2212 2802 dictavit
2250 2753 2355 2802 Cub.
2424 2753 2516 2801 aii-

233 2813 331 2873 quis
361 2814 531 2865 dietarit
564 2818 612 2865 B.
756 2815 834 2865 12.
872 2817 1118 2881 delinquit.
1155 2819 1205 2867 B.
1346 2819 1424 2868 13.
1462 2821 1611 2868 teneri
1650 2821 1697 2868 B.
1735 2821 1863 2869 Fulv.
1903 2821 2110 2868 Ursinus.
2192 2821 2369 2870 teneris
2408 2820 2515 2870 Cub-

237 2878 311 2926 14.
342 2889 466 2942 potes
498 2886 541 2942 b,
575 2884 701 2933 Fulv.
741 2885 951 2934 Ursinus.
1021 2893 1180 2948 potest
1214 2886 1328 2936 BCu.
1469 2887 1546 2935 15.
1585 2887 1719 2947 egisti
1757 2895 1851 2935 tam
1889 2887 2012 2935 iacto
2051 2902 2146 2948 eqo.
2229 2894 2276 2936 et
2311 2894 2384 2935 est
2418 2894 2516 2936 tam

236 2946 352 2994 iacto
384 2948 432 2996 B.
506 2958 552 2998 et
581 2966 629 3000 es
662 2960 755 3001 tam
793 2952 840 3001 in
877 2953 1000 3002 iacto
1040 2953 1145 3003 Cub.
1232 2962 1279 3002 et
1313 2955 1482 3003 haeres
1515 2962 1609 3002 tam
1659 2955 1705 3002 in
1743 2953 1865 3001 sacto
1903 2955 2126 3010 Latinius,
2161 2955 2289 3016 prob.
2325 2955 2400 3002 Fr.
2439 2955 2516 3002 Iu-

231 3015 322 3064 nio.
419 3016 492 3064 16.
528 3021 670 3068 maius
698 3022 743 3082 b,
784 3019 1009 3082 Latinius,
1045 3021 1124 3070 Fr.
1143 3021 1318 3082 Iunius,
1355 3022 1417 3071 La
1446 3022 1604 3072 Cerdo.
1674 3020 1970 3070 manusBCo.
2043 3019 2120 3068 17.
2143 3021 2254 3069 iacit
2286 3028 2444 3069 tamen
2465 3022 2516 3070 B.

288 3131 392 3197 Cap.
428 3135 584 3185 XXII!-
649 3152 690 3187 a.
737 3138 830 3187 sub
874 3138 1158 3201 pignoribus
1194 3138 1317 3189 fidu·
1401 3141 1476 3188 nis
1523 3138 1796 3187 iudiciariae
1843 3137 1934 3186 hoc
1972 3137 2097 3185 scire
2132 3137 2282 3200 veiint
2309 3137 2516 3188 tribunal

221 3199 366 3264 cittis]
411 3202 624 3254 Creditur
670 3205 888 3255 ethnicus
925 3206 1195 3256 Christiano
1228 3221 1317 3271 pe-
1402 3215 1449 3256 et
1483 3221 1698 3270 praeses,
1745 3213 1898 3254 utrum
1937 3205 2037 3263 iiie,
2087 3205 2132 3254 in
2169 3219 2308 3269 quem
2348 3220 2515 3268 perse-

216 3270 387 3319 euniam
430 3271 563 3321 dedit
609 3274 697 3321 sub
739 3273 1018 3336 pignoribus
1055 3282 1101 3323 et
1136 3274 1318 3323 iureiu-
1399 3276 1525 3325 cutio
1561 3274 1620 3323 de
1657 3274 1855 3338 pecunia
1892 3272 2132 3322 reddenda
2181 3272 2389 3322 instituta
2426 3281 2515 3334 est,

210 3338 364 3388 raudo.
442 3341 691 3390 Confectis
758 3341 987 3390 iudiciarii
1047 3350 1319 3392 contractus
1402 3357 1508 3392 cum
1546 3349 1746 3398 careret,
1791 3341 1975 3390 iurasse
2023 3341 2112 3390 sibi
2150 3341 2372 3390 conscius
2407 3356 2515 3390 esse

208 3404 366 3455 tabuiis
410 3410 769 3471 praescriptum
806 3416 908 3468 est,
945 3409 1057 3472 qnid
1093 3410 1316 3472 praedio·
1400 3411 1525 3470 velit,
1563 3425 1652 3459 nec
1687 3424 1760 3458 ne.
1810 3411 1915 3457 Sive
1946 3408 2181 3468 iuraverit,
2218 3409 2516 3458 siveiurasso

206 3486 301 3522 rum
334 3476 587 3537 obligaret,
624 3483 875 3539 praeterea
912 3491 1021 3526 vero
1050 3477 1161 3541 quid
1190 3478 1317 3527 iura-
1400 3494 1454 3528 se
1491 3485 1654 3539 neget,
1703 3491 1798 3527 non
1834 3483 2030 3538 curant;
2076 3476 2278 3525 iuratum
2317 3491 2517 3539 praesu-

205 3548 283 3588 ret.
346 3543 495 3593 iurari
546 3553 714 3593 autem
763 3544 1004 3607 oportuit,
1049 3544 1176 3608 quod
1225 3545 1318 3594 sibi
1401 3554 1550 3604 munt,
1587 3553 1629 3594 et
1667 3546 1769 3594 iure
1804 3552 2132 3608 praesumunt,
2167 3543 2403 3607 siquidem
2436 3544 2517 3594 itte

204 3607 333 3660 iurari
364 3612 589 3661 voluerat
628 3611 840 3660 creditor
864 3613 1056 3675 propria
1082 3613 1318 3676 supersti-
1399 3613 1586 3663 tab-tas
1622 3612 1925 3662 iurisiurandi
1962 3619 2109 3660 testes
2143 3612 2356 3673 signavit.

203 3677 329 3727 tione.
399 3681 717 3730 Christianus
776 3679 932 3741 lingua
993 3694 1087 3729 non
1135 3679 1316 3740 iuravit,
1466 3697 1508 3730 c.
1545 3681 1739 3730 Etbene
1757 3675 1908 3745 quod]
1947 3679 2018 3728 ct.
2054 3679 2215 3729 adnot.
2254 3679 2312 3727 ad
2349 3693 2452 3742 cap.
2467 3678 2518 3728 5.

200 3745 273 3793 ned
316 3747 505 3796 tabulas
555 3754 715 3797 testes
760 3747 877 3796 iuris
925 3747 1141 3804 iurandi,
1190 3747 1319 3811 quod
1469 3748 1516 3798 d.
1548 3743 1724 3813 teneri]
1773 3748 1900 3797 Haec
1935 3756 2010 3797 est
2041 3746 2244 3808 genuina
2281 3746 2522 3809 scriptura

199 3814 387 3864 creditor
422 3823 678 3878 exegerat,
713 3814 922 3876 signavit.
975 3814 1227 3875 Quaeritur
1259 3829 1317 3864 an
1400 3823 1610 3865 veterum
1649 3816 1908 3874 librorum,
1957 3828 2046 3878 pro
2094 3828 2186 3878 qua
2221 3813 2301 3862 alii
2338 3815 2522 3863 teneris.

198 3878 485 3933 idololatriae
552 3882 762 3933 crimine
826 3891 1058 3933 teneatur.
1127 3883 1322 3932 Debitor
1403 3883 1582 3933 Pendet
1618 3884 1695 3932 bic
1730 3883 1984 3932 infinitivus
2015 3882 2074 3930 ab
2106 3880 2411 3945 praecedenti
2444 3883 2521 3930 in-

197 3958 321 4008 urget
362 3966 417 4000 se
468 3949 669 4007 teneri,
719 3965 776 3998 eo
825 3951 933 4014 quia
964 3952 1199 4000 cautionis
1233 3965 1319 4000 seu
1403 3954 1517 4015 quit.
1584 3951 1663 3999 Fr.
1699 3950 1861 4000 lunius
1898 3949 2117 3998 adnotat:
2159 3948 2371 3998 Latinius
2406 3947 2520 4009 „Vi-

193 4016 377 4068 fiduciae
411 4020 802 4069 instrumentum
837 4018 1091 4079 signaverit
1125 4033 1218 4068 non
1244 4020 1320 4068 in·
1404 4020 1592 4078 dentur,
1640 4018 1822 4082 inquit,
1869 4016 2058 4068 recitari
2104 4016 2310 4066 Montani
2357 4016 2517 4076 verba,

194 4084 352 4144 quisito
400 4102 573 4150 neque
630 4086 871 4134 intellecto
920 4087 1031 4151 quid
1069 4095 1195 4135 esset
1231 4100 1319 4151 pro
1400 4086 1466 4136 ita
1514 4094 1565 4136 nt
1612 4087 1719 4135 aliis
1782 4086 1952 4135 litteris
2007 4083 2258 4134 scribenda
2305 4083 2518 4133 essent.“

189 4149 491 4203 iureiurando
574 4154 918 4216 perscriptum.
1002 4154 1322 4203 Tertullianus
1403 4154 1513 4204 nihi
1550 4169 1646 4203 non
1682 4153 1878 4213 videtur,
1913 4153 1998 4202 sed
2034 4166 2220 4201 summa
2252 4160 2326 4201 est
2348 4152 2517 4201 verbo-

190 4229 340 4270 contra
389 4222 557 4271 teneri
594 4220 699 4269 wit.
769 4222 887 4270 Nam
948 4236 1055 4271 cum
1112 4237 1320 4283 caveres,
1401 4236 1509 4272 rum
1547 4221 1751 4283 Christi,
1796 4236 1919 4285 qnae
1955 4221 2186 4269 habentur
2220 4219 2338 4269 iocis
2374 4233 2516 4284 qnam

187 4283 344 4350 inquit,
379 4291 546 4340 scisti.
605 4287 860 4338 Ethnicum
896 4290 1079 4339 scilicet
1113 4291 1319 4340 credito·
1404 4290 1639 4354 plurimis.
1694 4290 1902 4339 Pameiio
1940 4287 2193 4338 assentior.

184 4367 275 4405 rem
311 4358 674 4407 commodasse
702 4357 785 4406 tibi
824 4358 1071 4419 pecuniam
1107 4373 1161 4406 ea
1199 4358 1322 4420 iege,
1470 4372 1513 4407 e.
1572 4360 1750 4408 salsum
1797 4357 1941 4421 plane
1986 4353 2132 4417 efflei]
2187 4355 2354 4405 Levius
2401 4353 2519 4403 iilud

182 4429 229 4469 nt
260 4440 457 4475 averes
498 4433 553 4473 et
592 4424 877 4493 pignoribus
914 4434 961 4475 et
997 4425 1320 4475 iureiurando.
1405 4426 1614 4487 crimen,
1663 4427 1791 4490 quod
1824 4425 2112 4488 imputatur,
2165 4423 2339 4472 falsum
2374 4421 2520 4484 plane

180 4487 234 4539 Et
266 4507 374 4542 cum
410 4494 605 4552 scires,
642 4493 805 4557 utique
838 4492 1042 4543 vetuisti.
1078 4492 1291 4555 (Rigalt.)
1405 4494 1557 4553 effici,
1601 4494 1779 4558 qnippe
1826 4493 1954 4556 qnod
2002 4507 2095 4541 non
2132 4489 2400 4541 committas
2437 4502 2519 4565 ca-

239 4560 284 4609 b.
320 4576 377 4611 se
414 4562 557 4612 scire
600 4559 765 4609 volunt
788 4561 972 4610 scilicet
999 4570 1188 4625 tempus
1207 4576 1320 4625 per-
1401 4562 1571 4611 vendo.
1629 4561 1795 4610 Levius
1831 4561 2008 4610 crimen
2046 4567 2120 4609 est
2153 4559 2329 4632 iurare,
2366 4567 2520 4632 maius

179 4625 467 4694 secationis]
509 4629 710 4689 Negant
742 4628 814 4678 ilii
847 4643 902 4677 se
924 4628 1102 4679 iuratos
1123 4629 1320 4679 cavisse.
1404 4643 1578 4691 negare
1611 4629 1857 4678 dominum
1893 4627 2149 4677 Christum.
2196 4625 2377 4699 Scripsi
2411 4629 2519 4670 tan-

181 4693 317 4753 Quasi
353 4711 500 4761 vero,
540 4696 722 4760 inquit,
773 4704 990 4761 tempore
1022 4698 1320 4761 persecutio-
1404 4704 1521 4759 tum,
1556 4695 1727 4761 inquit,
1759 4709 1856 4745 non
1890 4694 2068 4756 iuravi3
2121 4707 2212 4742 nec
2243 4703 2394 4752 magis
2429 4703 2517 4740 ne-
