3263 5311
1135 426 1212 470 nt
1257 427 1494 472 ramo.
2360 413 2489 483 927

181 571 368 653 qnippe
407 590 518 634 nec
559 591 742 636 sucus
786 582 879 636 est
921 575 1160 656 corpori
1180 622 1196 651 ,
1245 575 1459 657 ¹⁷qu‘od
1501 576 1927 643 minutiorilum
1956 578 2145 642 milito
2185 578 2495 664 minuet·-

178 672 539 735 Chamaeleon
585 673 906 754 ¹⁹pellicula
949 676 1151 740 vivitr.
1239 677 1569 757 Capitulum
1613 679 1813 742 statim
1856 698 1893 741 a
1934 680 2155 756 dors03
2196 699 2334 744 nam
2378 682 2491 744 de·-

176 773 283 836 ficit
332 774 535 837 cervix.
631 775 837 856 ltaque
892 776 1108 839 durum
1163 779 1422 853 reflecti,
1487 779 1596 841 sed
1660 781 2096 861 circumspectu
2146 781 2489 845 ”emissicii

175 874 377 950 ocelli‘t,
431 875 616 937 immo
657 876 899 939 luminis
940 887 1159 959 puncta
1201 879 1575 959 vertigiuant.
1683 880 1919 954 HebeS,
1977 883 2209 956 sessus,
2265 883 2417 947 ’Ἧι
2454 902 2491 947 n

177 985 314 1039 terre
351 978 711 1057 suspendiv,
754 978 998 1042 molitur
1040 980 1339 1042 incessum
1385 988 1637 1060 enipeus
1675 980 1831 1044 ²¹¹’et
1857 991 2199 1062 promovet,
2243 984 2492 1063 gradum

172 1077 341 1156 magis
380 1078 760 1141 demonstrat.
790 1098 966 1159 quam
1012 1080 1294 1161 explicat,
1337 1080 1574 1145 ieiunus
1619 1076 1847 1144 scilicet
1887 1102 2129 1163 semper
2171 1093 2232 1145 et
2259 1083 2491 1149 ”inde-

169 1180 400 1255 fectus⁸;
445 1179 706 1242 oscitans
755 1181 1040 1254 vescitur,
1086 1180 1382 1244 l’ollicnnst
1426 1183 1718 1256 ruminat,
1764 1184 1838 1245 de
1885 1195 2061 1245 vento
2105 1184 2293 1248 cibus.
2367 1185 2490 1249 Ta·-

169 1299 295 1342 men
333 1288 387 1342 et
428 1281 807 1343 chamaeleon
847 1292 1080 1345 mutare
1127 1290 1318 1360 totus,
1375 1300 1486 1345 uec
1526 1282 1776 1356 ”alium
1842 1284 2054 1346 valeta.
2151 1284 2299 1348 Nam
2354 1302 2489 1349 cum

166 1381 246 1443 illi
284 1381 489 1443 coloris
534 1382 868 1463 proprietas
912 1402 1029 1445 unu
1073 1383 1186 1457 sit,
1253 1391 1320 1445 ut
1373 1384 1513 1464 quid
1558 1385 1839 1459 accessit,
1906 1385 2044 1447 iude
2102 1386 2490 1449 suffunditur.

163 1482 285 1545 Hoc
323 1483 430 1545 soli
469 1482 954 1546 ”chamaeleonti
998 1485 1232 1560 datum,
1300 1485 1464 1565 quod
1504 1484 1677 1564 vulgo
1736 1485 1957 1547 dictum
2014 1494 2141 1560 est,
2196 1487 2275 1549 de
2307 1486 2486 1549 corio

164 1603 272 1646 suo
309 1584 570 1648 ludere⁷.
645 1585 826 1647 Multa
869 1585 1182 1648 dicendum
1227 1586 1415 1661 fuitw,
1461 1595 1526 1648 ut
1567 1585 1640 1646 ad
1685 1568 1989 1647 hominem
2017 1587 2491 1667 ¹¹⁵prnestructim

165 1703 243 1752 27.
276 1702 402 1761 Quod
438 1719 537 1767 eyo.
623 1718 720 1767 qno
758 1704 867 1753 Boe.
941 1711 1000 1752 et
1035 1718 1130 1773 qno
1168 1706 1215 1753 d.
1251 1704 1368 1754 liber
1401 1705 1636 1754 Salmasii.
1724 1706 1803 1768 qui
1838 1705 2024 1769 reliqui.
2072 1751 2092 1783 ·.
2145 1705 2225 1756 18.
2262 1707 2414 1770 liquet
2446 1723 2489 1757 e.

159 1773 266 1821 licet
296 1772 471 1835 reliqui.
599 1769 675 1820 19.
725 1771 764 1820 si
814 1771 1043 1834 pellicula
1081 1760 1141 1824 d.
1185 1773 1304 1822 liber
1339 1772 1574 1821 Salmacis:
1691 1770 1773 1822 20.
1823 1771 2006 1834 hyemis
2053 1773 2183 1824 sicco
2232 1774 2353 1823 caeli
2401 1774 2489 1824 AB.

158 1838 324 1887 hiemis
356 1839 426 1887 sic
460 1830 601 1887 ocelli
626 1838 672 1888 G.
776 1837 855 1888 21.
895 1840 964 1887 vix
1002 1853 1055 1888 se
1092 1856 1116 1887 a
1153 1847 1282 1889 terra
1320 1854 1360 1889 c.
1448 1837 1576 1888 2112.
1615 1854 1705 1888 nec
1737 1842 1853 1889 Petr.
1871 1841 2158 1891 ciacconius.
2256 1840 2336 1890 22.
2379 1841 2490 1891 inde

155 1907 311 1955 fessus
342 1908 413 1956 ab.
516 1904 597 1953 23.
633 1904 765 1956 alind
796 1906 1009 1958 acceto.
1077 1907 1200 1956 alius
1237 1908 1308 1956 de.
1413 1905 1497 1955 24.
1535 1907 1848 1957 chamaeleon
1883 1908 1971 1958 AB.
2075 1908 2158 1958 25.
2194 1909 2489 1973 perstrictim

151 1974 243 2024 AB.
305 1973 616 2036 praestrictim
658 1974 703 2023 0.

150 2078 270 2137 ciqm
308 2077 520 2135 nominis,
583 2089 726 2138 qnam
778 2075 1010 2137 Rigaltins
1068 2075 1262 2140 quidem
1364 2074 1596 2135 cantes.“,
1638 2083 1685 2124 et
1720 2075 1858 2138 Apul.
1897 2076 2084 2127 Metam.
2124 2076 2281 2138 1¹,13
2315 2080 2489 2143 „solu-

150 2145 271 2192 mire
303 2143 503 2205 explicat
554 2142 936 2205 „impudentiam
999 2142 1263 2192 nominis.“
1365 2149 1521 2193 cantes
1557 2144 1736 2191 nares“
1774 2145 1903 2194 dixit.
2480 2202 2488 2208 .

147 2210 408 2260 Salmasius
433 2210 620 2259 volebat
639 2211 869 2260 eGrnecia
891 2213 1111 2270 nominis,
1151 2210 1198 2259 Ιι.
1219 2224 1262 2259 e.
1436 2222 1483 2256 u.
1521 2216 1707 2259 mutare
1729 2217 1875 2269 totus,
1897 2226 1987 2261 uec
2008 2209 2155 2270 aliud,
2183 2208 2329 2275 valet]
2366 2212 2486 2261 Cum

145 2277 352 2328 nominis
387 2292 412 2326 e
449 2278 664 2335 Graecia,
721 2278 930 2328 nominis
968 2277 1262 2328 Graecaniei.
1365 2274 1476 2325 talis
1513 2277 1592 2335 sit,
1630 2276 1799 2340 iuquit,
1834 2277 2145 2326 chamaeleon
2186 2279 2376 2341 qualem
2401 2278 2488 2327 de-

220 2360 265 2395 o.
316 2347 443 2408 quod
492 2346 830 2395 minutioribus
868 2345 1018 2394 multo
1074 2339 1266 2410 liquet]
1365 2343 1559 2406 scripsi,
1597 2342 1764 2403 hebes,
1802 2343 1980 2404 sessus,
2017 2345 2223 2405 ieiunus,
2260 2346 2329 2393 rix
2361 2347 2487 2397 vivus

143 2408 478 2463 minutioribus
516 2414 580 2461 eit
601 2412 823 2463 bestiolis
847 2427 1026 2476 corpus
1063 2413 1264 2476 liquere.
1367 2418 1415 2459 et
1448 2411 1675 2475 pellicula
1714 2417 1915 2471 tantum,
1953 2420 1999 2461 et
2034 2413 2246 2461 omnium
2281 2413 2488 2461 animal-

146 2481 338 2541 Vulgata
385 2480 625 2544 scriptura
673 2482 780 2530 licet
827 2481 899 2530 vix
947 2480 1091 2530 habet
1136 2479 1264 2530 unde
1365 2477 1585 2527 culorum
1644 2478 1985 2529 imbecillimus
2047 2487 2094 2529 et
2146 2479 2487 2539 inertissimus,

137 2547 418 2611 explicetur.

213 2630 270 2680 p.
309 2613 631 2666 Chamaeleon
687 2614 911 2679 pellicula
964 2610 1114 2682 vivit]
1162 2615 1262 2666 Etsi

135 2683 262 2735 nibil
309 2685 372 2732 sit
423 2683 554 2733 alind
602 2697 745 2746 quem
795 2683 1040 2746 pellicula,
1101 2692 1261 2733 tamen

131 2750 610 2869 1⁶:22.‘3{?:¹'.}...¹3
614 2752 1038 2879 ‘'1222'‘31‘15'033‘0
1065 2766 1261 2868 §.3:¹33

135 2888 194 2936 fl.
237 2885 289 2934 Δ.
327 2886 390 2945 ll,
413 2886 493 2935 11.
561 2885 768 2934 Salmas.
805 2887 852 2934 in
890 2886 1043 2936 Solin.
1081 2902 1129 2950 p.
1146 2884 1263 2935 613.

207 2969 256 3017 q.
294 2954 524 3003 emissicii
561 2948 729 3017 ocelli]
780 2953 998 3002 lmitatur
1045 2954 1264 3003 Plautum

126 3020 297 3071 Aulul.
321 3021 358 3080 l,
377 3022 421 3070 1.
442 3020 473 3071 2
510 3021 972 3083 „Circumspectatis
1008 3036 1115 3070 cum
1142 3035 1263 3071 ocu-

130 3090 197 3139 lis
248 3089 525 3139 emissiciis.
531 3089 564 3112 ‘⁸
645 3088 766 3138 Plio.
806 3087 836 3137 l.
876 3089 907 3137 Ι.
960 3088 1170 3150 „Figura
1219 3095 1269 3138 et

127 3157 470 3218 magnitudine
508 3156 716 3206 lacertae
752 3141 898 3216 erut,
910 3170 1002 3206 nist
1020 3171 1158 3206 crura
1184 3171 1265 3205 es-

125 3232 248 3273 sent
285 3234 419 3274 recta
457 3231 508 3273 et
539 3217 822 3282 excelsiora,
873 3223 1045 3273 modus
1081 3224 1266 3273 tardior

123 3300 184 3341 ut
223 3292 479 3351 testudini,
529 3305 706 3354 corpus
741 3305 967 3354 asperum
1007 3298 1059 3340 ut
1092 3305 1265 3341 eroco-

121 3359 256 3417 dilo,
294 3360 427 3409 oculi
463 3360 511 3408 in
548 3373 743 3408 recessu
782 3361 898 3416 cavi,
934 3360 1064 3409 tenui
1092 3359 1267 3409 discri-

117 3425 272 3477 mine
302 3426 654 3490 praegrandes,
707 3426 899 3490 corpori
950 3426 1266 3488 concolorea3

117 3508 390 3557 nunquam
427 3508 514 3543 eos
551 3494 707 3557 aperit
754 3509 842 3544 nec
891 3494 1124 3556 pupillam
1163 3508 1271 3543 mo·

113 3571 224 3619 vet,
261 3562 356 3611 sed
395 3561 545 3610 totius
580 3561 710 3611 oculi
754 3561 1024 3610 versatione
1076 3575 1272 3625 semper

111 3629 326 3692 aspicit.
404 3629 551 3678 Solus
585 3628 864 3678 animalium
912 3643 1001 3678 nec
1036 3629 1145 3679 cibo
1183 3643 1272 3678 nec

109 3704 250 3760 potu
308 3711 472 3760 neque
523 3696 620 3746 alio
668 3711 812 3760 quam
861 3698 988 3746 aeris
1039 3697 1270 3747 alimento

109 3764 408 3814 nutritnrst‘

193 3846 240 3880 ι·-
279 3833 362 3882 vix
400 3847 426 3881 a
462 3839 591 3881 terra
626 3826 905 3895 suspendit]
955 3830 1056 3880 Hoc
1092 3825 1167 3880 est
1213 3845 1268 3880 se

101 3899 418 3969 suspendit,
455 3906 507 3948 ut
537 3913 687 3963 snpra
723 3900 866 3963 stipat
900 3912 989 3961 pro
1025 3913 1077 3947 ae
1108 3900 1265 3963 stipae,

89 3957 405 4033 producunt
442 3981 531 4030 pto
562 3968 898 4031 producuntur,
938 3967 1141 4029 explicat
1177 3980 1267 4029 pro

97 4051 165 4085 se
207 4035 451 4098 explicet,
509 4035 632 4083 inira
668 4036 940 4085 effiminat
987 4047 1078 4097 pro
1114 4040 1268 4083 exter·

93 4104 362 4163 an'natur,
392 4101 588 4150 similia.
641 4102 806 4152 Possis
823 4109 986 4151 tamen
1003 4108 1053 4150 et
1081 4109 1269 4150 struere

97 4175 176 4234 agi
218 4177 528 4233 sequentem
565 4184 665 4220 voc.
701 4173 944 4220 mensum.

183 4251 235 4285 s.
276 4243 333 4286 et
357 4231 660 4300 indefectus]
696 4236 752 4286 Et
788 4244 947 4286 tamen
983 4235 1270 4286 indefectus.

93 4305 184 4354 De
212 4303 358 4364 virg.
380 4304 580 4353 Veland.
620 4318 725 4367 cap.
746 4302 829 4364 8,
833 4304 984 4364 ,nulla
1019 4305 1095 4354 sui
1132 4311 1269 4369 parte

87 4369 435 4437 defeetumff‘

179 4447 221 4488 t.
266 4432 537 4502 follicans]
573 4438 627 4487 ln
665 4438 861 4487 modum
897 4436 1031 4488 lollis
1058 4440 1269 4494 inflatus.

84 4505 352 4567 (Rigalt.)
408 4506 562 4556 Utitur
597 4507 690 4556 hoc
723 4505 954 4556 vocabulo
992 4506 1136 4556 etiam
1156 4508 1269 4557 Hie-

83 4588 373 4637 ronymus
426 4573 577 4635 Epist.
614 4571 695 4622 22.
756 4587 804 4622 ιι.
841 4572 922 4622 34.
982 4573 1042 4622 ad
1094 4574 1270 4624 Eusto-

84 4642 328 4694 chium:
391 4640 584 4703 „Laxae
621 4640 855 4703 manicae,
901 4639 1084 4714 caligae
1135 4643 1270 4705 solli·

1366 2555 1551 2594 mutare
1574 2553 1733 2595 tamen
1751 2554 1879 2595 totus
1893 2546 2187 2606 valet.(Salm
2210 2548 2227 2607 )
2247 2548 2343 2598 Nec
2358 2549 2487 2597 aliud

1365 2612 1612 2679 quippiam
1654 2621 1904 2678 tantopere
1943 2615 2067 2665 valet
2104 2629 2245 2679 quiam
2284 2624 2487 2667 mutare.

1433 2697 1471 2730 v.
1508 2682 1568 2731 de
1589 2684 1725 2732 corio
1756 2697 1845 2731 suo
1877 2680 2082 2743 ludere]
2124 2684 2225 2732 lloc
2260 2684 2488 2734 nimirum

1364 2749 1526 2798 datum
1576 2751 1926 2799 chamaeleonti
1975 2750 2103 2813 qnod
2152 2750 2315 2812 specie
2369 2765 2487 2814 pro-

1362 2816 1507 2866 verbii
1544 2816 1643 2877 „de
1680 2819 1812 2865 corio
1851 2832 1940 2866 sno
1980 2817 2202 2877 ludere“,
2245 2825 2292 2865 et
2329 2819 2488 2867 facere

1366 2884 1596 2947 quicquid
1634 2883 1867 2934 collibuit.
1915 2885 2113 2942 (Ludov.
2145 2884 2205 2933 de
2231 2884 2275 2933 la
2297 2884 2489 2945 Corda.)

1368 2949 1675 3001 Proverbium
1732 2960 1834 3001 erat
1878 2951 1984 3013 „De
2032 2953 2191 3001 alieno
2242 2953 2374 3001 corio
2412 2953 2489 3001 lu-

1368 3017 1520 3067 dere“
1571 3019 1617 3068 in
1658 3034 1741 3067 eos
1796 3021 1876 3083 qni
1924 3020 1985 3069 de
2033 3019 2192 3069 alieno
2243 3019 2488 3070 liberales.

1370 3085 1490 3135 Hinc
1506 3079 1755 3151 δημιῶδες-
1773 3086 1893 3136 illud
1915 3087 2042 3150 apud
2075 3102 2165 3135 nos
2200 3087 2306 3146 „De
2329 3088 2489 3137 alieno

1367 3155 1503 3202 corio
1539 3154 1689 3204 latum
1718 3156 1908 3204 lorum.‘
1897 3156 1928 3178 ‘⁴
1980 3154 2033 3202 Αι
2058 3155 2370 3204 chamaeleon
2392 3169 2489 3204 uon

1366 3220 1428 3270 de
1463 3220 1642 3281 alieno,
1679 3223 1765 3271 sed
1802 3224 1862 3271 de
1898 3237 1987 3271 suo
2012 3223 2058 3284 pl
2067 3237 2155 3271 πω
2186 3223 2321 3273 corio
2350 3222 2489 3281 ludit,

1368 3288 1497 3351 quod
1534 3290 1596 3338 ita
1634 3303 1724 3352 pro
1762 3288 1897 3339 libito
1947 3291 2203 3353 versipelle
2257 3289 2401 3339 babet
2435 3305 2493 3339 ae

1368 3356 1607 3406 versatile.
1680 3356 1909 3406 Martialis
1957 3353 2063 3420 [lib.
2095 3358 2189 3416 1111,
2226 3359 2377 3421 epigr.
2414 3351 2491 3422 9.]

1368 3423 1428 3472 ad
1474 3423 1594 3472 illud
1646 3425 1951 3486 proverbium
2001 3425 2192 3476 allusit.
2261 3451 2373 3484 „—-
2423 3449 2494 3460 -
2564 3445 2571 3454 ·

1372 3489 1500 3550 Olle,
1537 3492 1651 3554 quid
1677 3493 1736 3541 ad
1756 3500 1803 3542 te
1824 3491 1890 3540 De
1909 3500 2020 3541 cute
2044 3493 2156 3555 quid
2195 3493 2372 3543 iaciant
2407 3491 2492 3541 ille

1372 3558 1443 3607 rel
1481 3558 1564 3607 ille
1597 3558 1740 3608 sua.“
1765 3561 1959 3619 (Salm.)
2008 3560 2336 3610 Tertullianus
2372 3559 2495 3610 ludit

1372 3626 1420 3676 iu
1458 3628 1713 3689 proverbio
1751 3628 1844 3677 boc
1879 3628 1940 3678 ad
1963 3629 2373 3679 chamaeleontem
2402 3627 2491 3676 de·

1370 3695 1661 3757 torquendo.
1746 3695 1969 3754 „Ludere
2029 3698 2155 3745 enim
2213 3697 2273 3745 de
2331 3695 2492 3744 alieno

1369 3761 1541 3810 eorio“
1578 3762 1816 3822 significat
1848 3777 2021 3812 secure
2056 3777 2198 3825 egere
2218 3763 2377 3812 alieno
2404 3775 2492 3824 pe-

1370 3828 1540 3877 riculo.
1590 3828 1673 3878 Sic
1708 3830 1913 3888 „ludere
1949 3830 2008 3878 de
2045 3844 2135 3879 sno
2157 3830 2325 3879 corio“
2362 3834 2495 3878 esset

1368 3909 1541 3945 secure
1577 3910 1721 3959 agere
1769 3911 1858 3947 suo
1906 3896 2140 3961 periculo,
2193 3896 2324 3960 quod
2372 3894 2492 3944 nihil

1371 3963 1431 4012 ad
1468 3976 1588 4012 rem.
1642 3964 1846 4013 lnl'racte
1882 3964 2026 4024 igitur
2062 3965 2301 4027 proverbii
2337 3964 2377 4012 vi
2416 3962 2493 4012 ln-

1369 4031 1440 4080 dit
1473 4030 1785 4080 solummodo
1839 4032 1959 4094 ipsis
1995 4032 2241 4081 vocabulis
2276 4031 2380 4080 eius
2416 4031 2494 4079 lu-

1370 4100 1479 4149 dere
1514 4106 1562 4147 et
1597 4101 1741 4148 corio.
1790 4098 2115 4148 Chamaeleon
2135 4100 2258 4148 ludit
2277 4099 2337 4149 de
2358 4098 2493 4148 corio

1369 4180 1461 4215 suo
1498 4166 1612 4215 dum
1652 4174 1803 4215 mutat
1837 4166 2090 4230 variosque
2127 4181 2323 4230 semper
2357 4165 2495 4214 colo-

1370 4248 1452 4283 res
1500 4235 1707 4284 indueus
1755 4234 1815 4283 de
1860 4248 1970 4283 vero
2030 4235 2151 4284 corii
2199 4232 2496 4284 sui‘colore

1368 4303 1693 4366 spectantium
1729 4300 1899 4352 oculos
1947 4301 2123 4353 illudit.
2203 4302 2275 4353 Cf.
2313 4304 2373 4352 de
2409 4299 2495 4349 illo

1371 4370 1646 4432 proverbio,
1698 4371 1741 4419 si
1788 4371 1965 4434 placet,
2012 4371 2157 4420 etiam
2206 4371 2497 4431 interpretes

1284 4438 1304 4461 ⁸
1369 4438 1430 4487 ad
1448 4436 1651 4486 Eartial.
1678 4437 1762 4496 111,
1785 4437 1860 4488 16.
1882 4438 2079 4501 etApul.
2098 4439 2284 4487 fletam.
2300 4437 2397 4494 vu,
2418 4434 2496 4483 11.

1438 4519 1495 4551 ιι.
1534 4504 1676 4553 Multa
1726 4473 1980 4555 dicendum
2031 4500 2143 4570 l'uit]
2200 4496 2379 4552 Πολλὰ
2424 4492 2498 4551 el·

1371 4566 1581 4636 ρςτέον.
1661 4571 1742 4621 Sic
1777 4574 1903 4622 inira
1954 4587 2059 4636 cap.
2078 4572 2113 4622 4
2159 4573 2499 4635 „Physconem

1371 4648 1421 4691 et
1453 4639 1839 4704 Sardanapalum
1873 4640 2133 4692 tacendum
2163 4640 2292 4691 est.“

3178 818 3181 857 v.
3178 703 3179 731 ᾼ
3178 662 3181 671 Ἴ
3170 442 3181 601 ..Ἴ-ιι...-
3170 328 3181 411 μ...-
