3263 5311
1074 445 1148 488 sn
1192 443 1485 490 miriones
1530 448 1646 491 un.
1677 448 1722 491 1.
2442 435 2570 503 313

228 611 393 666 mus,
441 591 890 664 abstinentiam,
946 611 1064 674 qua
1106 594 1182 657 ab
1224 596 1415 662 alieno
1462 605 1895 678 temperamus.
1959 599 2332 679 pudicitiam,
2369 611 2574 683 'quam

228 712 337 755 nec
366 692 559 755 oculis
588 694 1091 769 contaminamus,
1129 695 1633 772 misericordiam,
1668 717 1782 778 qua
1809 717 1992 779 super
2019 699 2350 779 indigentes
2381 703 2571 766 flecti-

226 812 392 868 mur,
440 793 632 873 ipsam
674 794 1012 870 veritatem,
1056 813 1172 876 qua
1212 796 1602 873 offendimus,
1662 799 1853 880 ipsam
1893 797 2256 875 libertatem,
2301 821 2413 883 pro
2455 823 2572 884 qua
2639 808 2646 816 ’

227 894 383 956 mori
425 893 750 957 novimus?
836 896 953 970 Qui
996 896 1118 958 vult
1155 897 1498 977 intellegere
1538 899 1639 977 qui
1683 898 1857 961 ¹⁶sint
1899 900 2251 976 Christiani,
2294 903 2429 967 istis
2473 905 2570 966 in·

229 995 461 1058 dicihus
506 1002 705 1057 utatur
742 1015 992 1059 necesse
1035 1006 1149 1060 est.

398 1096 575 1168 Quod
621 1114 764 1176 ergo
808 1097 1035 1160 dicitis:
1098 1097 1353 1164 Pessimi
1396 1107 1457 1161 et
1496 1098 1952 1180 probrosissimi
1995 1101 2261 1175 avaritia,
2318 1102 2567 1180 luxuria,

228 1195 655 1275 improbitate·,
698 1213 823 1259 non
866 1199 1210 1277 negabimus
1252 1200 1563 1280 quosdam.
1647 1200 1877 1262 Sufficit
1918 1209 1979 1262 et
2019 1201 2134 1262 boc
2174 1201 2247 1263 ad
2288 1202 2565 1265 testimo-

226 1297 391 1359 nium
435 1297 694 1359 nominis
738 1298 961 1373 nostri,
1020 1300 1070 1361 si
1126 1318 1247 1364 non
1289 1318 1536 1375 omnes,
1574 1285 1657 1363 'si
1701 1319 1823 1362 non
1865 1301 2090 1381 plures.
2177 1302 2434 1366 Necesse
2476 1312 2571 1366 est

226 1397 285 1458 in
331 1415 617 1478 corpore,
666 1400 761 1459 ¹et
801 1409 1084 1506 quantum
1108 1401 1277 1463 ·velis
1319 1402 1550 1480 integro
1596 1411 1698 1464 aut
1737 1401 1950 1481 purch,
1994 1402 2112 1463 'uti
2142 1421 2360 1465 naevus
2389 1403 2569 1482 aliqui

226 1498 555 1559 efl'mficet‘
599 1509 700 1561 aut
742 1489 1047 1564 verrucula
1101 1510 1377 1580 exsurgat
1430 1510 1532 1564 aut
1585 1502 1804 1581 lentigo
1862 1503 2227 1565 sordescat¹.
2332 1504 2569 1566 Caelum

226 1599 424 1678 ipsum
466 1600 627 1679 nulla
670 1601 963 1664 serenitas
1007 1608 1124 1663 tam
1166 1603 1387 1664 colata·
1416 1599 1661 1682 purgat,
1704 1612 1922 1665 utnon
1951 1603 2196 1664 alicuius
2226 1603 2569 1666 'nubiculae

226 1701 475 1761 flocculo
521 1701 903 1780 resignetur&
1002 1700 1227 1765 Modica
1282 1703 1505 1765 macula
1560 1703 1625 1764 in
1682 1704 1909 1775 fronte,
1977 1703 2040 1763 in
2094 1711 2264 1782 parte
2318 1703 2568 1782 quadam

2605 1110 2710 1167 Cap.
2739 1111 2790 1156 V.

226 1803 580 1881 exemplari⁸
622 1802 811 1874 “visa,
857 1822 889 1863 a
935 1822 1053 1883 quo
1099 1804 1452 1866 universitas
1496 1804 1716 1866 munda
1759 1812 1870 1864 est.
1959 1803 2144 1865 Maior
2185 1803 2328 1866 boni
2368 1804 2567 1883 po'rtio
2630 1796 2644 1809 ⁹

226 1902 457 1963 modico
500 1903 659 1964 malo
703 1903 775 1963 ad
834 1903 1238 1966 testimonium
1296 1903 1389 1966 sui
1446 1904 1652 1966 utitur.
1749 1903 1899 1964 Cum
1958 1911 2151 1965 tamen
2207 1904 2437 1983 aliquos
2493 1904 2567 1966 de

226 2003 447 2064 nostris
516 2004 702 2065 malos
754 2004 1063 2083 probatis,
1131 2004 1247 2066 iam
1301 2005 1419 2066 boc
1472 2005 1606 2084 ipso
1665 2003 2031 2066 Christianos
2099 2021 2219 2065 non
2275 2003 2566 2084 probatis.

227 2103 501 2175 Quaerite
556 2104 815 2166 ‘sectam
866 2106 963 2166 cui
1016 2104 1272 2167 malitiae
1326 2104 1703 2185 deputatur&
1811 2105 1933 2185 Ipsi
1988 2104 2050 2165 in
2106 2104 2453 2183 conloquio,
2511 2104 2566 2166 si

230 2287 306 2338 ¹6·
336 2291 559 2419 23dess-
645 2357 704 2416 ‚1.
741 2365 788 2407 et
820 2360 921 2422 Αφ.
963 2361 1013 2407 ia
1048 2361 1252 2420 margine
1286 2360 1344 2408 ab
1381 2359 1538 2408 eadem
1571 2373 1726 2407 manu.

227 2429 306 2470 aut
337 2422 503 2472 inevns
532 2426 583 2474 A.
655 2431 708 2474 ut
743 2438 918 2475 naevus
954 2427 1028 2476 ab.
1133 2424 1180 2474 3.
1217 2424 1471 2475 nubiculae
1506 2426 1616 2475 Aah.
1689 2422 1955 2473 nubeculae
1991 2425 2090 2474 alii.

224 2505 319 2553 eya.
391 2491 515 2552 visa,
551 2506 647 2555 quo
687 2494 730 2542 b.
801 2493 886 2542 vis.
935 2507 1062 2557 aquo
1094 2495 1177 2544 Aa.
1733 2498 1864 2542 secta
1901 2493 1945 2541 h.

1843 2354 1891 2405 2.
1942 2357 2007 2406 uti
2059 2371 2234 2406 naevus
2283 2357 2428 2420 aliqui
2464 2373 2566 2418 eqo.

2196 2423 2246 2473 4.
2283 2425 2400 2483 viss,
2420 2439 2446 2473 a
2467 2438 2563 2488 quo

1280 2493 1328 2542 5.
1365 2499 1545 2543 sectam
1579 2492 1663 2542 Aa.

224 2637 328 2673 vero
364 2639 474 2675 cum
513 2625 636 2675 hanc
666 2628 1169 2696 primamyapientimn
1202 2627 1342 2679 restit
1441 2625 1505 2677 28
1568 2626 1773 2689 „signat
1826 2624 1969 2687 igitur
2021 2624 2266 2674 bominem
2320 2638 2563 2688 nunquam

224 2690 310 2748 (sc.
354 2694 613 2757 pallium),
665 2709 791 2758 quae
844 2695 1112 2745 vanissimis
1164 2710 1339 2759 super-
1441 2696 1568 2758 apud
1590 2710 1645 2744 se
1666 2696 1963 2756 resignatam,
2002 2694 2124 2742 lavat
2150 2691 2394 2740 bominem
2438 2706 2563 2741 nun-

223 2759 490 2810 stitionibus
526 2762 711 2820 renuit,
764 2770 877 2811 tunc
929 2762 1196 2812 certissime
1231 2764 1338 2826 pal-
2282 2757 2296 2781 ‘
2349 2757 2565 2816 lbid.1V,

227 2824 339 2874 lium
373 2840 523 2891 super
556 2834 727 2878 omnes
764 2830 953 2879 exuvias
968 2829 1002 2854 “
1038 2837 1149 2880 cett.
1218 2829 1340 2879 Huic
1445 2829 1506 2877 10
1533 2829 1793 2890 „resiyaati
1811 2826 1972 2875 ieiunii
2003 2824 2195 2888 culpam
2224 2823 2564 2888 deprecatione

226 2895 423 2955 opponit
442 2894 526 2943 lib.
554 2896 610 2955 ΙΙ,
648 2897 804 2960 cap.2
842 2913 1046 2957 „metm
1066 2899 1340 2962 sapientiam
1440 2895 1686 2945 delesse.“
1725 2894 1790 2941 De
1828 2893 1950 2954 virg.
1987 2892 2179 2943 veland.
2216 2906 2322 2954 cap.
2348 2890 2379 2939 5
2418 2904 2564 2950 „cum

228 2960 641 3025 philosophorum,
677 2965 813 3013 cuius
838 2964 1160 3015 iulii-mitatem
1189 2964 1336 3013 multa
1437 2962 1754 3024 virginitatem
1790 2955 2130 3022 resiymsee.“
2198 2957 2265 3006 De
2299 2954 2563 3007 Paeniteat.

226 3028 606 3077 contestantnr‚“
640 3031 903 3090 (Gotholr.)
1160 3030 1172 3042 '
1444 3044 1548 3091 cap.
1585 3029 1619 3078 4
1670 3027 2052 3091 „paenitentiam
2100 3048 2164 3059 —
2200 3049 2269 3081 2-—
2319 3038 2563 3088 nunquam

289 3095 405 3157 Cap.
445 3096 497 3145 V.
532 3096 604 3146 Cl'.
637 3098 843 3162 Apolog.
878 3114 982 3163 cap.
1000 3097 1068 3159 2.,
1103 3113 1210 3162 cap.
1237 3098 1341 3159 44„
1442 3096 1650 3160 posthac
1686 3095 1935 3144 iteratione
1971 3091 2133 3141 delicti
2157 3093 2387 3155 renouari
2412 3105 2563 3156 opor-

220 3175 321 3225 (ορ.
356 3161 438 3212 46.
1443 3163 1599 3214 tere.“
1653 3161 1877 3211 prudent.
1904 3159 2204 3222 adv.Symm.
2233 3158 2270 3217 1,
2302 3157 2368 3207 90
2404 3157 2563 3217 „Tra-

1442 2776 1584 2825 quam
1622 2762 1749 2824 apud
1784 2775 1838 2808 se
1876 2752 2274 2822 coinquinatum.'‘

280 3244 323 3279 a.
345 3227 686 3297 improbitate]
717 3232 916 3281 Pessimi
934 3247 1019 3282 vos
1043 3234 1178 3290 estis,
1200 3231 1341 3282 Chri·

214 3297 368 3358 suani,
411 3305 459 3348 et
488 3298 857 3362 probrosissimi
893 3300 1105 3361 avaritia,
1140 3299 1344 3361 luxuria,

214 3364 543 3427 improbitate.
562 3368 569 3373 '
1080 3408 1085 3415 ,

277 3431 322 3480 b.
371 3440 619 3497 quantum
669 3431 784 3482 velis
830 3432 1016 3495 integre
1065 3439 1147 3482 aut
1195 3429 1343 3497 puro]

206 3498 534 3557 Quantumvis
569 3501 755 3561 integro
791 3508 873 3555 aut
908 3514 1049 3563 puro.
1302 3537 1309 3541 ·

270 3582 309 3615 c.
335 3564 614 3629 effruticet]
651 3567 831 3617 Eodem
856 3568 1003 3617 verbo
1045 3569 1208 3626 utitur,
1252 3567 1341 3617 sed

202 3635 478 3695 musitive,
544 3633 616 3682 De
649 3636 816 3683 Anima
864 3649 966 3697 cap.
1005 3632 1069 3683 27
1120 3634 1340 3695 „semina

208 3699 452 3751 bominem
492 3715 553 3751 ex
607 3709 808 3765 utraque
860 3701 1127 3751 substantia
1162 3703 1342 3765 effutti-

140 3826 153 3837 “
271 3835 317 3885 d.
366 3837 560 3898 lentigo
619 3829 913 3899 sordescat.]

205 3901 399 3951 sordida
439 3901 711 3953 exoriatur.
747 3901 885 3950 Amat
912 3901 1237 3951 Tertullianus
1260 3916 1341 3951 res

205 3967 263 4017 ab
296 3970 475 4019 effectu
517 3976 609 4017 aut
643 3968 703 4017 ab
739 3969 986 4018 accidente
1022 3968 1272 4019 denotare.

268 4050 307 4084 e.
345 4036 602 4086 serenitas
638 4042 733 4084 tam
771 4034 953 4098 colata]
1003 4035 1169 4086 Celata
1204 4049 1341 4084 sere-

202 4101 325 4151 nitas
351 4111 432 4152 est
458 4116 611 4166 pura,
636 4102 775 4164 quasi
791 4101 1053 4152 defaecata.
1089 4102 1158 4151 De
1173 4102 1341 4152 Anima

203 4182 305 4232 cap.
342 4168 377 4220 9
400 4168 645 4232 ⁸„Berylli
679 4170 911 4218 fluctuant
945 4170 1095 4219 colato
1133 4167 1342 4218 nitore.“

201 4233 318 4285 ibid.
354 4251 469 4300 cap.
484 4234 578 4286 48.
617 4236 863 4296 „certiora
890 4244 937 4285 et
956 4237 1183 4287 colatiora
1207 4234 1342 4285 siim·-

201 4300 321 4350 uiari
359 4304 620 4352 affirmant
654 4302 745 4351 sub
782 4303 968 4352 extimis
1003 4301 1280 4353 noctibus.“

266 4370 302 4418 f.
342 4378 399 4419 ut
434 4384 543 4419 non
585 4368 787 4418 alicuius
841 4369 1096 4419 nubiculae
1131 4368 1340 4419 flocculo

200 4430 527 4500 resignetur]
597 4435 836 4498 Reaiqnari
870 4434 917 4485 b.
937 4437 969 4486 l.
1007 4445 1082 4486 est
1113 4450 1205 4501 pro
1238 4435 1343 4485 vio·—

980 3835 1027 3884 h.
1064 3849 1107 3883 e.
1160 3832 1340 3895 lentigo

198 4498 305 4561 lari,
340 4502 541 4552 turbari
582 4502 654 4550 vel
692 4503 952 4563 maculari,
998 4514 1107 4553 cum
1144 4503 1343 4566 proprie
1368 4542 1379 4555 .

199 4564 263 4617 sit
290 4570 581 4627 recludere,
620 4570 827 4633 aperire,
864 4570 1042 4630 laxare,
1083 4570 1342 4628 resolvere,

199 4632 488 4686 dissolvere.
529 4633 623 4685 Cf.»
648 4634 849 4689 Tertull.
882 4636 994 4687 Λᾶν.
1042 4636 1270 4687 Ιιιτίοιι.
1304 4635 1344 4696 1,

1444 3232 1572 3280 ditur
1608 3230 1838 3278 extinctas
1873 3234 2092 3291 sumptae
2119 3225 2448 3275 moderamine
2469 3226 2565 3274 vir-

1442 3313 1530 3361 gae
1568 3297 1619 3345 ln
1657 3296 1813 3345 lucem
1851 3308 2103 3344 revocasse
2148 3293 2361 3350 animas,
2410 3293 2563 3356 Cocy-

1443 3366 1541 3414 tbia
1579 3364 1695 3414 lethi
1734 3363 1842 3412 lura
1875 3364 2153 3426 resiynasse,
2193 3374 2386 3409 sursum
2424 3374 2562 3409 revo-

1443 3432 1655 3481 lantibus
1692 3430 1928 3480 umbris.“
1966 3429 2177 3478 Lactaut.
2206 3427 2323 3477 lust.
2353 3426 2563 3484 Div.vn‚

1442 3498 1509 3549 22
1544 3499 1709 3559 „Eos,
1756 3497 1838 3560 qui
1882 3495 2261 3555 resurrexerint,
2314 3509 2404 3544 nec
2440 3495 2562 3543 mori

1443 3568 1536 3615 iam
1559 3566 1760 3615 ulterius
1799 3565 1888 3623 τηε,
1927 3570 1978 3611 ιιι
1999 3563 2188 3612 beatam
2212 3561 2403 3626 possint
2421 3575 2564 3623 agere

1442 3634 1602 3691 vitam,
1639 3646 1843 3696 quorum
1874 3642 2006 3680 mors
2026 3631 2261 3691 resignata
2293 3628 2421 3677 est-‘⁴
2470 3628 2563 3679 Pro
2628 3672 2641 3687 ,

1441 3701 1704 3759 nubiculae,
1758 3697 1886 3762 quod
1927 3697 2052 3746 liber
2080 3696 2316 3757 Agabardi
2344 3695 2561 3759 praebet,

1443 3767 1494 3816 in
1527 3766 1730 3827 vulgatis
1768 3772 1842 3813 est
1868 3764 2137 3813 nubeculae.
2186 3762 2246 3810 Ut
2268 3762 2328 3810 ab
2352 3762 2482 3809 aedis
2517 3768 2566 3809 et

1442 3835 1570 3883 veliis
1625 3832 1878 3881 deducitur
1924 3828 2138 3879 &diruta
2189 3834 2238 3876 et
2286 3828 2559 3887 vehiculum,

1441 3900 1506 3977 ita
1544 3899 1603 3947 ab
1637 3899 1776 3947 aubis
1810 3894 2150 3956 (want-Merc-
2167 3893 2219 3953 V,
2255 3890 2303 3941 2.
2339 3890 2441 3952 38.)
2477 3909 2566 3942 nu-

1442 3966 1643 4095 bwgfain
1678 4037 1814 4093 parte
1851 4026 2055 4092 quadam
2093 4021 2379 4090 exemplari]
2452 4026 2560 4076 voc.

1442 4099 1696 4163 exemplari
1729 4111 1827 4146 non
1863 4102 1937 4144 est
1971 4092 2202 4156 genitivus
2247 4093 2568 4152 stubstantivi,

1445 4167 1491 4216 id
1528 4166 1658 4229 quod
1696 4169 1975 4228 putaverant
2008 4158 2332 4210 Gotbol'redus
2381 4168 2428 4209 et
2463 4160 2567 4219 alii,

1443 4233 1532 4283 sed
1568 4241 1643 4282 est
1676 4231 1908 4293 ablativus
1942 4227 2173 4288 adiectivi.
2213 4226 2566 4289 Significatigi-

1444 4306 1746 4415 turhpartem
1774 4295 2177 4414 Υορυερὲἰυαῖὧι
2203 4296 2519 4425 I{urguentiem
2540 4386 2565 4396 -

1444 4401 1575 4483 ιω..
1600 4374 1904 4496 ἳὲρῗὲῖἓὲῗ
1921 4374 2565 4490 ...Ρὲωωῖψὲζῖιηῗῗη

1445 4499 1505 4549 de
1541 4507 1702 4549 sectae
1747 4499 1912 4557 regula
1962 4494 2246 4545 exorbitare.
2317 4494 2386 4544 De
2419 4494 2566 4543 verbo

1445 4568 1691 4633 deputare,
1759 4565 2057 4615 Tertulliano
2111 4561 2451 4622 usitatissimo,
2503 4559 2570 4611 cf.

1449 4633 1612 4683 adnot.
1650 4632 1709 4682 ad
1744 4632 1813 4681 De
1851 4632 1970 4682 ldol.
2007 4643 2112 4692 cap.
2146 4629 2198 4679 4.
