3263 5311
2380 448 2506 513 847

161 610 350 674 baudo
397 628 574 691 quam
617 610 718 691 qui
763 611 1097 675 dimicando
1143 613 1502 678 cecidertmt.
1566 615 1811 696 ”Urget
1850 631 1964 678 nos
2010 615 2207 678 dicere
2250 615 2511 696 indigni-

157 721 266 774 tas.
347 710 756 774 Contaminata
798 714 1002 792 potius
1046 733 1302 795 corpora
1343 716 1653 784 revocabis
1709 735 1885 798 quam
1929 724 2251 779 cruentata.
2341 717 2509 790 Quae

151 812 511 893 paestitentia
552 812 979 891 miserabilior,
1027 815 1315 878 titillatam
1357 826 1751 895 prosternens
1795 835 2065 890 carnem,
2109 836 2184 879 an
2227 835 2373 902 vero
2415 817 2505 879 la-

155 911 421 976 niatam?
511 913 677 987 Quae
719 915 940 1004 iustior
981 916 1147 979 venia
1194 917 1253 979 in
1301 917 1578 981 omnibus
1624 920 1854 994 causis,
1899 937 2073 998 quam
2118 919 2507 993 voluntarius,

155 1014 288 1076 ”an
330 1032 505 1095 quam
549 1014 768 1078 invitus
812 1025 1088 1096 peccator
1130 1017 1456 1098 implorat?
1518 1019 1709 1082 Nemo
1753 1019 1961 1082 volens
1993 1037 2211 1099 negare
2239 1020 2508 1101 compel-

154 1115 329 1189 litur,
383 1133 561 1178 nemo
605 1116 818 1180 nolens
863 1117 1263 1181 ”fornicatum
1370 1120 1540 1183 Nulla
1596 1121 1669 1183 ad
1713 1121 2019 1186 libidinem
2064 1121 2154 1182 vis
2200 1129 2323 1195 est,
2389 1121 2509 1184 nisi

117 1217 312 1296 -ipsa3
368 1217 564 1280 nescit
604 1217 971 1299 ”quodlibet
1012 1221 1164 1299 cogi.
1269 1220 1656 1301 Negationem
1711 1235 1933 1303 porro⁰
1978 1230 2194 1301 quanta
2238 1222 2506 1302 compel-

145 1318 280 1380 lunt
322 1318 558 1399 ingenia
602 1318 949 1382 ³¹carniflcis
993 1330 1054 1382 et
1097 1340 1314 1401 genera
1357 1320 1736 1403 poenarum?
1826 1323 1975 1396 Quis
2022 1322 2208 1402 magis
2248 1322 2503 1403 negavit,

146 1420 252 1500 qui
299 1419 601 1483 Christum
645 1428 921 1493 vexatuS,
967 1440 1040 1483 an
1086 1422 1187 1501 qui
1230 1422 1556 1485 delectatus
1598 1422 1843 1486 amisit?
1888 1425 1987 1503 qui
2032 1442 2164 1485 cum
2208 1422 2503 1485 ‘'amitte-

141 1529 298 1583 teret
345 1521 566 1596 doluit,
634 1539 710 1582 an
753 1521 853 1601 qui
897 1541 1030 1584 cum
1075 1524 1369 1585 amitteret
1408 1522 1600 1586 lusit?
1666 1524 1740 1586 Et
1781 1532 1979 1592 tamen
2023 1523 2155 1585 illae
2197 1524 2501 1588 cicatrices

143 1621 490 1686 Christiano
533 1621 766 1701 proelio
812 1621 1172 1704 insculptae,
1222 1631 1282 1684 et
1321 1625 1523 1704 utique
1567 1624 1895 1688 invidiosae
1940 1625 2094 1705 apud
2140 1624 2501 1699 christum,

142 1722 283 1802 quia
327 1721 546 1796 yicisse
588 1722 933 1802 cupierunt,
983 1732 1044 1785 et
1086 1721 1175 1786 sic
1216 1743 1451 1805 quoque
1494 1726 1825 1806 gloriosae,
1870 1727 2007 1806 quia
2050 1744 2174 1786 non
2213 1725 2500 1787 vincendo

137 1832 496 1895 cesserunt,
543 1822 604 1884 in
649 1842 796 1903 quas
842 1824 1034 1886 adbuc
1076 1835 1136 1887 et
1177 1825 1448 1888 diabolus
1493 1827 1623 1908 ipse
1666 1826 1961 1906 suspirat,
2019 1845 2151 1888 cum
2194 1845 2300 1888 sua
2344 1827 2498 1888 iufe-

125 1923 398 1998 licitate,
444 1923 550 1985 sed
595 1934 792 1998 casta,
838 1944 969 1987 cum
1014 1923 1372 2008 paenitentia
1418 1936 1750 2000 maerente,
1798 1927 1905 1988 sed
1950 1945 2071 1987 non
2113 1925 2503 1989 erubescente

127 2025 201 2086 ad
249 2023 571 2115 dominum
617 2023 691 2087 de
736 2027 932 2099 venia,
1000 2026 1194 2088 denuo
1238 2025 1670 2090 ”dimittentur
1709 2028 1889 2100 ³⁴eiS,
1948 2027 2084 2107 quia
2128 2027 2503 2109 piaculariter

128 2133 575 2207 negaverunt&
651 2126 811 2188 Solis
857 2128 976 2189 illis
1021 2146 1157 2189 caro
1203 2128 1435 2189 infirma
1479 2138 1621 2190 est‘.
1686 2128 1959 2208 ³⁸Atquin
2004 2129 2161 2190 nulla
2204 2140 2323 2191 tam
2369 2131 2499 2191 for·

128 2229 208 2292 tis
257 2244 410 2290 caro
456 2244 629 2307 quam
674 2247 825 2308 quae
871 2228 1147 2309 spiritum
1193 2227 1404 2290 elidit'.

1110 465 1183 507 ΒΕ
1227 465 1543 509 wemma-

1415 2377 1496 2429 29.
1547 2379 1813 2429 fornicator
1847 2382 1897 2431 Δ.

1415 2446 1495 2496 32.
1543 2455 1776 2496 averteret
1810 2448 1866 2498 D.

125 2380 213 2430 27.
257 2381 505 2440 Urgemur
540 2379 700 2429 dicere
733 2381 784 2430 A.
903 2379 985 2430 28.
1023 2395 1081 2429 an
1131 2396 1220 2431 om.
1247 2384 1299 2430 A.

122 2449 364 2512 quolibet
400 2446 454 2495 B.
558 2446 639 2496 31.
691 2448 920 2497 carnificii
974 2450 1066 2498 10⁸.
1087 2449 1309 2511 Scaliger.

122 2517 414 2565 dimittetur
449 2514 533 2565 BC.
605 2515 861 2565 dimittitur
895 2517 951 2567 D.
1056 2515 1137 2568 34.
1176 2512 1247 2564 e'is
1283 2517 1393 2579 qnia
1431 2514 1738 2578 piaculariter
1775 2531 1876 2576 eoo.
1963 2515 2036 2566 eis
2071 2516 2152 2581 qui
2189 2515 2498 2578 piaculariter

73 2585 74 2588 ’
118 2584 255 2633 BCD.
351 2581 803 2647 resculpiculariter
833 2584 885 2633 A.
976 2583 1049 2634 eis
1094 2585 1175 2648 qui
1225 2583 1536 2647 peculiariter
1580 2582 1732 2634 Nicol.
1766 2583 2006 2646 Rigaltius.
2127 2581 2207 2634 35.
2245 2583 2381 2648 Atqui
2422 2584 2492 2642 0.,

117 2653 365 2703 Latinius.
2278 2684 2302 2705 ο

2014 2379 2099 2430 30.
2150 2394 2246 2444 quo
2295 2380 2411 2429 libet
2444 2384 2495 2430 A.

1984 2446 2068 2497 33.
2116 2448 2412 2497 dimittentur
2444 2448 2495 2498 A.

145 2768 258 2871 dub
279 2748 477 2870 pigro]
514 2752 739 2869 neuim,⁷
756 2761 941 2803 contra.
988 2752 1064 2803 Cf.
1087 2752 1270 2803 aduott.

113 2838 138 2871 a
263 2837 293 2871 e
381 2834 541 2869 orona
581 2835 634 2868 ca
675 2857 687 2869 .
747 2857 759 2869 .

182 2904 235 2954 p.
277 2886 563 2938 invidiosae
588 2835 714 2951 apli'td
742 2882 1010 2952 Christum]
1041 2887 1269 2936 Invidiam

107 2958 364 3008 facientes
423 2955 638 3005 Christo.
732 2955 806 3005 ct.
860 2969 983 3019 quae
1043 2956 1267 3004 adnotata

104 3033 226 3074 sunt
267 3025 332 3075 ad
354 3024 576 3090 Apolog.
614 3037 719 3086 cap.
738 3022 823 3073 40.
862 3032 910 3072 et
945 3022 1004 3073 ad
1042 3022 1110 3071 De
1137 3022 1269 3073 Orat.

104 3109 161 3143 ca
203 3131 215 3143 .
245 3093 300 3143 5.

163 3109 227 3225 lq.
268 3161 455 3211 denuo
492 3156 794 3209 dimittentur
826 3157 915 3216 eis,
952 3157 1062 3221 quia
1101 3157 1268 3219 piacu-

103 3230 288 3279 lariter
314 3222 671 3293 negaverunt]
688 3226 879 3277 Pridem
900 3225 1124 3287 putabam
1149 3223 1268 3272 illud

99 3299 266 3348 denuo
309 3310 416 3361 per
457 3292 632 3343 calami
670 3307 886 3344 errorem
924 3300 1005 3340 aut
1026 3291 1152 3340 oculi
1186 3306 1267 3340 ac-

96 3362 333 3417 crevisse
388 3377 452 3412 ex
491 3361 894 3426 praecedentibus
943 3361 1000 3408 de
1033 3361 1166 3408 venia
1202 3358 1269 3416 (et

95 3433 360 3493 Rigaltius
389 3429 686 3479 asteriscum
715 3428 976 3492 apposuit),
1011 3427 1096 3475 sed
1126 3426 1267 3475 hodie

91 3502 322 3551 vindico.
397 3497 578 3547 Denuo
614 3495 869 3545 dimittitur
904 3493 1140 3542 eiusmodi
1180 3507 1268 3542 ue-

89 3569 398 3631 gatoribus,
442 3578 558 3613 cum
593 3563 706 3613 illae
742 3563 814 3612 eis
849 3562 1097 3611 cicatrices
1127 3561 1268 3609 Chri·

87 3639 267 3687 stiano
331 3631 548 3698 proelio
618 3631 887 3692 insculptae
951 3628 1268 3678 dimittuntur.

87 3706 221 3756 Cum
267 3703 490 3752 lavacro
533 3699 709 3761 primo,
745 3698 839 3747 hoc
862 3703 936 3745 est
958 3710 1130 3760 aquae,
1166 3696 1269 3759 pri-

86 3787 174 3821 mo
217 3777 574 3835 peccatorum
610 3767 793 3816 veniam
830 3772 1131 3826 acceperant,
1189 3778 1270 3833 se-

84 3840 264 3890 cundo
307 3850 437 3888 cum
483 3834 677 3882 lavacro
715 3833 886 3891 altero,
924 3833 1015 3880 boc
1047 3838 1121 3879 est
1154 3845 1271 3880 san-

79 3909 298 3970 guinis3
343 3908 424 3955 eis
468 3908 636 3949 antem
674 3900 789 3951 dicit
823 3914 912 3963 pro
933 3900 1160 3948 &modi
1195 3897 1265 3945 vel

79 3978 297 4026 talibus.
364 3969 710 4029 piaculariter,
753 3968 796 4016 b.
820 3982 861 4016 e.
900 3968 962 4016 ita
1002 3973 1052 4014 ut
1088 3964 1265 4029 expiari

78 4044 273 4109 possit.
309 4066 388 4078 -—
436 4036 683 4097 Rigaltius
720 4036 780 4085 ita
819 4036 1160 4097 interpretatus
1196 4039 1271 4082 est

80 4116 211 4162 haec
272 4110 475 4160 ultima

80 4180 284 4230 veritati
329 4175 523 4241 pudor
558 4178 605 4219 et
640 4178 825 4220 mutare
860 4169 1145 4219 senteutiam
1177 4182 1269 4216 no-

80 4250 154 4299 bis
199 4248 389 4303 liceat,
436 4241 492 4290 si
534 4253 711 4300 negare
737 4253 830 4287 non
854 4238 963 4286 licet
987 4237 1033 4285 iu
1066 4238 1267 4284 antheu-

80 4320 179 4366 lico
235 4314 522 4375 scriptum
575 4306 754 4354 fuisse:
807 4306 964 4355 Denuo
1024 4305 1270 4353 dimittitur

81 4389 146 4435 eis
190 4384 286 4449 qui
324 4374 665 4445 peculiariter
697 4379 989 4435 neyaveruut.
1063 4371 1181 4420 Nam
1222 4369 1270 4419 id

82 4450 324 4505 :lausula
391 4454 634 4505 sequens
686 4440 869 4488 evincit.
969 4437 1110 4487 Ludit
1158 4438 1270 4486 Afer

82 4521 332 4579 imbiguo
377 4508 630 4561 vocabuit
666 4515 714 4556 et
748 4505 956 4556 iaculum
994 4513 1186 4568 torquet
1220 4505 1267 4554 lu

83 4586 363 4654 >sychicos
408 4575 581 4645 quale
626 4589 792 4639 supra,
853 4587 960 4623 cum
1007 4574 1269 4623 exteriores

545 4103 688 4153 huius
739 4102 845 4151 libri
894 4102 1064 4150 rerba:
1119 4100 1314 4151 Cedat-

1369 2750 1567 2801 botulos
1615 2751 1787 2800 iisdem
1824 2751 2001 2801 obiecit
2037 2752 2117 2816 qui
2167 2750 2348 2800 luxuria
2386 2760 2494 2799 ten-

1370 2820 1600 2868 derentur
1636 2825 1684 2866 et
1720 2820 1912 2882 nuptias
1949 2820 2178 2883 repetitas
2214 2818 2492 2881 probarent.

1370 2886 1556 2944 Denuo,
1605 2885 1775 2948 inquit,
1827 2885 2083 2935 dimittitur
2117 2886 2187 2934 eis
2225 2886 2305 2949 qui
2341 2900 2491 2949 pecu·

1370 2953 1553 3002 liariter
1586 2963 1893 3014 negaverunt.
1962 2954 2110 3012 Quasi
2146 2953 2354 3002 diceret:
2394 2953 2493 3002 Ho-

1371 3021 1580 3070 minibus
1618 3021 1741 3068 bene
1778 3021 1950 3069 vasatis
1999 3029 2047 3070 et
2082 3021 2206 3070 bene
2242 3020 2494 3083 peculiatis

1371 3088 1530 3139 favent
1565 3088 1795 3150 psychici,
1831 3090 1911 3151 qui
1948 3088 2293 3151 poeniteutiam
2331 3087 2493 3136 indul-

1369 3163 1482 3218 gent
1517 3155 1751 3211 moechis,
1809 3170 1919 3204 vaso
1957 3171 2013 3204 ac
2049 3156 2240 3218 peculio
2278 3169 2367 3203 suo
2404 3155 2491 3203 ab·

1370 3223 1614 3272 utentibus
1651 3222 1868 3286 adeoque
1906 3223 2150 3272 Christum
2191 3222 2491 3284 negantibus,

1405 3290 1559 3339 uoties
1595 3290 1812 3338 membra
1849 3305 1953 3350 sua,
1990 3305 2114 3353 quae
2136 3290 2311 3339 Christi
2339 3290 2491 3347 fuere,

1390 3358 1550 3406 aciuut
1586 3358 1801 3406 membra
1840 3359 2126 3407 meretricis.
2181 3356 2493 3406 Peculiariter

1369 3422 1610 3473 Christum
1650 3434 1824 3485 negant
1861 3426 1940 3488 qui
1979 3426 2039 3473 de
2076 3425 2267 3488 peculio
2294 3438 2383 3473 suo
2416 3423 2491 3472 lu-

1368 3492 1503 3551 dunt,
1539 3490 1768 3541 adversus
1806 3492 1962 3542 datam
2001 3492 2193 3542 Christo
2230 3492 2387 3541 iidem.

1439 3575 1477 3609 r.
1515 3559 1646 3608 Solis
1681 3560 1780 3609 illis
1816 3574 1928 3609 caro
1967 3559 2154 3609 infirma
2191 3557 2305 3621 εει]
2360 3558 2491 3608 Libi-

1369 3627 1572 3685 dinosis,
1594 3628 1828 3685 moechis,
1850 3628 2239 3677 fornicatoribus.
2297 3627 2491 3689 Psychi-

1371 3709 1537 3744 corum
1575 3694 1878 3758 disciplinam
1917 3696 2169 3758 vituperat,
2208 3694 2374 3758 quide
2403 3696 2491 3743 tri·

1369 3762 1461 3811 bus
1507 3761 1696 3811 delictis
1748 3763 2028 3821 mortiferis,
2084 3762 2357 3812 idololatria
2394 3762 2493 3810 sive

1370 3829 1641 3889 negatione,
1690 3829 1950 3878 homicidio
2000 3838 2047 3878 et
2083 3829 2317 3887 moechia,
2371 3828 2493 3876 solis

1370 3897 1587 3946 moechis
1624 3896 1879 3945 ecclesiam
1918 3896 2191 3955 redderent,
2228 3909 2350 3959 quae
2387 3908 2491 3943 ma-

1369 3965 1442 4026 gis
1479 3964 1723 4013 reddenda
1773 3964 2010 4012 videretur
2058 3962 2347 4020 idololatris,
2394 3964 2493 4011 sive

1370 4032 1672 4093 negantibus,
1710 4039 1822 4094 post
1847 4045 2124 4093 expressam
2150 4029 2367 4079 violentia
2389 4038 2492 4079 tor·

1369 4108 1641 4148 mentorum
1680 4099 2003 4149 idololatriam
2053 4100 2151 4147 sive
2189 4097 2491 4159 negationem

1367 4167 1741 4231 paenitentibus,
1780 4180 1887 4216 cum
1924 4166 2001 4215 isti
2040 4180 2136 4215 nou
2175 4166 2265 4215 nisi
2304 4166 2492 4228 asperi·

1371 4241 1467 4284 tate
1513 4242 1864 4284 tormentorum
1913 4235 2084 4293 coacti,
2136 4243 2184 4283 at
2221 4235 2407 4283 moechi
2446 4240 2495 4283 et

1371 4303 1692 4351 fornicatores
1746 4317 1834 4365 per
1887 4301 2134 4350 libidinem
2189 4309 2237 4350 et
2273 4302 2491 4364 volupta-

1370 4377 1464 4418 tem
1503 4378 1678 4433 spoute
1713 4369 1806 4434 ipsi
1843 4377 2015 4433 suapte
2048 4370 2364 4434 peccaverint.
2388 4366 2493 4429 (Ri-

1401 4436 1503 4495 alt.)
1666 4455 1675 4462 ·
1998 4491 2007 4497 ,

1370 4450 1399 4499 g
1437 4517 1478 4552 s.
1495 4497 1671 4567 elidit]
1691 4503 1764 4553 Cf,
1786 4503 1975 4554 adnottt
1994 4504 2053 4553 ad
2069 4502 2271 4567 Apolog.
2288 4515 2392 4564 cap.
2406 4498 2487 4550 23.

1371 4578 1418 4620 et
1453 4570 1764 4621 llildebraud.
1803 4572 1864 4621 ad
1900 4570 2038 4635 Apul.
2065 4569 2386 4629 Metam.Vlll,
2411 4568 2493 4617 14.
