<?xml version="1.0" encoding="UTF-8"?>
<!DOCTYPE html PUBLIC "-//W3C//DTD XHTML 1.0 Transitional//EN"
    "http://www.w3.org/TR/xhtml1/DTD/xhtml1-transitional.dtd">
<html xmlns="http://www.w3.org/1999/xhtml" xml:lang="en" lang="en">
 <head>
  <title>
</title>
<meta http-equiv="Content-Type" content="text/html;charset=utf-8" />
  <meta name='ocr-system' content='tesseract 3.04.00' />
  <meta name='ocr-capabilities' content='ocr_page ocr_carea ocr_par ocr_line ocrx_word'/>
</head>
<body>
  <div class='ocr_page' id='page_1' title='image "./quintiseptimiif04tertgoog_0721.png"; bbox 0 0 3263 5311; ppageno 0'>
   <div class='ocr_carea' id='block_1_1' title="bbox 2398 449 2520 513">
    <p class='ocr_par' dir='ltr' id='par_1_1' title="bbox 2398 449 2520 513">
     <span class='ocr_line' id='line_1_1' title="bbox 2398 449 2520 513; baseline -0.008 0"><span class='ocrx_word' id='word_1_1' title='bbox 2398 449 2520 513; x_wconf 78' lang='lat'><strong>687</strong></span> 
     </span>
    </p>
   </div>
   <div class='ocr_carea' id='block_1_2' title="bbox 1051 466 1662 510">
    <p class='ocr_par' dir='ltr' id='par_1_2' title="bbox 1051 466 1662 510">
     <span class='ocr_line' id='line_1_2' title="bbox 1051 466 1662 510; baseline -0.003 0"><span class='ocrx_word' id='word_1_2' title='bbox 1051 468 1123 509; x_wconf 72' lang='lat' dir='ltr'><strong>An</strong></span> <span class='ocrx_word' id='word_1_3' title='bbox 1170 466 1409 510; x_wconf 61' lang='lat' dir='ltr'><strong>uxone!</strong></span> <span class='ocrx_word' id='word_1_4' title='bbox 1450 467 1564 509; x_wconf 78' lang='lat' dir='ltr'><strong>Lm.</strong></span> <span class='ocrx_word' id='word_1_5' title='bbox 1598 466 1662 508; x_wconf 84' lang='lat' dir='ltr'><strong>n.</strong></span> 
     </span>
    </p>
   </div>
   <div class='ocr_carea' id='block_1_3' title="bbox 120 603 2804 2321">
    <p class='ocr_par' dir='ltr' id='par_1_3' title="bbox 180 603 2520 1208">
     <span class='ocr_line' id='line_1_3' title="bbox 180 603 2519 697; baseline -0.002 -14"><span class='ocrx_word' id='word_1_6' title='bbox 180 619 463 692; x_wconf 55' lang='lat' dir='ltr'><strong>&#39;licentum</strong></span> <span class='ocrx_word' id='word_1_7' title='bbox 512 617 645 679; x_wconf 82' lang='lat' dir='ltr'><strong>sine</strong></span> <span class='ocrx_word' id='word_1_8' title='bbox 687 617 869 680; x_wconf 90' lang='lat' dir='ltr'><strong>dubio</strong></span> <span class='ocrx_word' id='word_1_9' title='bbox 910 618 1011 679; x_wconf 90' lang='lat' dir='ltr'><strong>isti</strong></span> <span class='ocrx_word' id='word_1_10' title='bbox 1054 617 1154 697; x_wconf 87' lang='lat' dir='ltr'><strong>qui</strong></span> <span class='ocrx_word' id='word_1_11' title='bbox 1198 624 1334 678; x_wconf 86' lang='lat' dir='ltr'><strong>ante</strong></span> <span class='ocrx_word' id='word_1_12' title='bbox 1376 615 1990 697; x_wconf 69' lang='lat' dir='ltr'><strong>nuptiassanetifieati</strong></span> <span class='ocrx_word' id='word_1_13' title='bbox 2021 603 2208 690; x_wconf 84' lang='lat' dir='ltr'><strong>sunt,&#39;</strong></span> <span class='ocrx_word' id='word_1_14' title='bbox 2236 616 2288 679; x_wconf 86' lang='lat' dir='ltr'><strong>si</strong></span> <span class='ocrx_word' id='word_1_15' title='bbox 2317 625 2519 678; x_wconf 82' lang='lat' dir='ltr'><strong>extra-</strong></span> 
     </span>
     <span class='ocr_line' id='line_1_4' title="bbox 184 701 2516 799; baseline -0.002 -15"><span class='ocrx_word' id='word_1_16' title='bbox 184 717 374 784; x_wconf 67' lang='lat' dir='ltr'><strong>neae⁸</strong></span> <span class='ocrx_word' id='word_1_17' title='bbox 418 719 580 782; x_wconf 70' lang='lat' dir='ltr'><strong>oerni</strong></span> <span class='ocrx_word' id='word_1_18' title='bbox 622 701 1146 792; x_wconf 74' lang='lat' dir='ltr'><strong>commisceantur,</strong></span> <span class='ocrx_word' id='word_1_19' title='bbox 1188 717 1552 780; x_wconf 82' lang='lat' dir='ltr'><strong>sanctificare</strong></span> <span class='ocrx_word' id='word_1_20' title='bbox 1596 735 1726 779; x_wconf 81' lang='lat' dir='ltr'><strong>eam</strong></span> <span class='ocrx_word' id='word_1_21' title='bbox 1771 717 1951 778; x_wconf 69' lang='lat' dir='ltr'><strong>“non</strong></span> <span class='ocrx_word' id='word_1_22' title='bbox 1993 725 2249 798; x_wconf 86' lang='lat' dir='ltr'><strong>possunt</strong></span> <span class='ocrx_word' id='word_1_23' title='bbox 2287 718 2350 780; x_wconf 91' lang='lat' dir='ltr'><strong>in</strong></span> <span class='ocrx_word' id='word_1_24' title='bbox 2402 736 2516 799; x_wconf 83' lang='lat' dir='ltr'><strong>qua</strong></span> 
     </span>
     <span class='ocr_line' id='line_1_5' title="bbox 186 817 2517 901; baseline -0.002 -17"><span class='ocrx_word' id='word_1_25' title='bbox 186 841 311 885; x_wconf 89' lang='lat' dir='ltr'><strong>non</strong></span> <span class='ocrx_word' id='word_1_26' title='bbox 369 827 510 883; x_wconf 82' lang='lat' dir='ltr'><strong>sunt</strong></span> <span class='ocrx_word' id='word_1_27' title='bbox 564 820 942 901; x_wconf 76' lang='lat' dir='ltr'><strong>deprehensi.</strong></span> <span class='ocrx_word' id='word_1_28' title='bbox 1041 820 1147 882; x_wconf 86' lang='lat' dir='ltr'><strong>Dei</strong></span> <span class='ocrx_word' id='word_1_29' title='bbox 1200 827 1395 881; x_wconf 88' lang='lat' dir='ltr'><strong>autem</strong></span> <span class='ocrx_word' id='word_1_30' title='bbox 1438 819 1625 898; x_wconf 71' lang='lat' dir='ltr'><strong>gratia</strong></span> <span class='ocrx_word' id='word_1_31' title='bbox 1667 818 1808 880; x_wconf 90' lang='lat' dir='ltr'><strong>illud</strong></span> <span class='ocrx_word' id='word_1_32' title='bbox 1854 817 2178 881; x_wconf 72' lang='lat' dir='ltr'><strong>sanctificat</strong></span> <span class='ocrx_word' id='word_1_33' title='bbox 2220 819 2379 899; x_wconf 82' lang='lat' dir='ltr'><strong>quod</strong></span> <span class='ocrx_word' id='word_1_34' title='bbox 2422 818 2517 880; x_wconf 89' lang='lat' dir='ltr'><strong>in-</strong></span> 
     </span>
     <span class='ocr_line' id='line_1_6' title="bbox 188 918 2520 1002; baseline -0.002 -17"><span class='ocrx_word' id='word_1_35' title='bbox 188 923 365 987; x_wconf 79' lang='lat' dir='ltr'><strong>venit.</strong></span> <span class='ocrx_word' id='word_1_36' title='bbox 475 921 562 984; x_wconf 86' lang='lat' dir='ltr'><strong>lta</strong></span> <span class='ocrx_word' id='word_1_37' title='bbox 616 922 779 1002; x_wconf 81' lang='lat' dir='ltr'><strong>quod</strong></span> <span class='ocrx_word' id='word_1_38' title='bbox 832 921 1180 986; x_wconf 78' lang='lat' dir='ltr'><strong>sanctificari</strong></span> <span class='ocrx_word' id='word_1_39' title='bbox 1230 939 1355 982; x_wconf 90' lang='lat' dir='ltr'><strong>non</strong></span> <span class='ocrx_word' id='word_1_40' title='bbox 1395 920 1624 1000; x_wconf 83' lang='lat' dir='ltr'><strong>potuit,</strong></span> <span class='ocrx_word' id='word_1_41' title='bbox 1687 920 2053 982; x_wconf 86' lang='lat' dir='ltr'><strong>immundum</strong></span> <span class='ocrx_word' id='word_1_42' title='bbox 2110 928 2231 982; x_wconf 83' lang='lat' dir='ltr'><strong>est:</strong></span> <span class='ocrx_word' id='word_1_43' title='bbox 2302 918 2520 1000; x_wconf 67' lang='lat' dir='ltr'><strong>“quod</strong></span> 
     </span>
     <span class='ocr_line' id='line_1_7' title="bbox 186 1009 2516 1103; baseline -0.003 -14"><span class='ocrx_word' id='word_1_44' title='bbox 186 1023 555 1089; x_wconf 84' lang='lat' dir='ltr'><strong>immundum</strong></span> <span class='ocrx_word' id='word_1_45' title='bbox 598 1009 720 1097; x_wconf 74' lang='lat' dir='ltr'><strong>est&#39;,</strong></span> <span class='ocrx_word' id='word_1_46' title='bbox 767 1041 900 1088; x_wconf 82' lang='lat' dir='ltr'><strong>eum</strong></span> <span class='ocrx_word' id='word_1_47' title='bbox 944 1030 1151 1084; x_wconf 83' lang='lat' dir='ltr'><strong>sancto</strong></span> <span class='ocrx_word' id='word_1_48' title='bbox 1192 1040 1315 1084; x_wconf 88' lang='lat' dir='ltr'><strong>non</strong></span> <span class='ocrx_word' id='word_1_49' title='bbox 1358 1021 1534 1085; x_wconf 86' lang='lat' dir='ltr'><strong>habet</strong></span> <span class='ocrx_word' id='word_1_50' title='bbox 1573 1030 1835 1103; x_wconf 84' lang='lat' dir='ltr'><strong>partem,</strong></span> <span class='ocrx_word' id='word_1_51' title='bbox 1879 1022 1997 1085; x_wconf 88' lang='lat' dir='ltr'><strong>nisi</strong></span> <span class='ocrx_word' id='word_1_52' title='bbox 2037 1030 2105 1085; x_wconf 86' lang='lat' dir='ltr'><strong>ut</strong></span> <span class='ocrx_word' id='word_1_53' title='bbox 2145 1021 2221 1083; x_wconf 95' lang='lat' dir='ltr'><strong>de</strong></span> <span class='ocrx_word' id='word_1_54' title='bbox 2261 1039 2376 1083; x_wconf 88' lang='lat' dir='ltr'><strong>suo</strong></span> <span class='ocrx_word' id='word_1_55' title='bbox 2419 1021 2516 1082; x_wconf 91' lang='lat' dir='ltr'><strong>in-</strong></span> 
     </span>
     <span class='ocr_line' id='line_1_8' title="bbox 188 1124 785 1208; baseline -0.008 -18"><span class='ocrx_word' id='word_1_56' title='bbox 188 1127 394 1208; x_wconf 84' lang='lat' dir='ltr'><strong>quinet</strong></span> <span class='ocrx_word' id='word_1_57' title='bbox 435 1133 496 1188; x_wconf 87' lang='lat' dir='ltr'><strong>et</strong></span> <span class='ocrx_word' id='word_1_58' title='bbox 539 1124 785 1187; x_wconf 76' lang='lat' dir='ltr'><strong>occidat.</strong></span> 
     </span>
    </p>

    <p class='ocr_par' dir='ltr' id='par_1_4' title="bbox 120 1223 2804 2321">
     <span class='ocr_line' id='line_1_9' title="bbox 361 1223 2752 1304; baseline -0.001 -15"><span class='ocrx_word' id='word_1_59' title='bbox 361 1227 553 1289; x_wconf 75' lang='lat' dir='ltr'><strong>‘Haec</strong></span> <span class='ocrx_word' id='word_1_60' title='bbox 595 1226 645 1287; x_wconf 89' lang='lat' dir='ltr'><strong>si</strong></span> <span class='ocrx_word' id='word_1_61' title='bbox 676 1225 755 1288; x_wconf 87' lang='lat' dir='ltr'><strong>ita</strong></span> <span class='ocrx_word' id='word_1_62' title='bbox 786 1233 957 1301; x_wconf 89' lang='lat' dir='ltr'><strong>sunt,</strong></span> <span class='ocrx_word' id='word_1_63' title='bbox 1000 1225 1208 1287; x_wconf 82' lang='lat' dir='ltr'><strong>fideles</strong></span> <span class='ocrx_word' id='word_1_64' title='bbox 1237 1225 1541 1304; x_wconf 75' lang='lat' dir='ltr'><strong>gentilium</strong></span> <span class='ocrx_word' id='word_1_65' title='bbox 1570 1226 1942 1287; x_wconf 82' lang='lat' dir='ltr'><strong>matrimonia</strong></span> <span class='ocrx_word' id='word_1_66' title='bbox 1973 1225 2296 1287; x_wconf 85' lang='lat' dir='ltr'><strong>subeuntes</strong></span> <span class='ocrx_word' id='word_1_67' title='bbox 2327 1223 2517 1303; x_wconf 78' lang='lat' dir='ltr'><strong>stupri</strong></span> <span class='ocrx_word' id='word_1_68' title='bbox 2556 1243 2752 1298; x_wconf 42' lang='lat' dir='ltr'><strong>camin.</strong></span> 
     </span>
     <span class='ocr_line' id='line_1_10' title="bbox 191 1324 2521 1393; baseline -0.003 0"><span class='ocrx_word' id='word_1_69' title='bbox 191 1348 334 1393; x_wconf 89' lang='lat' dir='ltr'><strong>reos</strong></span> <span class='ocrx_word' id='word_1_70' title='bbox 375 1328 642 1390; x_wconf 68' lang='lat' dir='ltr'><strong>²constat</strong></span> <span class='ocrx_word' id='word_1_71' title='bbox 684 1345 821 1390; x_wconf 87' lang='lat' dir='ltr'><strong>esse</strong></span> <span class='ocrx_word' id='word_1_72' title='bbox 867 1334 927 1388; x_wconf 87' lang='lat' dir='ltr'><strong>et</strong></span> <span class='ocrx_word' id='word_1_73' title='bbox 967 1326 1255 1390; x_wconf 81' lang='lat' dir='ltr'><strong>arcendos</strong></span> <span class='ocrx_word' id='word_1_74' title='bbox 1320 1327 1394 1388; x_wconf 86' lang='lat' dir='ltr'><strong>ab</strong></span> <span class='ocrx_word' id='word_1_75' title='bbox 1438 1328 1600 1388; x_wconf 91' lang='lat' dir='ltr'><strong>omni</strong></span> <span class='ocrx_word' id='word_1_76' title='bbox 1643 1326 2205 1389; x_wconf 75' lang='lat' dir='ltr'><strong>‘’communicatione</strong></span> <span class='ocrx_word' id='word_1_77' title='bbox 2247 1324 2521 1388; x_wconf 79' lang='lat' dir='ltr'><strong>fraterni-</strong></span> 
     </span>
     <span class='ocr_line' id='line_1_11' title="bbox 200 1426 2804 1516; baseline -0.006 -23"><span class='ocrx_word' id='word_1_78' title='bbox 200 1431 368 1505; x_wconf 78' lang='lat' dir='ltr'><strong>tatiS,</strong></span> <span class='ocrx_word' id='word_1_79' title='bbox 414 1449 486 1492; x_wconf 87' lang='lat' dir='ltr'><strong>ex</strong></span> <span class='ocrx_word' id='word_1_80' title='bbox 528 1429 740 1491; x_wconf 85' lang='lat' dir='ltr'><strong>litteris</strong></span> <span class='ocrx_word' id='word_1_81' title='bbox 785 1428 1035 1509; x_wconf 88' lang='lat' dir='ltr'><strong>apostoli</strong></span> <span class='ocrx_word' id='word_1_82' title='bbox 1066 1428 1331 1516; x_wconf 43' lang='lat' dir='ltr'><strong>,dicentis</strong></span> <span class='ocrx_word' id='word_1_83' title='bbox 1373 1447 1507 1490; x_wconf 83' lang='lat' dir='ltr'><strong>eum</strong></span> <span class='ocrx_word' id='word_1_84' title='bbox 1551 1429 1874 1504; x_wconf 80' lang='lat' dir='ltr'><strong>eiusmodi·</strong></span> <span class='ocrx_word' id='word_1_85' title='bbox 1917 1429 2025 1491; x_wconf 59' lang='lat' dir='ltr'><strong>*ne</strong></span> <span class='ocrx_word' id='word_1_86' title='bbox 2066 1428 2258 1490; x_wconf 84' lang='lat' dir='ltr'><strong>eibum</strong></span> <span class='ocrx_word' id='word_1_87' title='bbox 2287 1426 2804 1507; x_wconf 74' lang='lat' dir='ltr'><strong>quidemtcor.v,11.</strong></span> 
     </span>
     <span class='ocr_line' id='line_1_12' title="bbox 194 1513 2770 1611; baseline -0.003 -16"><span class='ocrx_word' id='word_1_88' title='bbox 194 1531 565 1595; x_wconf 81' lang='lat' dir='ltr'><strong>sumendum.</strong></span> <span class='ocrx_word' id='word_1_89' title='bbox 638 1529 787 1591; x_wconf 67' lang='lat' dir='ltr'><strong>‘Aut</strong></span> <span class='ocrx_word' id='word_1_90' title='bbox 826 1530 1109 1610; x_wconf 87' lang='lat' dir='ltr'><strong>numquid</strong></span> <span class='ocrx_word' id='word_1_91' title='bbox 1153 1530 1379 1592; x_wconf 80' lang='lat' dir='ltr'><strong>tabulas</strong></span> <span class='ocrx_word' id='word_1_92' title='bbox 1424 1531 1718 1610; x_wconf 80' lang='lat' dir='ltr'><strong>nuptiales</strong></span> <span class='ocrx_word' id='word_1_93' title='bbox 1761 1531 1871 1592; x_wconf 73' lang='lat' dir='ltr'><strong>“de</strong></span> <span class='ocrx_word' id='word_1_94' title='bbox 1927 1531 2027 1591; x_wconf 94' lang='lat' dir='ltr'><strong>illo</strong></span> <span class='ocrx_word' id='word_1_95' title='bbox 2072 1529 2226 1611; x_wconf 87' lang='lat' dir='ltr'><strong>apud</strong></span> <span class='ocrx_word' id='word_1_96' title='bbox 2271 1527 2523 1590; x_wconf 85' lang='lat' dir='ltr'><strong>tribunal</strong></span> <span class='ocrx_word' id='word_1_97' title='bbox 2763 1513 2770 1520; x_wconf 55' lang='lat'><em>⁰</em></span> 
     </span>
     <span class='ocr_line' id='line_1_13' title="bbox 192 1630 2518 1712; baseline -0.003 -15"><span class='ocrx_word' id='word_1_98' title='bbox 192 1633 413 1697; x_wconf 90' lang='lat' dir='ltr'><strong>domini</strong></span> <span class='ocrx_word' id='word_1_99' title='bbox 455 1632 867 1712; x_wconf 65' lang='lat' dir='ltr'><strong>&#39;proferemus</strong></span> <span class='ocrx_word' id='word_1_100' title='bbox 880 1632 929 1705; x_wconf 71' lang='lat'><strong>¹³,</strong></span> <span class='ocrx_word' id='word_1_101' title='bbox 977 1642 1033 1693; x_wconf 89' lang='lat' dir='ltr'><strong>et</strong></span> <span class='ocrx_word' id='word_1_102' title='bbox 1074 1632 1548 1695; x_wconf 78' lang='lat' dir='ltr'><strong>⁸matrimonium</strong></span> <span class='ocrx_word' id='word_1_103' title='bbox 1590 1632 1706 1694; x_wconf 89' lang='lat' dir='ltr'><strong>rite</strong></span> <span class='ocrx_word' id='word_1_104' title='bbox 1744 1639 2108 1694; x_wconf 74' lang='lat' dir='ltr'><strong>contractum</strong></span> <span class='ocrx_word' id='word_1_105' title='bbox 2137 1630 2518 1710; x_wconf 77' lang='lat' dir='ltr'><strong>allegabimus</strong></span> 
     </span>
     <span class='ocr_line' id='line_1_14' title="bbox 120 1731 2517 1818; baseline -0.002 -22"><span class='ocrx_word' id='word_1_106' title='bbox 120 1811 137 1818; x_wconf 46' lang='grc'>-</span> <span class='ocrx_word' id='word_1_107' title='bbox 188 1735 347 1817; x_wconf 83' lang='lat' dir='ltr'><strong>quod</strong></span> <span class='ocrx_word' id='word_1_108' title='bbox 375 1734 594 1795; x_wconf 75' lang='lat' dir='ltr'><strong>⁹vetuit</strong></span> <span class='ocrx_word' id='word_1_109' title='bbox 635 1731 812 1813; x_wconf 79' lang='lat' dir='ltr'><strong>ipse?</strong></span> <span class='ocrx_word' id='word_1_110' title='bbox 873 1733 1005 1794; x_wconf 88' lang='lat' dir='ltr'><strong>Non</strong></span> <span class='ocrx_word' id='word_1_111' title='bbox 1049 1733 1397 1795; x_wconf 76' lang='lat' dir='ltr'><strong>adulterium</strong></span> <span class='ocrx_word' id='word_1_112' title='bbox 1442 1740 1538 1794; x_wconf 85' lang='lat' dir='ltr'><strong>est</strong></span> <span class='ocrx_word' id='word_1_113' title='bbox 1578 1733 1737 1812; x_wconf 81' lang='lat' dir='ltr'><strong>quod</strong></span> <span class='ocrx_word' id='word_1_114' title='bbox 1771 1733 2182 1813; x_wconf 85' lang='lat' dir='ltr'><strong>¹⁰probibitum</strong></span> <span class='ocrx_word' id='word_1_115' title='bbox 2227 1741 2351 1805; x_wconf 76' lang='lat' dir='ltr'><strong>est,</strong></span> <span class='ocrx_word' id='word_1_116' title='bbox 2395 1750 2517 1792; x_wconf 88' lang='lat' dir='ltr'><strong>non</strong></span> 
     </span>
     <span class='ocr_line' id='line_1_15' title="bbox 192 1832 2518 1916; baseline -0.002 -18"><span class='ocrx_word' id='word_1_117' title='bbox 192 1838 519 1916; x_wconf 79' lang='lat' dir='ltr'><strong>”stuprum</strong></span> <span class='ocrx_word' id='word_1_118' title='bbox 561 1842 673 1895; x_wconf 89' lang='lat' dir='ltr'><strong>est.</strong></span> <span class='ocrx_word' id='word_1_119' title='bbox 740 1834 1015 1896; x_wconf 84' lang='lat' dir='ltr'><strong>Extranei</strong></span> <span class='ocrx_word' id='word_1_120' title='bbox 1057 1834 1319 1896; x_wconf 87' lang='lat' dir='ltr'><strong>hominis</strong></span> <span class='ocrx_word' id='word_1_121' title='bbox 1362 1834 1644 1896; x_wconf 84' lang='lat' dir='ltr'><strong>admissio</strong></span> <span class='ocrx_word' id='word_1_122' title='bbox 1687 1835 1883 1896; x_wconf 87' lang='lat' dir='ltr'><strong>minus</strong></span> <span class='ocrx_word' id='word_1_123' title='bbox 1927 1834 2208 1915; x_wconf 88' lang='lat' dir='ltr'><strong>templum</strong></span> <span class='ocrx_word' id='word_1_124' title='bbox 2251 1832 2518 1896; x_wconf 55' lang='grc' dir='ltr'><strong>(191]ἰο-</strong></span> 
     </span>
     <span class='ocr_line' id='line_1_16' title="bbox 191 1934 2570 2024; baseline -0.002 -24"><span class='ocrx_word' id='word_1_125' title='bbox 191 1938 304 2011; x_wconf 89' lang='lat' dir='ltr'><strong>lat,</strong></span> <span class='ocrx_word' id='word_1_126' title='bbox 374 1938 571 1998; x_wconf 82' lang='lat' dir='ltr'><strong>minus</strong></span> <span class='ocrx_word' id='word_1_127' title='bbox 634 1936 897 1998; x_wconf 86' lang='lat' dir='ltr'><strong>membra</strong></span> <span class='ocrx_word' id='word_1_128' title='bbox 955 1934 1170 1996; x_wconf 80' lang='lat' dir='ltr'><strong>Christi</strong></span> <span class='ocrx_word' id='word_1_129' title='bbox 1237 1949 1369 1997; x_wconf 80' lang='lat' dir='ltr'><strong>eum</strong></span> <span class='ocrx_word' id='word_1_130' title='bbox 1431 1935 1714 1998; x_wconf 90' lang='lat' dir='ltr'><strong>membris</strong></span> <span class='ocrx_word' id='word_1_131' title='bbox 1793 1935 2088 1998; x_wconf 82' lang='lat' dir='ltr'><strong>adulterae</strong></span> <span class='ocrx_word' id='word_1_132' title='bbox 2153 1935 2517 2002; x_wconf 79' lang='lat' dir='ltr'><strong>commiscet.</strong></span> <span class='ocrx_word' id='word_1_133' title='bbox 2564 2018 2570 2024; x_wconf 28' lang='grc' dir='ltr'>Ι</span> 
     </span>
     <span class='ocr_line' id='line_1_17' title="bbox 193 2023 2519 2118; baseline -0.001 -18"><span class='ocrx_word' id='word_1_134' title='bbox 193 2039 364 2113; x_wconf 84' lang='lat' dir='ltr'><strong>Quod</strong></span> <span class='ocrx_word' id='word_1_135' title='bbox 421 2037 686 2107; x_wconf 77' lang='lat' dir='ltr'><strong>¹²sciam,</strong></span> <span class='ocrx_word' id='word_1_136' title='bbox 760 2055 882 2098; x_wconf 89' lang='lat' dir='ltr'><strong>non</strong></span> <span class='ocrx_word' id='word_1_137' title='bbox 939 2023 1147 2098; x_wconf 84' lang='lat' dir='ltr'><strong>sumus</strong></span> <span class='ocrx_word' id='word_1_138' title='bbox 1204 2035 1477 2111; x_wconf 84' lang='lat' dir='ltr'><strong>¹³nostri‚</strong></span> <span class='ocrx_word' id='word_1_139' title='bbox 1547 2037 1652 2098; x_wconf 91' lang='lat' dir='ltr'><strong>sed</strong></span> <span class='ocrx_word' id='word_1_140' title='bbox 1708 2037 1900 2118; x_wconf 86' lang='lat' dir='ltr'><strong>pretio</strong></span> <span class='ocrx_word' id='word_1_141' title='bbox 1957 2038 2171 2118; x_wconf 84' lang='lat' dir='ltr'><strong>empti,</strong></span> <span class='ocrx_word' id='word_1_142' title='bbox 2246 2047 2304 2099; x_wconf 88' lang='lat' dir='ltr'><strong>et</strong></span> <span class='ocrx_word' id='word_1_143' title='bbox 2364 2035 2519 2116; x_wconf 82' lang='lat' dir='ltr'><strong>quali</strong></span> 
     </span>
     <span class='ocr_line' id='line_1_18' title="bbox 186 2136 2517 2222; baseline -0.001 -22"><span class='ocrx_word' id='word_1_144' title='bbox 186 2137 431 2222; x_wconf 77' lang='lat' dir='ltr'><strong>pretio?</strong></span> <span class='ocrx_word' id='word_1_145' title='bbox 476 2140 761 2218; x_wconf 85' lang='lat' dir='ltr'><strong>sanguine</strong></span> <span class='ocrx_word' id='word_1_146' title='bbox 788 2138 905 2199; x_wconf 87' lang='lat' dir='ltr'><strong>dei.</strong></span> <span class='ocrx_word' id='word_1_147' title='bbox 970 2137 1300 2198; x_wconf 85' lang='lat' dir='ltr'><strong>Laedentes</strong></span> <span class='ocrx_word' id='word_1_148' title='bbox 1328 2136 1508 2215; x_wconf 87' lang='lat' dir='ltr'><strong>igitur</strong></span> <span class='ocrx_word' id='word_1_149' title='bbox 1550 2157 1784 2200; x_wconf 85' lang='lat' dir='ltr'><strong>earnem</strong></span> <span class='ocrx_word' id='word_1_150' title='bbox 1830 2140 2001 2202; x_wconf 88' lang='lat' dir='ltr'><strong>istam</strong></span> <span class='ocrx_word' id='word_1_151' title='bbox 2054 2157 2189 2200; x_wconf 89' lang='lat' dir='ltr'><strong>eum</strong></span> <span class='ocrx_word' id='word_1_152' title='bbox 2232 2138 2517 2200; x_wconf 83' lang='lat' dir='ltr'><strong>laedimus</strong></span> 
     </span>
     <span class='ocr_line' id='line_1_19' title="bbox 188 2238 2521 2321; baseline -0 -18"><span class='ocrx_word' id='word_1_153' title='bbox 188 2242 265 2303; x_wconf 89' lang='lat' dir='ltr'><strong>de</strong></span> <span class='ocrx_word' id='word_1_154' title='bbox 307 2241 631 2321; x_wconf 79' lang='lat' dir='ltr'><strong>proximo⁸.</strong></span> <span class='ocrx_word' id='word_1_155' title='bbox 707 2238 860 2312; x_wconf 87' lang='lat' dir='ltr'><strong>Quid</strong></span> <span class='ocrx_word' id='word_1_156' title='bbox 892 2238 1007 2300; x_wconf 87' lang='lat' dir='ltr'><strong>sibi</strong></span> <span class='ocrx_word' id='word_1_157' title='bbox 1038 2238 1275 2300; x_wconf 59' lang='lat' dir='ltr'><strong>¹‘voluit</strong></span> <span class='ocrx_word' id='word_1_158' title='bbox 1314 2238 1410 2300; x_wconf 86' lang='lat' dir='ltr'><strong>ille</strong></span> <span class='ocrx_word' id='word_1_159' title='bbox 1453 2240 1549 2318; x_wconf 91' lang='lat' dir='ltr'><strong>qui</strong></span> <span class='ocrx_word' id='word_1_160' title='bbox 1596 2240 1743 2302; x_wconf 88' lang='lat' dir='ltr'><strong>dixit</strong></span> <span class='ocrx_word' id='word_1_161' title='bbox 1786 2241 2058 2302; x_wconf 80' lang='lat' dir='ltr'><strong>delictum</strong></span> <span class='ocrx_word' id='word_1_162' title='bbox 2101 2239 2338 2320; x_wconf 87' lang='lat' dir='ltr'><strong>quidem</strong></span> <span class='ocrx_word' id='word_1_163' title='bbox 2383 2257 2521 2302; x_wconf 84' lang='lat' dir='ltr'><strong>esse</strong></span> 
     </span>
    </p>
   </div>
   <div class='ocr_carea' id='block_1_4' title="bbox 186 2459 2518 2661">
    <p class='ocr_par' dir='ltr' id='par_1_5' title="bbox 186 2459 2518 2661">
     <span class='ocr_line' id='line_1_20' title="bbox 186 2459 2518 2525; baseline 0 -13"><span class='ocrx_word' id='word_1_164' title='bbox 186 2463 273 2514; x_wconf 72' lang='lat'><strong>64.</strong></span> <span class='ocrx_word' id='word_1_165' title='bbox 310 2477 403 2510; x_wconf 89' lang='lat' dir='ltr'><strong>nou</strong></span> <span class='ocrx_word' id='word_1_166' title='bbox 441 2469 661 2525; x_wconf 85' lang='lat' dir='ltr'><strong>possunt,</strong></span> <span class='ocrx_word' id='word_1_167' title='bbox 699 2461 745 2509; x_wconf 91' lang='lat' dir='ltr'><strong>in</strong></span> <span class='ocrx_word' id='word_1_168' title='bbox 782 2474 874 2524; x_wconf 83' lang='lat' dir='ltr'><strong>qua</strong></span> <span class='ocrx_word' id='word_1_169' title='bbox 912 2473 1007 2508; x_wconf 90' lang='lat' dir='ltr'><strong>uon</strong></span> <span class='ocrx_word' id='word_1_170' title='bbox 1036 2467 1156 2508; x_wconf 69' lang='lat' dir='ltr'><strong>sunt</strong></span> <span class='ocrx_word' id='word_1_171' title='bbox 1190 2459 1477 2523; x_wconf 77' lang='lat' dir='ltr'><strong>deprehensi</strong></span> <span class='ocrx_word' id='word_1_172' title='bbox 1513 2462 1594 2510; x_wconf 75' lang='lat' dir='ltr'><strong>Ad.</strong></span> <span class='ocrx_word' id='word_1_173' title='bbox 1686 2475 1782 2510; x_wconf 89' lang='lat' dir='ltr'><strong>non</strong></span> <span class='ocrx_word' id='word_1_174' title='bbox 1829 2462 2048 2524; x_wconf 79' lang='lat' dir='ltr'><strong>possint,</strong></span> <span class='ocrx_word' id='word_1_175' title='bbox 2095 2475 2200 2511; x_wconf 85' lang='lat' dir='ltr'><strong>eum</strong></span> <span class='ocrx_word' id='word_1_176' title='bbox 2249 2461 2378 2524; x_wconf 82' lang='lat' dir='ltr'><strong>(quia</strong></span> <span class='ocrx_word' id='word_1_177' title='bbox 2427 2461 2518 2512; x_wconf 74' lang='lat' dir='ltr'><strong>los.</strong></span> 
     </span>
     <span class='ocr_line' id='line_1_21' title="bbox 188 2527 2517 2593; baseline -0.002 -11"><span class='ocrx_word' id='word_1_178' title='bbox 188 2530 415 2593; x_wconf 81' lang='lat' dir='ltr'><strong>Scaliqer)</strong></span> <span class='ocrx_word' id='word_1_179' title='bbox 450 2543 547 2578; x_wconf 82' lang='lat' dir='ltr'><strong>non</strong></span> <span class='ocrx_word' id='word_1_180' title='bbox 583 2529 678 2578; x_wconf 86' lang='lat' dir='ltr'><strong>sint</strong></span> <span class='ocrx_word' id='word_1_181' title='bbox 712 2527 1001 2593; x_wconf 79' lang='lat' dir='ltr'><strong>deprehensi</strong></span> <span class='ocrx_word' id='word_1_182' title='bbox 1036 2528 1264 2588; x_wconf 76' lang='lat' dir='ltr'><strong>Latinius,</strong></span> <span class='ocrx_word' id='word_1_183' title='bbox 1302 2529 1393 2578; x_wconf 76' lang='lat' dir='ltr'><strong>Ios.</strong></span> <span class='ocrx_word' id='word_1_184' title='bbox 1414 2528 1637 2591; x_wconf 81' lang='lat' dir='ltr'><strong>Sculiqer.</strong></span> <span class='ocrx_word' id='word_1_185' title='bbox 1720 2542 1815 2578; x_wconf 89' lang='lat' dir='ltr'><strong>non</strong></span> <span class='ocrx_word' id='word_1_186' title='bbox 1851 2535 1963 2579; x_wconf 87' lang='lat' dir='ltr'><strong>snut</strong></span> <span class='ocrx_word' id='word_1_187' title='bbox 1995 2529 2112 2590; x_wconf 87' lang='lat' dir='ltr'><strong>(sint</strong></span> <span class='ocrx_word' id='word_1_188' title='bbox 2145 2529 2305 2589; x_wconf 73' lang='lat' dir='ltr'><strong>Dalm.)</strong></span> <span class='ocrx_word' id='word_1_189' title='bbox 2341 2529 2517 2593; x_wconf 89' lang='lat' dir='ltr'><strong>depre-</strong></span> 
     </span>
     <span class='ocr_line' id='line_1_22' title="bbox 188 2594 1557 2661; baseline -0.001 -13"><span class='ocrx_word' id='word_1_190' title='bbox 188 2599 326 2652; x_wconf 81' lang='lat' dir='ltr'><strong>hensi</strong></span> <span class='ocrx_word' id='word_1_191' title='bbox 364 2597 574 2648; x_wconf 72' lang='lat' dir='ltr'><strong>sonabo.</strong></span> <span class='ocrx_word' id='word_1_192' title='bbox 677 2594 760 2646; x_wconf 83' lang='lat'><strong>65.</strong></span> <span class='ocrx_word' id='word_1_193' title='bbox 795 2596 923 2661; x_wconf 87' lang='lat' dir='ltr'><strong>quod</strong></span> <span class='ocrx_word' id='word_1_194' title='bbox 960 2595 1254 2645; x_wconf 89' lang='lat' dir='ltr'><strong>immundum</strong></span> <span class='ocrx_word' id='word_1_195' title='bbox 1293 2604 1367 2644; x_wconf 89' lang='lat' dir='ltr'><strong>est</strong></span> <span class='ocrx_word' id='word_1_196' title='bbox 1401 2597 1557 2646; x_wconf 78' lang='lat' dir='ltr'><strong>om.A.</strong></span> 
     </span>
    </p>
   </div>
   <div class='ocr_carea' id='block_1_5' title="bbox 182 2698 2520 3102">
    <p class='ocr_par' dir='ltr' id='par_1_6' title="bbox 182 2698 2520 3102">
     <span class='ocr_line' id='line_1_23' title="bbox 327 2698 2520 2765; baseline -0.001 -16"><span class='ocrx_word' id='word_1_197' title='bbox 327 2701 442 2765; x_wconf 84' lang='lat' dir='ltr'><strong>Cap.</strong></span> <span class='ocrx_word' id='word_1_198' title='bbox 479 2700 562 2749; x_wconf 87' lang='grc' dir='ltr'><strong>ΙΙΙ.</strong></span> <span class='ocrx_word' id='word_1_199' title='bbox 648 2700 691 2748; x_wconf 94' lang='grc'><strong>1.</strong></span> <span class='ocrx_word' id='word_1_200' title='bbox 729 2699 855 2748; x_wconf 82' lang='lat' dir='ltr'><strong>Haec</strong></span> <span class='ocrx_word' id='word_1_201' title='bbox 890 2699 930 2747; x_wconf 85' lang='lat' dir='ltr'><strong>si</strong></span> <span class='ocrx_word' id='word_1_202' title='bbox 969 2699 1029 2747; x_wconf 89' lang='lat' dir='ltr'><strong>ita</strong></span> <span class='ocrx_word' id='word_1_203' title='bbox 1067 2706 1179 2748; x_wconf 86' lang='lat' dir='ltr'><strong>sunt</strong></span> <span class='ocrx_word' id='word_1_204' title='bbox 1213 2714 1310 2762; x_wconf 81' lang='lat' dir='ltr'><strong>eqo.</strong></span> <span class='ocrx_word' id='word_1_205' title='bbox 1393 2698 1520 2748; x_wconf 81' lang='lat' dir='ltr'><strong>llaec</strong></span> <span class='ocrx_word' id='word_1_206' title='bbox 1567 2700 1635 2758; x_wconf 87' lang='lat' dir='ltr'><strong>(et</strong></span> <span class='ocrx_word' id='word_1_207' title='bbox 1668 2700 1788 2750; x_wconf 83' lang='lat' dir='ltr'><strong>baec</strong></span> <span class='ocrx_word' id='word_1_208' title='bbox 1820 2700 1923 2761; x_wconf 65' lang='lat' dir='ltr'><strong>BC„</strong></span> <span class='ocrx_word' id='word_1_209' title='bbox 1970 2716 2054 2764; x_wconf 80' lang='lat' dir='ltr'><strong>pro</strong></span> <span class='ocrx_word' id='word_1_210' title='bbox 2087 2700 2231 2755; x_wconf 79' lang='lat' dir='ltr'><strong>more)</strong></span> <span class='ocrx_word' id='word_1_211' title='bbox 2281 2701 2371 2749; x_wconf 81' lang='lat' dir='ltr'><strong>tria</strong></span> <span class='ocrx_word' id='word_1_212' title='bbox 2407 2706 2520 2747; x_wconf 90' lang='lat' dir='ltr'><strong>sunt</strong></span> 
     </span>
     <span class='ocr_line' id='line_1_24' title="bbox 182 2764 2517 2830; baseline -0.003 -9"><span class='ocrx_word' id='word_1_213' title='bbox 182 2769 350 2821; x_wconf 68' lang='lat' dir='ltr'><strong>Aeco.</strong></span> <span class='ocrx_word' id='word_1_214' title='bbox 423 2768 550 2816; x_wconf 82' lang='lat' dir='ltr'><strong>Haec</strong></span> <span class='ocrx_word' id='word_1_215' title='bbox 585 2782 692 2817; x_wconf 86' lang='lat' dir='ltr'><strong>cnm</strong></span> <span class='ocrx_word' id='word_1_216' title='bbox 732 2767 791 2815; x_wconf 82' lang='lat' dir='ltr'><strong>itu</strong></span> <span class='ocrx_word' id='word_1_217' title='bbox 828 2767 923 2815; x_wconf 89' lang='lat' dir='ltr'><strong>sint</strong></span> <span class='ocrx_word' id='word_1_218' title='bbox 957 2768 1089 2816; x_wconf 80' lang='lat' dir='ltr'><strong>abed.</strong></span> <span class='ocrx_word' id='word_1_219' title='bbox 1179 2764 1225 2815; x_wconf 84' lang='lat'><strong>2.</strong></span> <span class='ocrx_word' id='word_1_220' title='bbox 1264 2774 1522 2816; x_wconf 81' lang='lat' dir='ltr'><strong>constatse</strong></span> <span class='ocrx_word' id='word_1_221' title='bbox 1540 2769 1591 2817; x_wconf 75' lang='lat' dir='ltr'><strong>A.</strong></span> <span class='ocrx_word' id='word_1_222' title='bbox 1663 2783 1772 2817; x_wconf 87' lang='lat' dir='ltr'><strong>esse</strong></span> <span class='ocrx_word' id='word_1_223' title='bbox 1808 2776 1995 2817; x_wconf 84' lang='lat' dir='ltr'><strong>constat</strong></span> <span class='ocrx_word' id='word_1_224' title='bbox 2027 2769 2211 2830; x_wconf 77' lang='lat' dir='ltr'><strong>reliqui.</strong></span> <span class='ocrx_word' id='word_1_225' title='bbox 2297 2766 2345 2815; x_wconf 87' lang='grc'><strong>3.</strong></span> <span class='ocrx_word' id='word_1_226' title='bbox 2383 2781 2517 2815; x_wconf 88' lang='lat' dir='ltr'><strong>com-</strong></span> 
     </span>
     <span class='ocr_line' id='line_1_25' title="bbox 186 2833 2517 2900; baseline -0.001 -14"><span class='ocrx_word' id='word_1_227' title='bbox 186 2838 417 2886; x_wconf 83' lang='lat' dir='ltr'><strong>munione</strong></span> <span class='ocrx_word' id='word_1_228' title='bbox 452 2835 502 2885; x_wconf 86' lang='lat' dir='ltr'><strong>B.</strong></span> <span class='ocrx_word' id='word_1_229' title='bbox 529 2852 589 2884; x_wconf 81' lang='lat' dir='ltr'><strong>m.</strong></span> <span class='ocrx_word' id='word_1_230' title='bbox 617 2851 709 2884; x_wconf 74' lang='lat' dir='ltr'><strong>sec.</strong></span> <span class='ocrx_word' id='word_1_231' title='bbox 779 2835 1147 2884; x_wconf 79' lang='lat' dir='ltr'><strong>commutatione</strong></span> <span class='ocrx_word' id='word_1_232' title='bbox 1185 2834 1269 2883; x_wconf 85' lang='lat' dir='ltr'><strong>BC.</strong></span> <span class='ocrx_word' id='word_1_233' title='bbox 1373 2833 1420 2883; x_wconf 83' lang='lat'><strong>4.</strong></span> <span class='ocrx_word' id='word_1_234' title='bbox 1461 2848 1519 2883; x_wconf 89' lang='lat' dir='ltr'><strong>ne</strong></span> <span class='ocrx_word' id='word_1_235' title='bbox 1552 2836 1709 2884; x_wconf 89' lang='lat' dir='ltr'><strong>cibum</strong></span> <span class='ocrx_word' id='word_1_236' title='bbox 1747 2835 1938 2900; x_wconf 85' lang='lat' dir='ltr'><strong>quidem</strong></span> <span class='ocrx_word' id='word_1_237' title='bbox 1972 2836 2058 2884; x_wconf 76' lang='lat' dir='ltr'><strong>Ad.</strong></span> <span class='ocrx_word' id='word_1_238' title='bbox 2128 2850 2218 2884; x_wconf 86' lang='lat' dir='ltr'><strong>nec</strong></span> <span class='ocrx_word' id='word_1_239' title='bbox 2251 2834 2407 2883; x_wconf 83' lang='lat' dir='ltr'><strong>cibum</strong></span> <span class='ocrx_word' id='word_1_240' title='bbox 2443 2849 2517 2883; x_wconf 81' lang='lat' dir='ltr'><strong>re-</strong></span> 
     </span>
     <span class='ocr_line' id='line_1_26' title="bbox 182 2899 2516 2968; baseline -0.001 -14"><span class='ocrx_word' id='word_1_241' title='bbox 182 2906 327 2968; x_wconf 80' lang='lat' dir='ltr'><strong>liqui.</strong></span> <span class='ocrx_word' id='word_1_242' title='bbox 426 2904 474 2953; x_wconf 89' lang='lat'><strong>5.</strong></span> <span class='ocrx_word' id='word_1_243' title='bbox 509 2905 599 2951; x_wconf 76' lang='lat' dir='ltr'><strong>Ant</strong></span> <span class='ocrx_word' id='word_1_244' title='bbox 631 2905 714 2954; x_wconf 75' lang='lat' dir='ltr'><strong>Ad.</strong></span> <span class='ocrx_word' id='word_1_245' title='bbox 784 2905 839 2951; x_wconf 76' lang='lat' dir='ltr'><strong>At</strong></span> <span class='ocrx_word' id='word_1_246' title='bbox 873 2903 1056 2965; x_wconf 77' lang='lat' dir='ltr'><strong>reliqui.</strong></span> <span class='ocrx_word' id='word_1_247' title='bbox 1160 2901 1206 2950; x_wconf 85' lang='grc'><strong>6.</strong></span> <span class='ocrx_word' id='word_1_248' title='bbox 1244 2899 1361 2949; x_wconf 88' lang='lat' dir='ltr'><strong>dillo</strong></span> <span class='ocrx_word' id='word_1_249' title='bbox 1396 2903 1451 2951; x_wconf 78' lang='lat' dir='ltr'><strong>A.</strong></span> <span class='ocrx_word' id='word_1_250' title='bbox 1553 2901 1601 2951; x_wconf 74' lang='lat'><strong>7.</strong></span> <span class='ocrx_word' id='word_1_251' title='bbox 1640 2903 1942 2966; x_wconf 75' lang='lat' dir='ltr'><strong>proteramus</strong></span> <span class='ocrx_word' id='word_1_252' title='bbox 1991 2902 2078 2951; x_wconf 85' lang='lat' dir='ltr'><strong>BC.</strong></span> <span class='ocrx_word' id='word_1_253' title='bbox 2183 2900 2230 2952; x_wconf 87' lang='grc'><strong>8.</strong></span> <span class='ocrx_word' id='word_1_254' title='bbox 2268 2901 2516 2951; x_wconf 85' lang='lat' dir='ltr'><strong>matrimo-</strong></span> 
     </span>
     <span class='ocr_line' id='line_1_27' title="bbox 187 2968 2516 3032; baseline -0.001 -11"><span class='ocrx_word' id='word_1_255' title='bbox 187 2972 325 3021; x_wconf 86' lang='lat' dir='ltr'><strong>nium</strong></span> <span class='ocrx_word' id='word_1_256' title='bbox 360 2973 446 3021; x_wconf 88' lang='lat' dir='ltr'><strong>rite</strong></span> <span class='ocrx_word' id='word_1_257' title='bbox 483 2977 776 3019; x_wconf 85' lang='lat' dir='ltr'><strong>contractum</strong></span> <span class='ocrx_word' id='word_1_258' title='bbox 815 2986 902 3019; x_wconf 84' lang='lat' dir='ltr'><strong>om.</strong></span> <span class='ocrx_word' id='word_1_259' title='bbox 924 2971 1007 3019; x_wconf 78' lang='lat' dir='ltr'><strong>Ad.</strong></span> <span class='ocrx_word' id='word_1_260' title='bbox 1110 2968 1155 3018; x_wconf 82' lang='lat'><strong>9.</strong></span> <span class='ocrx_word' id='word_1_261' title='bbox 1194 2976 1364 3018; x_wconf 85' lang='lat' dir='ltr'><strong>renuat</strong></span> <span class='ocrx_word' id='word_1_262' title='bbox 1397 2969 1448 3019; x_wconf 86' lang='lat' dir='ltr'><strong>B.</strong></span> <span class='ocrx_word' id='word_1_263' title='bbox 1465 2986 1526 3019; x_wconf 87' lang='lat' dir='ltr'><strong>m.</strong></span> <span class='ocrx_word' id='word_1_264' title='bbox 1553 2970 1643 3020; x_wconf 63' lang='grc' dir='ltr'><strong>ἐκ.</strong></span> <span class='ocrx_word' id='word_1_265' title='bbox 1729 2970 1883 3018; x_wconf 84' lang='lat' dir='ltr'><strong>veniat</strong></span> <span class='ocrx_word' id='word_1_266' title='bbox 1917 2969 2001 3018; x_wconf 85' lang='lat' dir='ltr'><strong>BC.</strong></span> <span class='ocrx_word' id='word_1_267' title='bbox 2109 2969 2184 3018; x_wconf 86' lang='lat'><strong>10.</strong></span> <span class='ocrx_word' id='word_1_268' title='bbox 2223 2968 2516 3032; x_wconf 84' lang='lat' dir='ltr'><strong>prohibitum</strong></span> 
     </span>
     <span class='ocr_line' id='line_1_28' title="bbox 188 3034 2516 3102; baseline 0 -15"><span class='ocrx_word' id='word_1_269' title='bbox 188 3047 269 3089; x_wconf 82' lang='lat' dir='ltr'><strong>est</strong></span> <span class='ocrx_word' id='word_1_270' title='bbox 302 3042 381 3088; x_wconf 71' lang='lat' dir='ltr'><strong>Aa.</strong></span> <span class='ocrx_word' id='word_1_271' title='bbox 450 3039 732 3101; x_wconf 80' lang='lat' dir='ltr'><strong>prohibetur</strong></span> <span class='ocrx_word' id='word_1_272' title='bbox 768 3039 951 3101; x_wconf 79' lang='lat' dir='ltr'><strong>reliqui.</strong></span> <span class='ocrx_word' id='word_1_273' title='bbox 1038 3037 1114 3085; x_wconf 90' lang='grc'><strong>11.</strong></span> <span class='ocrx_word' id='word_1_274' title='bbox 1150 3036 1353 3100; x_wconf 84' lang='lat' dir='ltr'><strong>stripum</strong></span> <span class='ocrx_word' id='word_1_275' title='bbox 1390 3038 1442 3086; x_wconf 78' lang='lat' dir='ltr'><strong>A.</strong></span> <span class='ocrx_word' id='word_1_276' title='bbox 1540 3034 1615 3085; x_wconf 84' lang='lat'><strong>12.</strong></span> <span class='ocrx_word' id='word_1_277' title='bbox 1656 3037 1776 3086; x_wconf 87' lang='lat' dir='ltr'><strong>sciat</strong></span> <span class='ocrx_word' id='word_1_278' title='bbox 1806 3039 1858 3087; x_wconf 78' lang='lat' dir='ltr'><strong>A.</strong></span> <span class='ocrx_word' id='word_1_279' title='bbox 1951 3036 2027 3086; x_wconf 87' lang='grc'><strong>13.</strong></span> <span class='ocrx_word' id='word_1_280' title='bbox 2065 3037 2242 3087; x_wconf 85' lang='lat' dir='ltr'><strong>nostris</strong></span> <span class='ocrx_word' id='word_1_281' title='bbox 2280 3044 2327 3087; x_wconf 88' lang='lat' dir='ltr'><strong>et</strong></span> <span class='ocrx_word' id='word_1_282' title='bbox 2360 3039 2516 3102; x_wconf 89' lang='lat' dir='ltr'><strong>pretio</strong></span> 
     </span>
    </p>
   </div>
   <div class='ocr_carea' id='block_1_6' title="bbox 185 3101 1220 3170">
    <p class='ocr_par' dir='ltr' id='par_1_7' title="bbox 185 3101 1220 3170">
     <span class='ocr_line' id='line_1_29' title="bbox 185 3101 1220 3170; baseline -0.003 -14"><span class='ocrx_word' id='word_1_283' title='bbox 185 3108 339 3170; x_wconf 83' lang='lat' dir='ltr'><strong>empti</strong></span> <span class='ocrx_word' id='word_1_284' title='bbox 375 3106 519 3170; x_wconf 84' lang='lat' dir='ltr'><strong>empti</strong></span> <span class='ocrx_word' id='word_1_285' title='bbox 556 3114 603 3156; x_wconf 90' lang='lat' dir='ltr'><strong>et</strong></span> <span class='ocrx_word' id='word_1_286' title='bbox 636 3108 686 3156; x_wconf 78' lang='lat' dir='ltr'><strong>A.</strong></span> <span class='ocrx_word' id='word_1_287' title='bbox 794 3105 874 3154; x_wconf 79' lang='lat'><strong>14.</strong></span> <span class='ocrx_word' id='word_1_288' title='bbox 910 3104 1071 3153; x_wconf 75' lang='lat' dir='ltr'><strong>volunt</strong></span> <span class='ocrx_word' id='word_1_289' title='bbox 1105 3101 1220 3168; x_wconf 83' lang='grc' dir='ltr'><strong>Αφ.</strong></span> 
     </span>
    </p>
   </div>
   <div class='ocr_carea' id='block_1_7' title="bbox 180 3269 1305 3541">
    <p class='ocr_par' dir='ltr' id='par_1_8' title="bbox 180 3269 1305 3541">
     <span class='ocr_line' id='line_1_30' title="bbox 256 3269 1305 3341; baseline -0.002 -16"><span class='ocrx_word' id='word_1_290' title='bbox 256 3275 307 3325; x_wconf 84' lang='grc'><strong>(1.</strong></span> <span class='ocrx_word' id='word_1_291' title='bbox 342 3269 617 3341; x_wconf 85' lang='lat' dir='ltr'><strong>extraneae]</strong></span> <span class='ocrx_word' id='word_1_292' title='bbox 676 3274 749 3323; x_wconf 85' lang='lat' dir='ltr'><strong>Cl.</strong></span> <span class='ocrx_word' id='word_1_293' title='bbox 798 3274 958 3323; x_wconf 81' lang='lat' dir='ltr'><strong>adnot.</strong></span> <span class='ocrx_word' id='word_1_294' title='bbox 1008 3272 1064 3323; x_wconf 88' lang='lat' dir='ltr'><strong>ad</strong></span> <span class='ocrx_word' id='word_1_295' title='bbox 1102 3272 1305 3337; x_wconf 76' lang='lat' dir='ltr'><strong>Apolog.</strong></span> 
     </span>
     <span class='ocr_line' id='line_1_31' title="bbox 180 3342 1303 3474; baseline -0.001 -14"><span class='ocrx_word' id='word_1_296' title='bbox 180 3342 378 3473; x_wconf 43' lang='lat' dir='ltr'><strong>allia}</strong></span> <span class='ocrx_word' id='word_1_297' title='bbox 417 3408 496 3458; x_wconf 86' lang='grc' dir='ltr'><strong>ΙΙΙ.</strong></span> <span class='ocrx_word' id='word_1_298' title='bbox 568 3425 610 3458; x_wconf 84' lang='lat' dir='ltr'><strong>a.</strong></span> <span class='ocrx_word' id='word_1_299' title='bbox 650 3423 756 3458; x_wconf 88' lang='lat' dir='ltr'><strong>cum</strong></span> <span class='ocrx_word' id='word_1_300' title='bbox 795 3404 1056 3474; x_wconf 87' lang='lat' dir='ltr'><strong>eiusmodi]</strong></span> <span class='ocrx_word' id='word_1_301' title='bbox 1105 3408 1178 3459; x_wconf 82' lang='lat' dir='ltr'><strong>ct.</strong></span> <span class='ocrx_word' id='word_1_302' title='bbox 1217 3409 1303 3459; x_wconf 83' lang='lat' dir='ltr'><strong>ad-</strong></span> 
     </span>
     <span class='ocr_line' id='line_1_32' title="bbox 180 3475 1015 3541; baseline -0.005 -11"><span class='ocrx_word' id='word_1_303' title='bbox 180 3486 293 3530; x_wconf 83' lang='lat' dir='ltr'><strong>not.</strong></span> <span class='ocrx_word' id='word_1_304' title='bbox 329 3477 387 3527; x_wconf 77' lang='lat' dir='ltr'><strong>ed</strong></span> <span class='ocrx_word' id='word_1_305' title='bbox 427 3477 493 3527; x_wconf 87' lang='lat' dir='ltr'><strong>De</strong></span> <span class='ocrx_word' id='word_1_306' title='bbox 528 3475 770 3541; x_wconf 79' lang='lat' dir='ltr'><strong>Baptismo</strong></span> <span class='ocrx_word' id='word_1_307' title='bbox 808 3491 913 3540; x_wconf 86' lang='lat' dir='ltr'><strong>cap.</strong></span> <span class='ocrx_word' id='word_1_308' title='bbox 938 3476 1015 3526; x_wconf 80' lang='lat'><strong>12.</strong></span> 
     </span>
    </p>
   </div>
   <div class='ocr_carea' id='block_1_8' title="bbox 1405 3270 2522 3543">
    <p class='ocr_par' dir='ltr' id='par_1_9' title="bbox 1405 3270 2522 3543">
     <span class='ocr_line' id='line_1_33' title="bbox 1405 3270 2515 3339; baseline 0.002 -17"><span class='ocrx_word' id='word_1_309' title='bbox 1405 3270 1590 3338; x_wconf 74' lang='lat' dir='ltr'><strong>prum?</strong></span> <span class='ocrx_word' id='word_1_310' title='bbox 1636 3271 1974 3323; x_wconf 73' lang='lat' dir='ltr'><strong>Adulterium?</strong></span> <span class='ocrx_word' id='word_1_311' title='bbox 2030 3275 2158 3325; x_wconf 84' lang='lat' dir='ltr'><strong>llaec</strong></span> <span class='ocrx_word' id='word_1_312' title='bbox 2192 3274 2288 3325; x_wconf 83' lang='lat' dir='ltr'><strong>alio</strong></span> <span class='ocrx_word' id='word_1_313' title='bbox 2324 3274 2515 3339; x_wconf 84' lang='lat' dir='ltr'><strong>quidem</strong></span> 
     </span>
     <span class='ocr_line' id='line_1_34' title="bbox 1406 3341 2517 3405; baseline 0.001 -15"><span class='ocrx_word' id='word_1_314' title='bbox 1406 3342 1527 3403; x_wconf 83' lang='lat' dir='ltr'><strong>legis</strong></span> <span class='ocrx_word' id='word_1_315' title='bbox 1562 3341 1718 3405; x_wconf 82' lang='lat' dir='ltr'><strong>capite</strong></span> <span class='ocrx_word' id='word_1_316' title='bbox 1739 3350 1969 3402; x_wconf 83' lang='lat' dir='ltr'><strong>vetantur,</strong></span> <span class='ocrx_word' id='word_1_317' title='bbox 2007 3358 2100 3393; x_wconf 89' lang='lat' dir='ltr'><strong>non</strong></span> <span class='ocrx_word' id='word_1_318' title='bbox 2127 3344 2233 3393; x_wconf 89' lang='lat' dir='ltr'><strong>isto.</strong></span> <span class='ocrx_word' id='word_1_319' title='bbox 2285 3341 2517 3392; x_wconf 80' lang='lat' dir='ltr'><strong>Christia-</strong></span> 
     </span>
     <span class='ocr_line' id='line_1_35' title="bbox 1406 3409 2519 3474; baseline 0.001 -15"><span class='ocrx_word' id='word_1_320' title='bbox 1406 3424 1514 3467; x_wconf 86' lang='lat' dir='ltr'><strong>nus,</strong></span> <span class='ocrx_word' id='word_1_321' title='bbox 1551 3422 1639 3457; x_wconf 87' lang='lat' dir='ltr'><strong>seu</strong></span> <span class='ocrx_word' id='word_1_322' title='bbox 1676 3409 1761 3469; x_wconf 80' lang='lat' dir='ltr'><strong>vir,</strong></span> <span class='ocrx_word' id='word_1_323' title='bbox 1806 3424 1891 3459; x_wconf 74' lang='lat' dir='ltr'><strong>seu</strong></span> <span class='ocrx_word' id='word_1_324' title='bbox 1930 3410 2125 3473; x_wconf 77' lang='lat' dir='ltr'><strong>femina,</strong></span> <span class='ocrx_word' id='word_1_325' title='bbox 2172 3410 2403 3474; x_wconf 88' lang='lat' dir='ltr'><strong>templum</strong></span> <span class='ocrx_word' id='word_1_326' title='bbox 2439 3409 2519 3460; x_wconf 87' lang='lat' dir='ltr'><strong>dei</strong></span> 
     </span>
     <span class='ocr_line' id='line_1_36' title="bbox 1407 3476 2522 3543; baseline 0.001 -17"><span class='ocrx_word' id='word_1_327' title='bbox 1407 3485 1497 3528; x_wconf 90' lang='lat' dir='ltr'><strong>est.</strong></span> <span class='ocrx_word' id='word_1_328' title='bbox 1542 3476 1736 3526; x_wconf 77' lang='lat' dir='ltr'><strong>Femina</strong></span> <span class='ocrx_word' id='word_1_329' title='bbox 1775 3476 2062 3539; x_wconf 84' lang='lat' dir='ltr'><strong>Christiana,</strong></span> <span class='ocrx_word' id='word_1_330' title='bbox 2099 3493 2220 3543; x_wconf 86' lang='lat' dir='ltr'><strong>quae</strong></span> <span class='ocrx_word' id='word_1_331' title='bbox 2255 3479 2355 3531; x_wconf 79' lang='lat' dir='ltr'><strong>viro</strong></span> <span class='ocrx_word' id='word_1_332' title='bbox 2385 3478 2522 3527; x_wconf 87' lang='lat' dir='ltr'><strong>nubit</strong></span> 
     </span>
    </p>
   </div>
   <div class='ocr_carea' id='block_1_9' title="bbox 3220 83 3226 1323">
    <p class='ocr_par' dir='ltr' id='par_1_10' title="bbox 3220 83 3226 1323">
     <span class='ocr_line' id='line_1_37' title="bbox 3220 83 3226 1323; baseline 0 0"><span class='ocrx_word' id='word_1_333' title='bbox 3220 83 3226 1323; x_wconf 95' lang='lat' dir='ltr'><strong> </strong></span> 
     </span>
    </p>
   </div>
   <div class='ocr_carea' id='block_1_10' title="bbox 3229 2144 3235 2905">
    <p class='ocr_par' dir='ltr' id='par_1_11' title="bbox 3229 2144 3235 2905">
     <span class='ocr_line' id='line_1_38' title="bbox 3229 2144 3235 2905; baseline 0 0"><span class='ocrx_word' id='word_1_334' title='bbox 3229 2144 3235 2905; x_wconf 95' lang='lat' dir='ltr'><strong> </strong></span> 
     </span>
    </p>
   </div>
   <div class='ocr_carea' id='block_1_11' title="bbox 149 3544 1311 4760">
    <p class='ocr_par' dir='ltr' id='par_1_12' title="bbox 149 3544 1311 4760">
     <span class='ocr_line' id='line_1_39' title="bbox 256 3544 1305 3610; baseline 0 -17"><span class='ocrx_word' id='word_1_335' title='bbox 256 3544 307 3593; x_wconf 92' lang='lat' dir='ltr'><strong>b.</strong></span> <span class='ocrx_word' id='word_1_336' title='bbox 341 3544 530 3594; x_wconf 83' lang='lat' dir='ltr'><strong>tabulas</strong></span> <span class='ocrx_word' id='word_1_337' title='bbox 564 3544 805 3608; x_wconf 78' lang='lat' dir='ltr'><strong>nuptiales</strong></span> <span class='ocrx_word' id='word_1_338' title='bbox 839 3545 899 3593; x_wconf 84' lang='lat' dir='ltr'><strong>de</strong></span> <span class='ocrx_word' id='word_1_339' title='bbox 934 3544 1021 3594; x_wconf 89' lang='lat' dir='ltr'><strong>illo</strong></span> <span class='ocrx_word' id='word_1_340' title='bbox 1056 3545 1181 3610; x_wconf 85' lang='lat' dir='ltr'><strong>apud</strong></span> <span class='ocrx_word' id='word_1_341' title='bbox 1219 3546 1305 3594; x_wconf 88' lang='lat' dir='ltr'><strong>tri·-</strong></span> 
     </span>
     <span class='ocr_line' id='line_1_40' title="bbox 174 3608 1309 3678; baseline -0.003 -13"><span class='ocrx_word' id='word_1_342' title='bbox 174 3613 336 3665; x_wconf 83' lang='lat' dir='ltr'><strong>bunal</strong></span> <span class='ocrx_word' id='word_1_343' title='bbox 372 3612 552 3663; x_wconf 87' lang='lat' dir='ltr'><strong>domini</strong></span> <span class='ocrx_word' id='word_1_344' title='bbox 588 3608 918 3678; x_wconf 70' lang='lat' dir='ltr'><strong>proferemus]</strong></span> <span class='ocrx_word' id='word_1_345' title='bbox 954 3613 1102 3663; x_wconf 84' lang='lat' dir='ltr'><strong>Erant</strong></span> <span class='ocrx_word' id='word_1_346' title='bbox 1125 3613 1309 3663; x_wconf 85' lang='lat' dir='ltr'><strong>scilicet</strong></span> 
     </span>
     <span class='ocr_line' id='line_1_41' title="bbox 176 3680 1304 3747; baseline 0 -17"><span class='ocrx_word' id='word_1_347' title='bbox 176 3696 316 3747; x_wconf 81' lang='lat' dir='ltr'><strong>quae</strong></span> <span class='ocrx_word' id='word_1_348' title='bbox 364 3680 546 3730; x_wconf 82' lang='lat' dir='ltr'><strong>maritis</strong></span> <span class='ocrx_word' id='word_1_349' title='bbox 593 3695 689 3730; x_wconf 88' lang='lat' dir='ltr'><strong>non</strong></span> <span class='ocrx_word' id='word_1_350' title='bbox 727 3680 1012 3730; x_wconf 82' lang='lat' dir='ltr'><strong>Christianis</strong></span> <span class='ocrx_word' id='word_1_351' title='bbox 1053 3681 1304 3742; x_wconf 82' lang='lat' dir='ltr'><strong>nuberent,</strong></span> 
     </span>
     <span class='ocr_line' id='line_1_42' title="bbox 176 3748 1304 3800; baseline -0.002 0"><span class='ocrx_word' id='word_1_352' title='bbox 176 3764 245 3800; x_wconf 71' lang='lat' dir='ltr'><strong>nc</strong></span> <span class='ocrx_word' id='word_1_353' title='bbox 283 3748 595 3798; x_wconf 84' lang='lat' dir='ltr'><strong>nibilominus</strong></span> <span class='ocrx_word' id='word_1_354' title='bbox 643 3750 689 3797; x_wconf 90' lang='lat' dir='ltr'><strong>in</strong></span> <span class='ocrx_word' id='word_1_355' title='bbox 737 3748 932 3798; x_wconf 86' lang='lat' dir='ltr'><strong>domiuo</strong></span> <span class='ocrx_word' id='word_1_356' title='bbox 982 3748 1163 3798; x_wconf 87' lang='lat' dir='ltr'><strong>nubere</strong></span> <span class='ocrx_word' id='word_1_357' title='bbox 1197 3764 1304 3798; x_wconf 86' lang='lat' dir='ltr'><strong>cre·</strong></span> 
     </span>
     <span class='ocr_line' id='line_1_43' title="bbox 175 3815 1303 3879; baseline -0.002 -12"><span class='ocrx_word' id='word_1_358' title='bbox 175 3817 377 3876; x_wconf 77' lang='lat' dir='ltr'><strong>det-eut,</strong></span> <span class='ocrx_word' id='word_1_359' title='bbox 413 3816 591 3879; x_wconf 86' lang='lat' dir='ltr'><strong>nuptiis</strong></span> <span class='ocrx_word' id='word_1_360' title='bbox 626 3815 845 3869; x_wconf 73' lang='lat' dir='ltr'><strong>videlicet</strong></span> <span class='ocrx_word' id='word_1_361' title='bbox 885 3816 1021 3866; x_wconf 87' lang='lat' dir='ltr'><strong>iustis</strong></span> <span class='ocrx_word' id='word_1_362' title='bbox 1056 3832 1111 3866; x_wconf 83' lang='lat' dir='ltr'><strong>ac</strong></span> <span class='ocrx_word' id='word_1_363' title='bbox 1148 3816 1303 3878; x_wconf 80' lang='lat' dir='ltr'><strong>legiti-</strong></span> 
     </span>
     <span class='ocr_line' id='line_1_44' title="bbox 176 3884 1305 3948; baseline -0.002 -13"><span class='ocrx_word' id='word_1_364' title='bbox 176 3884 303 3944; x_wconf 79' lang='lat' dir='ltr'><strong>mis,</strong></span> <span class='ocrx_word' id='word_1_365' title='bbox 357 3892 403 3934; x_wconf 86' lang='lat' dir='ltr'><strong>et</strong></span> <span class='ocrx_word' id='word_1_366' title='bbox 450 3884 711 3933; x_wconf 85' lang='lat' dir='ltr'><strong>liberorum</strong></span> <span class='ocrx_word' id='word_1_367' title='bbox 757 3884 1159 3948; x_wconf 82' lang='lat' dir='ltr'><strong>quaerendorum,</strong></span> <span class='ocrx_word' id='word_1_368' title='bbox 1209 3898 1305 3933; x_wconf 88' lang='lat' dir='ltr'><strong>non</strong></span> 
     </span>
     <span class='ocr_line' id='line_1_45' title="bbox 178 3951 1306 4002; baseline -0.001 0"><span class='ocrx_word' id='word_1_369' title='bbox 178 3951 406 4002; x_wconf 86' lang='lat' dir='ltr'><strong>libidinis</strong></span> <span class='ocrx_word' id='word_1_370' title='bbox 454 3966 615 4000; x_wconf 76' lang='lat' dir='ltr'><strong>caiisa.</strong></span> <span class='ocrx_word' id='word_1_371' title='bbox 699 3951 871 4001; x_wconf 76' lang='lat' dir='ltr'><strong>Verum</strong></span> <span class='ocrx_word' id='word_1_372' title='bbox 922 3952 1067 4002; x_wconf 80' lang='lat' dir='ltr'><strong>hosce</strong></span> <span class='ocrx_word' id='word_1_373' title='bbox 1116 3951 1306 4002; x_wconf 84' lang='lat' dir='ltr'><strong>colores</strong></span> 
     </span>
     <span class='ocr_line' id='line_1_46' title="bbox 174 4018 1303 4085; baseline -0.002 -15"><span class='ocrx_word' id='word_1_374' title='bbox 174 4019 334 4071; x_wconf 81' lang='lat' dir='ltr'><strong>diluit</strong></span> <span class='ocrx_word' id='word_1_375' title='bbox 352 4018 675 4068; x_wconf 79' lang='lat' dir='ltr'><strong>Tertullianus</strong></span> <span class='ocrx_word' id='word_1_376' title='bbox 712 4033 1064 4085; x_wconf 81' lang='lat' dir='ltr'><strong>conversusque</strong></span> <span class='ocrx_word' id='word_1_377' title='bbox 1099 4020 1157 4068; x_wconf 85' lang='lat' dir='ltr'><strong>ad</strong></span> <span class='ocrx_word' id='word_1_378' title='bbox 1188 4033 1303 4068; x_wconf 87' lang='lat' dir='ltr'><strong>uxo·</strong></span> 
     </span>
     <span class='ocr_line' id='line_1_47' title="bbox 174 4086 1303 4150; baseline -0.001 -12"><span class='ocrx_word' id='word_1_379' title='bbox 174 4101 314 4147; x_wconf 86' lang='lat' dir='ltr'><strong>rem,</strong></span> <span class='ocrx_word' id='word_1_380' title='bbox 348 4086 452 4136; x_wconf 82' lang='lat' dir='ltr'><strong>Non</strong></span> <span class='ocrx_word' id='word_1_381' title='bbox 490 4087 608 4136; x_wconf 81' lang='lat' dir='ltr'><strong>satis</strong></span> <span class='ocrx_word' id='word_1_382' title='bbox 643 4095 734 4147; x_wconf 82' lang='lat' dir='ltr'><strong>est,</strong></span> <span class='ocrx_word' id='word_1_383' title='bbox 772 4087 938 4150; x_wconf 88' lang='lat' dir='ltr'><strong>inquit,</strong></span> <span class='ocrx_word' id='word_1_384' title='bbox 976 4089 1066 4137; x_wconf 85' lang='lat' dir='ltr'><strong>rite</strong></span> <span class='ocrx_word' id='word_1_385' title='bbox 1102 4103 1157 4138; x_wconf 85' lang='lat' dir='ltr'><strong>ac</strong></span> <span class='ocrx_word' id='word_1_386' title='bbox 1185 4087 1303 4150; x_wconf 80' lang='lat' dir='ltr'><strong>legi·</strong></span> 
     </span>
     <span class='ocr_line' id='line_1_48' title="bbox 176 4154 1305 4218; baseline -0.001 -13"><span class='ocrx_word' id='word_1_387' title='bbox 176 4156 307 4206; x_wconf 87' lang='lat' dir='ltr'><strong>time</strong></span> <span class='ocrx_word' id='word_1_388' title='bbox 344 4155 567 4218; x_wconf 84' lang='lat' dir='ltr'><strong>nupsisse</strong></span> <span class='ocrx_word' id='word_1_389' title='bbox 614 4162 661 4202; x_wconf 84' lang='lat' dir='ltr'><strong>et</strong></span> <span class='ocrx_word' id='word_1_390' title='bbox 708 4154 913 4216; x_wconf 84' lang='lat' dir='ltr'><strong>coniugii</strong></span> <span class='ocrx_word' id='word_1_391' title='bbox 961 4155 1103 4205; x_wconf 75' lang='lat' dir='ltr'><strong>fldem</strong></span> <span class='ocrx_word' id='word_1_392' title='bbox 1141 4164 1305 4206; x_wconf 79' lang='lat' dir='ltr'><strong>sancte</strong></span> 
     </span>
     <span class='ocr_line' id='line_1_49' title="bbox 175 4222 1305 4281; baseline 0.001 -9"><span class='ocrx_word' id='word_1_393' title='bbox 175 4222 420 4281; x_wconf 83' lang='lat' dir='ltr'><strong>coluisse,</strong></span> <span class='ocrx_word' id='word_1_394' title='bbox 473 4237 563 4271; x_wconf 86' lang='lat' dir='ltr'><strong>nec</strong></span> <span class='ocrx_word' id='word_1_395' title='bbox 607 4223 690 4271; x_wconf 87' lang='lat' dir='ltr'><strong>tibi</strong></span> <span class='ocrx_word' id='word_1_396' title='bbox 739 4237 931 4272; x_wconf 75' lang='lat' dir='ltr'><strong>causam</strong></span> <span class='ocrx_word' id='word_1_397' title='bbox 980 4232 1089 4273; x_wconf 87' lang='lat' dir='ltr'><strong>ante</strong></span> <span class='ocrx_word' id='word_1_398' title='bbox 1124 4224 1305 4273; x_wconf 80' lang='lat' dir='ltr'><strong>domiui</strong></span> 
     </span>
     <span class='ocr_line' id='line_1_50' title="bbox 176 4290 1307 4355; baseline -0.001 -14"><span class='ocrx_word' id='word_1_399' title='bbox 176 4290 400 4341; x_wconf 78' lang='lat' dir='ltr'><strong>tribunal</strong></span> <span class='ocrx_word' id='word_1_400' title='bbox 439 4290 612 4340; x_wconf 88' lang='lat' dir='ltr'><strong>dicenti</strong></span> <span class='ocrx_word' id='word_1_401' title='bbox 666 4290 920 4355; x_wconf 82' lang='lat' dir='ltr'><strong>quicquam</strong></span> <span class='ocrx_word' id='word_1_402' title='bbox 970 4291 1185 4354; x_wconf 85' lang='lat' dir='ltr'><strong>proderit</strong></span> <span class='ocrx_word' id='word_1_403' title='bbox 1234 4299 1307 4340; x_wconf 81' lang='lat' dir='ltr'><strong>ta·</strong></span> 
     </span>
     <span class='ocr_line' id='line_1_51' title="bbox 170 4356 1308 4422; baseline 0.001 -13"><span class='ocrx_word' id='word_1_404' title='bbox 170 4359 331 4409; x_wconf 76' lang='lat' dir='ltr'><strong>bulas</strong></span> <span class='ocrx_word' id='word_1_405' title='bbox 368 4356 604 4422; x_wconf 85' lang='lat' dir='ltr'><strong>nuptiales</strong></span> <span class='ocrx_word' id='word_1_406' title='bbox 641 4359 879 4422; x_wconf 85' lang='lat' dir='ltr'><strong>prolerre.</strong></span> <span class='ocrx_word' id='word_1_407' title='bbox 966 4360 1082 4409; x_wconf 84' lang='lat' dir='ltr'><strong>Nam</strong></span> <span class='ocrx_word' id='word_1_408' title='bbox 1118 4359 1308 4410; x_wconf 84' lang='lat' dir='ltr'><strong>tabulas</strong></span> 
     </span>
     <span class='ocr_line' id='line_1_52' title="bbox 174 4424 1311 4487; baseline 0 -11"><span class='ocrx_word' id='word_1_409' title='bbox 174 4425 445 4487; x_wconf 75' lang='lat' dir='ltr'><strong>allegando</strong></span> <span class='ocrx_word' id='word_1_410' title='bbox 481 4425 751 4487; x_wconf 79' lang='lat' dir='ltr'><strong>coniugium</strong></span> <span class='ocrx_word' id='word_1_411' title='bbox 802 4424 1034 4486; x_wconf 72' lang='lat' dir='ltr'><strong>allegabis</strong></span> <span class='ocrx_word' id='word_1_412' title='bbox 1088 4440 1194 4477; x_wconf 81' lang='lat' dir='ltr'><strong>cum</strong></span> <span class='ocrx_word' id='word_1_413' title='bbox 1231 4428 1311 4476; x_wconf 83' lang='lat' dir='ltr'><strong>in·</strong></span> 
     </span>
     <span class='ocr_line' id='line_1_53' title="bbox 176 4492 1306 4558; baseline 0 -14"><span class='ocrx_word' id='word_1_414' title='bbox 176 4493 341 4552; x_wconf 74' lang='lat' dir='ltr'><strong>fideli,</strong></span> <span class='ocrx_word' id='word_1_415' title='bbox 378 4502 423 4543; x_wconf 89' lang='lat' dir='ltr'><strong>et</strong></span> <span class='ocrx_word' id='word_1_416' title='bbox 458 4492 744 4555; x_wconf 72' lang='lat' dir='ltr'><strong>allegatione</strong></span> <span class='ocrx_word' id='word_1_417' title='bbox 780 4501 859 4541; x_wconf 87' lang='lat' dir='ltr'><strong>tua</strong></span> <span class='ocrx_word' id='word_1_418' title='bbox 895 4501 943 4542; x_wconf 90' lang='lat' dir='ltr'><strong>te</strong></span> <span class='ocrx_word' id='word_1_419' title='bbox 979 4494 1132 4558; x_wconf 81' lang='lat' dir='ltr'><strong>ipsam</strong></span> <span class='ocrx_word' id='word_1_420' title='bbox 1169 4495 1306 4544; x_wconf 82' lang='lat' dir='ltr'><strong>dam-</strong></span> 
     </span>
     <span class='ocr_line' id='line_1_54' title="bbox 177 4560 1307 4625; baseline 0 -14"><span class='ocrx_word' id='word_1_421' title='bbox 177 4561 332 4611; x_wconf 81' lang='lat' dir='ltr'><strong>nabis</strong></span> <span class='ocrx_word' id='word_1_422' title='bbox 364 4562 565 4625; x_wconf 84' lang='lat' dir='ltr'><strong>peccati,</strong></span> <span class='ocrx_word' id='word_1_423' title='bbox 602 4561 729 4624; x_wconf 87' lang='lat' dir='ltr'><strong>quod</strong></span> <span class='ocrx_word' id='word_1_424' title='bbox 770 4560 929 4609; x_wconf 80' lang='lat' dir='ltr'><strong>evitari</strong></span> <span class='ocrx_word' id='word_1_425' title='bbox 967 4560 1190 4611; x_wconf 82' lang='lat' dir='ltr'><strong>dominns</strong></span> <span class='ocrx_word' id='word_1_426' title='bbox 1217 4576 1307 4625; x_wconf 86' lang='lat' dir='ltr'><strong>per</strong></span> 
     </span>
     <span class='ocr_line' id='line_1_55' title="bbox 149 4627 1305 4692; baseline -0.001 -13"><span class='ocrx_word' id='word_1_427' title='bbox 149 4630 466 4692; x_wconf 52' lang='lat' dir='ltr'><strong>apostolum</strong></span> <span class='ocrx_word' id='word_1_428' title='bbox 503 4628 656 4679; x_wconf 82' lang='lat' dir='ltr'><strong>iussit.</strong></span> <span class='ocrx_word' id='word_1_429' title='bbox 710 4628 833 4687; x_wconf 83' lang='lat' dir='ltr'><strong>Quid</strong></span> <span class='ocrx_word' id='word_1_430' title='bbox 870 4627 995 4677; x_wconf 91' lang='lat' dir='ltr'><strong>enim</strong></span> <span class='ocrx_word' id='word_1_431' title='bbox 1033 4629 1109 4678; x_wconf 78' lang='lat' dir='ltr'><strong>bis</strong></span> <span class='ocrx_word' id='word_1_432' title='bbox 1132 4630 1305 4689; x_wconf 81' lang='lat' dir='ltr'><strong>verbis,</strong></span> 
     </span>
     <span class='ocr_line' id='line_1_56' title="bbox 178 4692 1305 4760; baseline 0 -13"><span class='ocrx_word' id='word_1_433' title='bbox 178 4697 395 4748; x_wconf 80' lang='lat' dir='ltr'><strong>Tantum</strong></span> <span class='ocrx_word' id='word_1_434' title='bbox 431 4698 480 4748; x_wconf 84' lang='lat' dir='ltr'><strong>iu</strong></span> <span class='ocrx_word' id='word_1_435' title='bbox 502 4696 715 4758; x_wconf 87' lang='lat' dir='ltr'><strong>domino,</strong></span> <span class='ocrx_word' id='word_1_436' title='bbox 750 4696 942 4746; x_wconf 73' lang='lat' dir='ltr'><strong>vetitum</strong></span> <span class='ocrx_word' id='word_1_437' title='bbox 962 4692 1144 4760; x_wconf 74' lang='lat' dir='ltr'><strong>putas?</strong></span> <span class='ocrx_word' id='word_1_438' title='bbox 1188 4697 1305 4747; x_wconf 86' lang='lat' dir='ltr'><strong>Stu-</strong></span> 
     </span>
    </p>
   </div>
   <div class='ocr_carea' id='block_1_12' title="bbox 1406 3545 2520 3745">
    <p class='ocr_par' dir='ltr' id='par_1_13' title="bbox 1406 3545 2520 3745">
     <span class='ocr_line' id='line_1_57' title="bbox 1409 3545 2520 3626; baseline 0.001 -32"><span class='ocrx_word' id='word_1_439' title='bbox 1409 3559 1504 3622; x_wconf 82' lang='lat' dir='ltr'><strong>non</strong></span> <span class='ocrx_word' id='word_1_440' title='bbox 1540 3545 2059 3625; x_wconf 47' lang='lat' dir='ltr'><strong>Christiano,·templo</strong></span> <span class='ocrx_word' id='word_1_441' title='bbox 2093 3546 2171 3597; x_wconf 88' lang='lat' dir='ltr'><strong>dei</strong></span> <span class='ocrx_word' id='word_1_442' title='bbox 2207 3545 2520 3626; x_wconf 75' lang='lat' dir='ltr'><strong>contaminari</strong></span> 
     </span>
     <span class='ocr_line' id='line_1_58' title="bbox 1409 3621 2518 3680; baseline 0.002 -19"><span class='ocrx_word' id='word_1_443' title='bbox 1409 3621 1456 3662; x_wconf 89' lang='lat' dir='ltr'><strong>et</strong></span> <span class='ocrx_word' id='word_1_444' title='bbox 1491 3626 1728 3676; x_wconf 77' lang='lat' dir='ltr'><strong>inquinari</strong></span> <span class='ocrx_word' id='word_1_445' title='bbox 1765 3621 1957 3677; x_wconf 77' lang='lat' dir='ltr'><strong>patitur,</strong></span> <span class='ocrx_word' id='word_1_446' title='bbox 2009 3629 2106 3663; x_wconf 82' lang='lat' dir='ltr'><strong>imo</strong></span> <span class='ocrx_word' id='word_1_447' title='bbox 2154 3623 2340 3679; x_wconf 77' lang='lat' dir='ltr'><strong>turpius</strong></span> <span class='ocrx_word' id='word_1_448' title='bbox 2377 3628 2518 3680; x_wconf 86' lang='lat' dir='ltr'><strong>quam</strong></span> 
     </span>
     <span class='ocr_line' id='line_1_59' title="bbox 1406 3680 2519 3745; baseline 0.002 -15"><span class='ocrx_word' id='word_1_449' title='bbox 1406 3680 1638 3730; x_wconf 82' lang='lat' dir='ltr'><strong>adultera.</strong></span> <span class='ocrx_word' id='word_1_450' title='bbox 1708 3681 1891 3745; x_wconf 82' lang='lat' dir='ltr'><strong>Nempe</strong></span> <span class='ocrx_word' id='word_1_451' title='bbox 1955 3682 2097 3732; x_wconf 81' lang='lat' dir='ltr'><strong>alieni</strong></span> <span class='ocrx_word' id='word_1_452' title='bbox 2153 3683 2236 3732; x_wconf 84' lang='lat' dir='ltr'><strong>viri</strong></span> <span class='ocrx_word' id='word_1_453' title='bbox 2290 3682 2519 3732; x_wconf 75' lang='lat' dir='ltr'><strong>admissio</strong></span> 
     </span>
    </p>
   </div>
   <div class='ocr_carea' id='block_1_13' title="bbox 1362 3747 2520 3811">
    <p class='ocr_par' dir='ltr' id='par_1_14' title="bbox 1362 3747 2520 3811">
     <span class='ocr_line' id='line_1_60' title="bbox 1362 3747 2520 3811; baseline 0.003 -15"><span class='ocrx_word' id='word_1_454' title='bbox 1362 3774 1371 3781; x_wconf 95' lang='lat'>-</span> <span class='ocrx_word' id='word_1_455' title='bbox 1407 3747 1638 3811; x_wconf 88' lang='lat' dir='ltr'><strong>templum</strong></span> <span class='ocrx_word' id='word_1_456' title='bbox 1662 3747 1781 3797; x_wconf 87' lang='lat' dir='ltr'><strong>illud</strong></span> <span class='ocrx_word' id='word_1_457' title='bbox 1805 3751 1961 3799; x_wconf 85' lang='lat' dir='ltr'><strong>minus</strong></span> <span class='ocrx_word' id='word_1_458' title='bbox 1983 3750 2141 3810; x_wconf 84' lang='lat' dir='ltr'><strong>violat,</strong></span> <span class='ocrx_word' id='word_1_459' title='bbox 2178 3751 2336 3799; x_wconf 89' lang='lat' dir='ltr'><strong>minus</strong></span> <span class='ocrx_word' id='word_1_460' title='bbox 2365 3764 2520 3799; x_wconf 86' lang='lat' dir='ltr'><strong>mem·</strong></span> 
     </span>
    </p>
   </div>
   <div class='ocr_carea' id='block_1_14' title="bbox 1406 3815 2522 4820">
    <p class='ocr_par' dir='ltr' id='par_1_15' title="bbox 1406 3815 2521 4421">
     <span class='ocr_line' id='line_1_61' title="bbox 1408 3815 2518 3867; baseline 0 -2"><span class='ocrx_word' id='word_1_461' title='bbox 1408 3815 1491 3865; x_wconf 85' lang='lat' dir='ltr'><strong>bra</strong></span> <span class='ocrx_word' id='word_1_462' title='bbox 1514 3815 1691 3864; x_wconf 82' lang='lat' dir='ltr'><strong>Christi</strong></span> <span class='ocrx_word' id='word_1_463' title='bbox 1728 3829 1833 3864; x_wconf 80' lang='lat' dir='ltr'><strong>eum</strong></span> <span class='ocrx_word' id='word_1_464' title='bbox 1872 3818 2100 3867; x_wconf 80' lang='lat' dir='ltr'><strong>membris</strong></span> <span class='ocrx_word' id='word_1_465' title='bbox 2119 3817 2364 3866; x_wconf 79' lang='lat' dir='ltr'><strong>adulterae</strong></span> <span class='ocrx_word' id='word_1_466' title='bbox 2384 3830 2518 3867; x_wconf 82' lang='lat' dir='ltr'><strong>eom-</strong></span> 
     </span>
     <span class='ocr_line' id='line_1_62' title="bbox 1406 3883 2520 3947; baseline 0 -15"><span class='ocrx_word' id='word_1_467' title='bbox 1406 3883 1590 3932; x_wconf 82' lang='lat' dir='ltr'><strong>miscet.</strong></span> <span class='ocrx_word' id='word_1_468' title='bbox 1642 3883 1780 3941; x_wconf 82' lang='lat' dir='ltr'><strong>Quod</strong></span> <span class='ocrx_word' id='word_1_469' title='bbox 1816 3892 1870 3933; x_wconf 90' lang='lat' dir='ltr'><strong>ut</strong></span> <span class='ocrx_word' id='word_1_470' title='bbox 1902 3886 2027 3934; x_wconf 84' lang='lat' dir='ltr'><strong>scias</strong></span> <span class='ocrx_word' id='word_1_471' title='bbox 2063 3899 2119 3933; x_wconf 79' lang='lat' dir='ltr'><strong>ac</strong></span> <span class='ocrx_word' id='word_1_472' title='bbox 2137 3883 2389 3946; x_wconf 73' lang='lat' dir='ltr'><strong>diligenter</strong></span> <span class='ocrx_word' id='word_1_473' title='bbox 2404 3898 2520 3947; x_wconf 85' lang='lat' dir='ltr'><strong>per-</strong></span> 
     </span>
     <span class='ocr_line' id='line_1_63' title="bbox 1407 3949 2520 4015; baseline 0.001 -15"><span class='ocrx_word' id='word_1_474' title='bbox 1407 3949 1591 4015; x_wconf 82' lang='lat' dir='ltr'><strong>pendas</strong></span> <span class='ocrx_word' id='word_1_475' title='bbox 1638 3950 1779 4000; x_wconf 87' lang='lat' dir='ltr'><strong>etiam</strong></span> <span class='ocrx_word' id='word_1_476' title='bbox 1827 3958 1968 4015; x_wconf 85' lang='lat' dir='ltr'><strong>atque</strong></span> <span class='ocrx_word' id='word_1_477' title='bbox 2016 3951 2156 4000; x_wconf 85' lang='lat' dir='ltr'><strong>etiam</strong></span> <span class='ocrx_word' id='word_1_478' title='bbox 2204 3950 2328 4000; x_wconf 81' lang='lat' dir='ltr'><strong>volo.</strong></span> <span class='ocrx_word' id='word_1_479' title='bbox 2414 3952 2520 4001; x_wconf 83' lang='lat' dir='ltr'><strong>Non</strong></span> 
     </span>
     <span class='ocr_line' id='line_1_64' title="bbox 1406 4018 2519 4084; baseline 0.001 -16"><span class='ocrx_word' id='word_1_480' title='bbox 1406 4032 1575 4068; x_wconf 87' lang='lat' dir='ltr'><strong>sumus</strong></span> <span class='ocrx_word' id='word_1_481' title='bbox 1612 4018 1784 4077; x_wconf 82' lang='lat' dir='ltr'><strong>nostri,</strong></span> <span class='ocrx_word' id='word_1_482' title='bbox 1819 4018 1905 4068; x_wconf 86' lang='lat' dir='ltr'><strong>sed</strong></span> <span class='ocrx_word' id='word_1_483' title='bbox 1942 4021 2097 4083; x_wconf 86' lang='lat' dir='ltr'><strong>pretio</strong></span> <span class='ocrx_word' id='word_1_484' title='bbox 2135 4019 2298 4083; x_wconf 87' lang='lat' dir='ltr'><strong>empti,</strong></span> <span class='ocrx_word' id='word_1_485' title='bbox 2330 4027 2376 4069; x_wconf 89' lang='lat' dir='ltr'><strong>et</strong></span> <span class='ocrx_word' id='word_1_486' title='bbox 2410 4020 2519 4084; x_wconf 84' lang='lat' dir='ltr'><strong>qui-</strong></span> 
     </span>
     <span class='ocr_line' id='line_1_65' title="bbox 1409 4086 2520 4150; baseline 0 -14"><span class='ocrx_word' id='word_1_487' title='bbox 1409 4086 1516 4137; x_wconf 88' lang='lat' dir='ltr'><strong>dem</strong></span> <span class='ocrx_word' id='word_1_488' title='bbox 1540 4086 1770 4148; x_wconf 81' lang='lat' dir='ltr'><strong>sanguine</strong></span> <span class='ocrx_word' id='word_1_489' title='bbox 1794 4086 1884 4135; x_wconf 88' lang='lat' dir='ltr'><strong>dei.</strong></span> <span class='ocrx_word' id='word_1_490' title='bbox 1934 4087 2199 4136; x_wconf 84' lang='lat' dir='ltr'><strong>Laedentes</strong></span> <span class='ocrx_word' id='word_1_491' title='bbox 2235 4087 2376 4150; x_wconf 88' lang='lat' dir='ltr'><strong>igitur</strong></span> <span class='ocrx_word' id='word_1_492' title='bbox 2411 4102 2520 4137; x_wconf 83' lang='lat' dir='ltr'><strong>ear-</strong></span> 
     </span>
     <span class='ocr_line' id='line_1_66' title="bbox 1408 4148 2521 4218; baseline 0.002 -16"><span class='ocrx_word' id='word_1_493' title='bbox 1408 4167 1517 4203; x_wconf 86' lang='lat' dir='ltr'><strong>nem</strong></span> <span class='ocrx_word' id='word_1_494' title='bbox 1555 4155 1693 4203; x_wconf 83' lang='lat' dir='ltr'><strong>istam</strong></span> <span class='ocrx_word' id='word_1_495' title='bbox 1732 4154 1872 4204; x_wconf 83' lang='lat' dir='ltr'><strong>deum</strong></span> <span class='ocrx_word' id='word_1_496' title='bbox 1921 4148 2155 4205; x_wconf 83' lang='lat' dir='ltr'><strong>laedimus</strong></span> <span class='ocrx_word' id='word_1_497' title='bbox 2191 4155 2251 4203; x_wconf 88' lang='lat' dir='ltr'><strong>de</strong></span> <span class='ocrx_word' id='word_1_498' title='bbox 2286 4156 2521 4218; x_wconf 79' lang='lat' dir='ltr'><strong>proximo,</strong></span> 
     </span>
     <span class='ocr_line' id='line_1_67' title="bbox 1407 4208 2521 4286; baseline 0.001 -15"><span class='ocrx_word' id='word_1_499' title='bbox 1407 4222 1489 4286; x_wconf 86' lang='lat' dir='ltr'><strong>qui</strong></span> <span class='ocrx_word' id='word_1_500' title='bbox 1524 4236 1718 4272; x_wconf 80' lang='lat' dir='ltr'><strong>earnem</strong></span> <span class='ocrx_word' id='word_1_501' title='bbox 1755 4223 1857 4271; x_wconf 89' lang='lat' dir='ltr'><strong>eius</strong></span> <span class='ocrx_word' id='word_1_502' title='bbox 1881 4208 2146 4283; x_wconf 68' lang='lat' dir='ltr'><strong>laedimus,</strong></span> <span class='ocrx_word' id='word_1_503' title='bbox 2183 4238 2373 4275; x_wconf 80' lang='lat' dir='ltr'><strong>earnem</strong></span> <span class='ocrx_word' id='word_1_504' title='bbox 2407 4239 2521 4273; x_wconf 84' lang='lat' dir='ltr'><strong>sau-</strong></span> 
     </span>
     <span class='ocr_line' id='line_1_68' title="bbox 1410 4290 2521 4355; baseline 0.003 -17"><span class='ocrx_word' id='word_1_505' title='bbox 1410 4290 1552 4351; x_wconf 82' lang='lat' dir='ltr'><strong>guine</strong></span> <span class='ocrx_word' id='word_1_506' title='bbox 1587 4290 1741 4355; x_wconf 86' lang='lat' dir='ltr'><strong>ipsius</strong></span> <span class='ocrx_word' id='word_1_507' title='bbox 1777 4291 2092 4355; x_wconf 84' lang='lat' dir='ltr'><strong>redemptam.</strong></span> <span class='ocrx_word' id='word_1_508' title='bbox 2162 4290 2288 4341; x_wconf 81' lang='lat' dir='ltr'><strong>llaec</strong></span> <span class='ocrx_word' id='word_1_509' title='bbox 2323 4293 2521 4341; x_wconf 89' lang='lat' dir='ltr'><strong>omniuo</strong></span> 
     </span>
     <span class='ocr_line' id='line_1_69' title="bbox 1410 4357 2253 4421; baseline 0 -14"><span class='ocrx_word' id='word_1_510' title='bbox 1410 4357 1498 4407; x_wconf 84' lang='lat' dir='ltr'><strong>tuit</strong></span> <span class='ocrx_word' id='word_1_511' title='bbox 1534 4371 1672 4408; x_wconf 89' lang='lat' dir='ltr'><strong>mens</strong></span> <span class='ocrx_word' id='word_1_512' title='bbox 1708 4358 2006 4408; x_wconf 78' lang='lat' dir='ltr'><strong>Tertulliani.</strong></span> <span class='ocrx_word' id='word_1_513' title='bbox 2042 4359 2253 4421; x_wconf 84' lang='lat' dir='ltr'><strong>(Rigalt.)</strong></span> 
     </span>
    </p>

    <p class='ocr_par' dir='ltr' id='par_1_16' title="bbox 1406 4424 2522 4760">
     <span class='ocr_line' id='line_1_70' title="bbox 1476 4424 2520 4489; baseline -0.001 -15"><span class='ocrx_word' id='word_1_514' title='bbox 1476 4441 1516 4474; x_wconf 82' lang='lat' dir='ltr'><strong>e.</strong></span> <span class='ocrx_word' id='word_1_515' title='bbox 1569 4424 1804 4475; x_wconf 82' lang='lat' dir='ltr'><strong>laedimus</strong></span> <span class='ocrx_word' id='word_1_516' title='bbox 1850 4426 1910 4475; x_wconf 85' lang='lat' dir='ltr'><strong>de</strong></span> <span class='ocrx_word' id='word_1_517' title='bbox 1961 4424 2221 4489; x_wconf 64' lang='lat' dir='ltr'><strong>proximo]</strong></span> <span class='ocrx_word' id='word_1_518' title='bbox 2267 4426 2333 4476; x_wconf 76' lang='lat' dir='ltr'><strong>Ad</strong></span> <span class='ocrx_word' id='word_1_519' title='bbox 2382 4426 2520 4475; x_wconf 84' lang='lat' dir='ltr'><strong>Uxor.</strong></span> 
     </span>
     <span class='ocr_line' id='line_1_71' title="bbox 1410 4492 2522 4557; baseline -0.001 -14"><span class='ocrx_word' id='word_1_520' title='bbox 1410 4493 1446 4551; x_wconf 87' lang='grc'><strong>1.</strong></span> <span class='ocrx_word' id='word_1_521' title='bbox 1469 4492 1501 4543; x_wconf 85' lang='grc'>8</span> <span class='ocrx_word' id='word_1_522' title='bbox 1549 4493 1717 4552; x_wconf 78' lang='lat' dir='ltr'><strong>„Licet</strong></span> <span class='ocrx_word' id='word_1_523' title='bbox 1752 4494 1798 4542; x_wconf 90' lang='lat' dir='ltr'><strong>in</strong></span> <span class='ocrx_word' id='word_1_524' title='bbox 1836 4494 1933 4543; x_wconf 87' lang='lat' dir='ltr'><strong>illis</strong></span> <span class='ocrx_word' id='word_1_525' title='bbox 1967 4495 2214 4557; x_wconf 81' lang='lat' dir='ltr'><strong>integritas</strong></span> <span class='ocrx_word' id='word_1_526' title='bbox 2257 4493 2422 4553; x_wconf 81' lang='lat' dir='ltr'><strong>solita,</strong></span> <span class='ocrx_word' id='word_1_527' title='bbox 2475 4501 2522 4542; x_wconf 86' lang='lat' dir='ltr'><strong>et</strong></span> 
     </span>
     <span class='ocr_line' id='line_1_72' title="bbox 1406 4560 2522 4612; baseline -0.001 -2"><span class='ocrx_word' id='word_1_528' title='bbox 1406 4567 1504 4610; x_wconf 87' lang='lat' dir='ltr'><strong>tota</strong></span> <span class='ocrx_word' id='word_1_529' title='bbox 1540 4560 1771 4610; x_wconf 77' lang='lat' dir='ltr'><strong>sanctitas</strong></span> <span class='ocrx_word' id='word_1_530' title='bbox 1806 4562 1863 4610; x_wconf 83' lang='lat' dir='ltr'><strong>de</strong></span> <span class='ocrx_word' id='word_1_531' title='bbox 1951 4564 2102 4612; x_wconf 68' lang='lat' dir='ltr'><strong>eximo</strong></span> <span class='ocrx_word' id='word_1_532' title='bbox 2155 4562 2311 4610; x_wconf 80' lang='lat' dir='ltr'><strong>visura</strong></span> <span class='ocrx_word' id='word_1_533' title='bbox 2348 4560 2410 4608; x_wconf 86' lang='lat' dir='ltr'><strong>sit</strong></span> <span class='ocrx_word' id='word_1_534' title='bbox 2447 4561 2522 4609; x_wconf 85' lang='lat' dir='ltr'><strong>lu-</strong></span> 
     </span>
     <span class='ocr_line' id='line_1_73' title="bbox 1408 4627 2521 4680; baseline 0.001 -3"><span class='ocrx_word' id='word_1_535' title='bbox 1408 4629 1528 4678; x_wconf 86' lang='lat' dir='ltr'><strong>ciem</strong></span> <span class='ocrx_word' id='word_1_536' title='bbox 1566 4628 1680 4678; x_wconf 89' lang='lat' dir='ltr'><strong>dei“</strong></span> <span class='ocrx_word' id='word_1_537' title='bbox 1717 4636 1826 4678; x_wconf 79' lang='lat' dir='ltr'><strong>cett.</strong></span> <span class='ocrx_word' id='word_1_538' title='bbox 1915 4628 1949 4678; x_wconf 83' lang='lat' dir='ltr'><strong>l&#39;.</strong></span> <span class='ocrx_word' id='word_1_539' title='bbox 1968 4630 2127 4680; x_wconf 82' lang='lat' dir='ltr'><strong>adnot.</strong></span> <span class='ocrx_word' id='word_1_540' title='bbox 2153 4628 2211 4677; x_wconf 89' lang='lat' dir='ltr'><strong>ad</strong></span> <span class='ocrx_word' id='word_1_541' title='bbox 2236 4628 2302 4678; x_wconf 81' lang='lat' dir='ltr'><strong>De</strong></span> <span class='ocrx_word' id='word_1_542' title='bbox 2321 4627 2521 4680; x_wconf 83' lang='lat' dir='ltr'><strong>Patieut.</strong></span> 
     </span>
     <span class='ocr_line' id='line_1_74' title="bbox 1408 4696 1579 4760; baseline 0 -14"><span class='ocrx_word' id='word_1_543' title='bbox 1408 4711 1513 4760; x_wconf 81' lang='lat' dir='ltr'><strong>cap.</strong></span> <span class='ocrx_word' id='word_1_544' title='bbox 1533 4696 1579 4746; x_wconf 75' lang='grc' dir='ltr'><strong>Ἰ.</strong></span> 
     </span>
    </p>

    <p class='ocr_par' dir='ltr' id='par_1_17' title="bbox 1474 4794 1500 4820">
     <span class='ocr_line' id='line_1_75' title="bbox 1474 4794 1500 4820; baseline 0 0"><span class='ocrx_word' id='word_1_545' title='bbox 1474 4794 1500 4820; x_wconf 63' lang='grc' dir='ltr'><em>Δ</em></span> 
     </span>
    </p>
   </div>
  </div>
 </body>
</html>
