3263 5311
676 360 796 427 228

1154 377 1356 429 Quum
1400 375 1660 421 sssrmm
1703 372 2031 423 nonem-18
2075 373 2465 421 'tammum

666 526 1103 610 praeiudicatur
1140 525 1320 595 licere
1361 526 1520 606 quod
1558 526 1714 589 bene
1757 527 1842 588 fit.
1931 527 1996 590 Si
2047 527 2270 589 bonum
2313 529 2607 590 invenero
2651 546 2789 590 esse
2825 528 2989 608 quod

666 628 763 691 lex
789 629 946 692 ”tua
985 628 1307 710 prohibuit,
1349 627 1604 690 ”nonne
1650 647 1723 693 ex
1765 628 1864 714 illo
1894 628 2308 709 ²‘'praeiudicio
2337 628 2656 708 probibere
2683 629 2836 691 ”me
2864 648 2989 690 non

667 736 865 810 potest
906 730 1084 811 quod,
1131 728 1183 790 si
1226 722 1443 790 malum
1486 738 1666 804 esset,
1730 729 1861 792 iure
1902 728 2297 810 prohiberet?
2371 730 2436 790 Si
2480 729 2572 792 lex
2611 737 2710 790 tua
2753 729 2990 805 erravit,

666 832 886 911 ”puto,
931 832 1003 893 ab
1045 830 1285 893 homine
1330 839 1611 909 concepta
1656 837 1780 904 θείς
1841 850 2034 911 neque
2098 830 2256 891 enim
2299 831 2374 892 de
2414 830 2575 893 caelo
2619 829 2788 892 ruitf.
2873 831 2994 893 Mi-

664 932 877 994 ramini
917 932 1218 993 hominem
1253 931 1408 993 ar'aut
1449 944 1650 993 errare‘
1689 932 1961 1012 potuisse
2001 933 2116 993 ³¹in
2158 931 2286 1012 lege
2345 931 2651 993 condenda
2692 940 2792 993 aut
2830 931 2993 1007 ,ἥτε-

666 1033 920 1115 sipuisse
962 1033 1025 1094 in
1067 1031 1485 1112 reprobanda?
1536 1032 1725 1095 ”Non
1769 1034 1925 1096 enim
1968 1041 2026 1094 et
2066 1033 2255 1112 ipsius
2298 1032 2549 1112 Lycurgi
2589 1032 2748 1111 leges
2791 1051 2828 1094 a
2867 1032 2994 1095 La·
3101 1066 3110 1075 -

664 1134 1060 1197 cedaemoniis
1105 1133 1445 1205 emendatae
1488 1143 1713 1196 tantum
1758 1134 1982 1197 auctori
2024 1153 2136 1197 suo
2182 1133 2405 1197 doloris
2462 1134 2859 1209 incusserunt,
2924 1141 3000 1195 ut

664 1234 728 1298 in
770 1254 1013 1298 secessu
1054 1234 1253 1297 inedia
1295 1234 1367 1296 de
1411 1235 1733 1317 semetipso
1776 1233 2148 1299 ⁸‘’iudicarit‘?
2218 1234 2436 1297 Nonne
2473 1243 2532 1304 et
2573 1253 2683 1305 vos
2723 1233 2999 1297 ³²⁵cotidie

664 1335 1080 1416 experimentis
1123 1334 1602 1399 inluminantibus
1646 1334 1919 1401 tenebras
1961 1336 2319 1417 antiquitatis
2363 1345 2546 1429 totam
2599 1336 2758 1398 illam
2818 1345 2996 1399 vete-

664 1457 791 1501 rem
831 1438 948 1499 ”et
987 1437 1353 1517 squalentem
1397 1437 1600 1499 silvam
1637 1439 1833 1517 legum
1875 1438 2044 1500 novis
2097 1433 2507 1518 principalium
2562 1437 2999 1517 rescriptorum

665 1548 725 1602 et
766 1540 1093 1602 edictorum
1148 1537 1454 1603 securibus
1495 1538 1834 1600 ³⁷truncatis
1891 1547 1954 1601 et
2014 1537 2342 1601 caeditist‘t
2425 1538 2636 1600 Nonne
2674 1537 2998 1602 ’'vanissi-

661 1641 831 1703 mas¹²
869 1641 1079 1720 Papias
1132 1640 1295 1719 leges
1313 1685 1328 1712 ‚
1392 1658 1541 1718 quae
1595 1648 1731 1701 ante
1782 1640 2003 1702 liberos
2059 1639 2278 1720 suscipi
2335 1647 2555 1719 cogunt
2611 1658 2788 1720 quam
2829 1637 2997 1701 ³‘'lu-

659 1740 774 1803 liae
842 1740 1281 1802 matrimonium
1345 1741 1641 1814 contrahi,
1713 1749 1856 1821 post
1923 1748 2118 1802 tantae
2189 1740 2552 1802 auctoritatis
2625 1748 3000 1803 senectutem

661 1841 789 1906 heri
861 1841 1136 1915 Severus„
1207 1841 1721 1904 constantissimus
1793 1838 1838 1875 ⁴⁰
1846 1841 2177 1923 principum
2191 1839 2228 1914 ἶ,
2309 1839 2643 1904 exclusist?
2741 1842 2862 1904 Sed
2934 1850 3003 1905 et

667 1993 751 2046 25.
785 2001 865 2045 tua
900 2011 987 2046 ont.
1020 1989 1069 2042 λ.
1209 1994 1290 2046 26.
1326 1994 1521 2045 minime
1568 2009 1621 2045 ex
1670 1993 1754 2046 illo
1790 2013 1837 2047 α.
1904 2010 2099 2050 nomeu.
2135 2009 2189 2045 ex
2223 1994 2308 2045 illo
2344 2011 2385 2045 e.
2521 1993 2604 2046 27.
2638 1995 2918 2060 praeiudico
2953 2001 2995 2061 Τ.

664 2064 957 2127 Havercamp.
1000 2064 1096 2113 om.
1135 2062 1182 2116 C.
1309 2062 1389 2113 28.
1427 2077 1504 2113 me
1537 2071 1698 2128 potest
1730 2080 1774 2114 a.
1813 2077 1888 2113 me
1924 2078 2019 2114 non
2055 2072 2193 2127 potes
2226 2064 2280 2114 F.
2322 2063 2509 2113 Viudob.
2593 2077 2669 2113 me
2703 2079 2801 2113 non
2835 2065 3002 2129 potnit

670 2132 722 2181 G.
757 2144 862 2180 eam
898 2145 993 2180 non
1031 2145 1176 2194 posse
1209 2135 1244 2195 Ῑ.
1281 2132 1573 2195 Haeereemp.
1676 2130 1757 2181 29.
1793 2140 1905 2196 puta
1942 2132 2001 2181 ab
2036 2132 2231 2181 homine
2264 2138 2496 2194 concepta
2533 2144 2688 2194 neque
2719 2133 2773 2183 F.
2908 2130 2999 2182 30.

670 2205 751 2248 ant
783 2214 857 2249 om
892 2214 933 2248 e.
1033 2198 1115 2248 31.
1153 2199 1199 2247 in
1236 2198 1340 2260 lege
1391 2199 1636 2249 condenda
1692 2214 1854 2250 errare
1900 2199 2114 2263 potuisse
2148 2201 2200 2249 F.
2327 2197 2408 2247 32.
2444 2197 2672 2264 resipIsse
2707 2200 2759 2249 B.
2803 2196 3000 2252 Vindob.

664 2267 794 2317 Leid-
862 2266 1107 2329 recepisse
1143 2281 1197 2315 se
1231 2282 1271 2316 c.
1304 2283 1424 2316 unus
1465 2267 1724 2317 Vaticanus.
1790 2267 2034 2330 recepisse
2071 2268 2122 2317 G.
2248 2264 2328 2316 33.
2365 2266 2533 2315 Nonne
2568 2274 2615 2315 et
2649 2266 2796 2318 Bch.
2907 2265 2998 2317 34.

668 2333 901 2383 iudicaret
936 2334 986 2384 G.
1054 2334 1313 2384 vindicaret
1346 2335 1398 2384 F.
1533 2334 1616 2384 35.
1653 2334 1845 2384 cottidie
1879 2336 1931 2385 F.
1974 2335 2181 2395 Vivtdob„
2213 2348 2299 2398 pro
2333 2349 2475 2385 more.
2610 2332 2692 2384 36.
2729 2341 2777 2384 et
2812 2350 2900 2384 out.
2943 2336 2999 2387 G.

666 2399 749 2450 37.
787 2400 1000 2465 ruspatis
1033 2395 1079 2455 λ.
1147 2402 1342 2450 rostatis
1376 2406 1411 2466 s.
1480 2404 1685 2452 ruscatis
1720 2403 2013 2466 flavet-camp.
2083 2403 2294 2452 runcatis
2329 2403 2420 2452 los.
2455 2402 2675 2466 Scaliger.
2779 2400 2862 2452 38.
2900 2418 3000 2452 no-

665 2468 893 2587 ἒίεεῗὲἓε
929 2469 978 2518 G.
1114 2467 1198 2519 39.
1233 2468 1381 2519 Iuliae
1414 2470 1693 2534 permittant
1727 2469 2082 2520 matrimonium
2115 2470 2246 2520 Fulv.
2277 2469 2488 2521 Ursinus.
2586 2468 2674 2519 40.
2702 2469 2999 2534 principium

732 2654 765 2705 r.
802 2667 958 2718 neque
993 2654 1119 2705 enim
1156 2654 1217 2706 de
1253 2652 1387 2705 caelo
1418 2651 1536 2719 ruit]
1585 2653 1653 2706 De
1686 2655 1780 2706 Te·
1880 2670 2024 2706 causa
2059 2654 2252 2719 nuptias
2274 2653 2396 2704 inire
2420 2661 2722 2717 cogerentur,
2755 2667 2816 2704 ue
2838 2669 2999 2719 quae·

662 2722 791 2773 stim.
826 2723 1020 2773 Animae
1064 2737 1169 2787 cap.
1205 2722 1238 2772 6
1290 2723 1430 2784 „Non
1478 2723 1657 2774 Latinis
1692 2737 1782 2774 nec
1877 2723 1969 2773 sita
2029 2723 2246 2785 longiore
2313 2736 2602 2787 sponsarum
2654 2722 3001 2774 immaturitate

662 2791 844 2853 Argivis
901 2791 1022 2840 solis
1079 2791 1237 2840 anima
1298 2793 1354 2841 de
1421 2793 1546 2844 caeto
1599 2790 1779 2842 cadit.“
1875 2783 2066 2856 tempus
2100 2791 2361 2851 traherent,
2415 2805 2503 2856 per
2551 2790 2679 2854 quod
2724 2787 3000 2843 honoribus

663 2856 965 2918 Quinctilian.
1001 2857 1155 2908 instit.
1191 2857 1319 2909 Orat.
1345 2859 1383 2919 1,
1406 2858 1437 2908 6
1470 2858 1613 2919 „Non
1633 2860 1777 2919 enim,

662 2941 770 2977 cnm
805 2926 1013 2990 primum
1049 2927 1340 2989 tingerentur
1391 2926 1609 2976 homines
1660 2942 1779 2977 ana·

662 2992 791 3056 logia
850 2995 1051 3044 dennisso
1109 2995 1235 3046 caelo
1295 2995 1500 3046 formam
1548 2995 1788 3059 loquendi,

661 3059 845 3112 dedit.“
881 3061 954 3111 Cf.
991 3061 1191 3112 Tertull.
1225 3062 1427 3126 Apolog.
1463 3077 1566 3127 cap.
1597 3062 1660 3113 10
1688 3063 1769 3122 (cl.

580 3122 589 3130 '
661 3128 729 3179 Ad
764 3128 875 3179 Natt
909 3128 968 3188 ll,
1008 3127 1107 3187 12.)
1154 3144 1247 3188 „ex
1293 3130 1636 3180 consuetudine
1682 3131 1774 3180 hu-

663 3210 822 3256 mana,
857 3210 949 3260 qua
985 3197 1132 3259 ignoti
1167 3196 1239 3246 vel
1266 3211 1319 3246 ex
1352 3198 1595 3260 inopinato
1621 3212 1774 3262 appa-

659 3271 823 3314 rentes
859 3264 917 3312 de
948 3265 1075 3314 caelo
1122 3264 1455 3327 supervenisse
1500 3264 1773 3315 dicuutur.“

729 3345 775 3392 g.
810 3329 1060 3379 securibus
1103 3331 1333 3379 truncatis
1378 3340 1426 3380 et
1469 3327 1688 3398 caeditis]
1723 3332 1772 3383 V.

670 3412 795 3464 quae
829 3396 1116 3447 adnotavere
1152 3398 1212 3447 ad
1245 3398 1313 3447 De
1333 3398 1520 3464 Corona
1542 3415 1660 3463 ,cap.
1692 3399 1771 3450 10.

734 3464 782 3514 b.
814 3464 1098 3514 vanissimas
1136 3464 1305 3529 Papias
1341 3461 1495 3531 leges]
1517 3466 1773 3518 Suetonius

660 3525 848 3598 [Octav.
886 3545 990 3597 cap.
1028 3529 1138 3596 34]
1184 3540 1351 3583 auctor
1396 3542 1471 3584 est
1514 3535 1774 3598 Augustum
1817 3547 1822 3550 ’

660 3600 795 3664 leges
828 3607 1134 3661 retractasse,
1168 3600 1400 3665 quasdam
1435 3616 1547 3652 vero
1596 3617 1650 3653 ex
1697 3603 1773 3653 in-

660 3675 796 3732 tegro
831 3670 1065 3728 sanxisse,
1110 3676 1252 3738 atque
1298 3670 1422 3720 inter
1454 3669 1570 3722 istas
1603 3671 1773 3721 Iuliam

660 3736 732 3788 De
766 3735 917 3787 Marit.
954 3736 1213 3788 Ordinibus
1261 3737 1515 3817 aliqu-ando
1560 3740 1773 3790 severius

659 3805 973 3934 effi:?.‡³‚⁵⁸3;
1003 3806 1623 3938 ,3520‘1'52‘35032232333
1660 3808 1777 3941 ’ἒῗξὲἑ

661 3939 757 3989 iam
792 3941 972 4001 senior,
1016 3941 1145 4006 quod
1190 3942 1357 3992 scribit
1388 3944 1579 3994 Tacitus
1633 3938 1778 4008 [Anu.

660 4006 748 4068 111,
781 4002 890 4072 25]
928 4007 1098 4073 Papias
1132 4011 1356 4070 sanxerit,
1397 4009 1489 4060 boc
1521 4017 1596 4061 est
1630 4010 1779 4060 Iulias

662 4073 907 4140 aliquanto
959 4076 1170 4127 severius
1224 4078 1515 4127 emendatas.
1593 4077 1779 4142 Nempe

662 4155 771 4193 eum
825 4141 971 4191 lullae
1022 4157 1047 4192 a
1095 4145 1402 4222 sponsalibus
1456 4145 1517 4196 ad
1571 4146 1780 4209 nuptias,

659 4202 942 4328 {ppo-enada
985 4222 1175 4328 stiffi
1208 4212 1254 4327 i1¹¹
1258 4226 1320 4329 ‘¹1⁰
1321 4213 1360 4345 ⁵1²
1394 4210 1667 4330 [ἷὲῗειιῑιιιῗιιιῖιί
1699 4212 1780 4331 ἐξ

662 4314 941 4404 duls’issent,
987 4345 1177 4408 lougius
1224 4346 1317 4398 hoe
1351 4316 1517 4398 'visum
1551 4351 1779 4411 Augusto.

663 4414 836 4480 Papias
870 4414 1012 4478 igitur
1047 4414 1165 4465 terri
1211 4414 1365 4474 iussit,
1418 4430 1541 4481 quae
1585 4424 1777 4483 tempus

661 4496 877 4548 sponsas*
934 4482 1141 4533 habendi
1197 4482 1391 4532 biennio
1460 4491 1777 4547 coarctarent,

663 4550 726 4599 ita
762 4558 815 4601 nt
845 4550 1040 4602 biennio
1075 4558 1188 4615 post
1236 4557 1478 4603 contracta
1526 4554 1777 4618 sponsalia

663 4618 787 4670 cives
834 4619 1034 4672 Romani
1077 4617 1341 4672 liberorum
1389 4620 1776 4687 quaerendorum

1877 2874 1933 2910 ac
1968 2859 2194 2923 praemiis
2229 2858 2509 2908 maritorum
2543 2858 2835 2918 fruerentur,
2881 2872 3000 2909 cnm

1876 2935 2033 2977 tamen
2070 2941 2173 2977 rem
2199 2926 2354 2990 ipsam
2379 2927 2681 2991 fructumque
2699 2926 3000 2991 nuptiarum,

1875 2995 2098 3045 nimirum
2133 2995 2331 3053 liberos,
2367 2993 2568 3058 imperio
2594 2995 2807 3044 Romano
2844 2999 3000 3057 ne‘ga-

1870 3071 1993 3113 rent.
2073 3061 2240 3126 Itaque
2287 3062 2460 3125 Papiae
2514 3059 2646 3122 leges
2704 3062 2752 3111 in
2810 3061 2997 3125 virgine

1870 3143 2105 3180 annornm
2141 3128 2393 3179 duodecim
2427 3130 2586 3180 statim
2623 3128 2791 3193 elapso
2837 3143 2999 3194 spou-

1871 3197 2102 3248 saliorum
2150 3196 2343 3246 biennio
2391 3197 2584 3261 nuptias
2629 3196 2751 3258 lieri,
2801 3211 2861 3247 ac
2904 3212 2999 3262 per

1873 3265 1966 3315 hoc
2002 3265 2165 3314 liberis
2201 3278 2400 3329 operam
2433 3264 2538 3314 dari
2585 3264 2829 3326 iubebant,
2881 3278 2997 3315 cum

1873 3333 2021 3383 Iuliae
2056 3330 2232 3382 nedum
2270 3333 2626 3382 matrimonium
2659 3332 2879 3383 contrabi
2901 3332 2997 3382 nisi

1873 3407 1986 3465 post
2044 3399 2303 3450 triennium
2370 3399 2625 3463 exigerent.
2712 3395 3016 3451 Vanissimas'

1871 3475 2031 3518 autem
2067 3467 2199 3530 leges
2233 3467 2348 3518 dicit
2380 3482 2504 3532 qnae
2537 3468 2599 3519 de
2634 3467 2798 3518 liberis
2831 3468 2998 3518 susci·

1871 3535 2065 3601 piundis
2098 3535 2678 3599 studiosinscogitsrent,
2728 3536 2860 3602 quod
2895 3550 2996 3586 non

1872 3603 2113 3654 immerito
2166 3615 2337 3653 vanum
2394 3604 2712 3669 stultumque„
2747 3603 2997 3653 videbatur

1873 3671 2158 3722 Christianis
2225 3672 2369 3721 finem
2441 3671 2745 3722 saeculorum
2812 3671 2996 3722 instare

1873 3739 2177 3790 credentibus
2214 3747 2262 3789 et
2292 3739 2412 3789 vitae
2436 3740 2651 3788 mortalis
2670 3739 2718 3788 in
2745 3746 2993 3789 aeternam
3089 3773 3094 3780 -

1871 3807 2235 3858 commutandae
2302 3806 2542 3856 desiderio
2621 3806 2993 3870 suspirantibus.

1874 3875 2086 3938 (Rigalt.)
2125 3875 2403 3925 vanissimus
2448 3873 2557 3924 ideo
2599 3875 2762 3939 potins
2806 3888 2835 3924 a
2871 3873 2993 3924 Ter-

1877 3943 2078 3993 tulliano
2127 3942 2384 4008 putaverim
2432 3942 2605 4006 Papias
2660 3942 2811 3992 dietas
2863 3955 2995 4002 esse,

1879 4011 2008 4075 quod
2043 4024 2229 4060 morum
2267 4010 2569 4074 corruptelae
2602 4009 2865 4071 communi,
2914 4008 2996 4060 cul

1878 4079 2130 4129 obstruere
2151 4085 2389 4141 Augustus
2421 4077 2586 4138 voluit,
2621 4076 2857 4128 medelam
2875 4077 2995 4127 satis

1879 4146 2101 4196 idoneam
2134 4161 2224 4212 per
2266 4146 2376 4196 illas
2420 4145 2584 4197 afferri
2626 4159 2724 4195 non
2768 4144 2992 4210 potuisse

1876 4215 2084 4265 senserit
2105 4212 2454 4265 Tertullianus.

1946 4282 1976 4332 i.
2014 4283 2236 4341 Severus,
2254 4281 2671 4332 constantissimus
2695 4271 2992 4345 principum]

1880 4349 2212 4414 CLLamprid.
2232 4350 2282 4399 V.
2319 4349 2571 4400 Commodi
2605 4363 2656 4414 p.
2680 4347 2763 4399 52.
2801 4348 2857 4399 C.
2892 4345 2993 4408 (ed.

1877 4417 2046 4476 Salm.)
2080 4416 2320 4478 „Severus
2355 4418 2618 4481 imperator
2650 4416 2989 4467 amentissimus

1873 4486 2074 4535 nominis
2108 4483 2243 4534 aui.“
2308 4483 2564 4550 spartian:
2586 4484 2633 4532 V.
2658 4482 2816 4535 Severi
2841 4495 2889 4547 p.
2903 4479 2988 4531 6⁹.

1875 4550 1907 4602 2
1941 4551 2037 4614 (ed.
2072 4551 2243 4611 Salm.)
2276 4561 2367 4614 „ut
2411 4559 2541 4603 esset
2585 4553 2847 4618 imperator
2886 4562 2991 4610 aare

1872 4621 2072 4673 nominis
2104 4622 2196 4684 sui,
2232 4637 2337 4675 vere
2359 4622 2592 4683 Pertutuoe,
2614 4635 2717 4672 uere
2737 4611 2990 4670 Seuerus.“
