3263 5311
349 1187 794 1252 nan.111,1e.Non
852 1185 1140 1248 babemus
1201 1187 1620 1249 necessitatem
1658 1187 1702 1220 ²¹
1718 1186 2124 1265 respondendi
2176 1186 2317 1248 huic
2370 1194 2477 1247 tuo
2520 1186 2794 1266 imperio.

661 417 788 483 516
1173 431 1374 482 oman
1423 429 1687 473 suarium
1730 404 2070 473 stonum-is
2118 430 2509 473 τειιτιιιιυιιιι

653 582 797 645 bitis
861 583 1009 644 deos
1071 579 1534 660 Babyloniorum
1599 598 1817 642 aureos
1888 588 1951 642 et
2012 590 2329 661 argenteos
2383 588 2447 643 et
2499 579 2731 659 ligneos
2784 581 3015 659 portu-i

657 702 843 764 super
883 684 1167 744 humeros
1209 688 1583 744 ostentantes
1627 680 1971 743 nationibus
2026 681 2323 743 timorem.
2409 680 2625 743 Cavete
2666 680 2877 759 igitur,
2936 699 3017 743 ne

655 793 716 846 et
758 802 868 847 vos
913 782 1257 847 consimiles
1301 782 1436 845 sitis
1482 782 1844 862 ¹⁷allophylis
1890 790 1951 844 et
1991 783 2207 844 timore
2250 781 2603 861 capiamini,
2656 782 2798 843 dum
2842 782 3010 863 aspi-

640 885 789 947 ’citis
831 883 1038 946 turbas
1081 885 1401 946 adorantes
1445 892 1610 945 retro
1658 902 1766 945 eos
1812 896 1873 945 et
1894 892 2050 957 ante,
2096 883 2204 944 sed
2248 882 2428 945 dicite
2456 883 2517 944 in
2549 882 2747 944 auimo
2776 892 3013 945 vestre:

657 985 743 1046 Te
805 984 1045 1047 domine
1100 984 1349 1046 adorare
1407 984 1719 1047 debemus.
1817 985 2023 1064 Itaque
2076 984 2355 1046 dixerunt
2410 984 2496 1045 ¹⁸a
2553 983 2667 1045 deo
2723 994 3013 1065 concepta

649 1085 894 1160 fiducia,
941 1085 1229 1165 ¹¹'quando
1272 1085 1478 1165 vigore
1520 1085 1701 1147 animi
1731 1085 2224 1147 ²⁰condicionales
2265 1085 2459 1147 minas
2487 1085 2646 1165 regis
2675 1085 3013 1148 excutiunt:

2904 1187 3013 1249 Est

656 1288 815 1355 enim
858 1287 1007 1349 deus
1052 1295 1294 1361 noster,
1358 1305 1537 1368 quem
1589 1287 1876 1361 colimus,
1940 1295 2159 1366 potens
2214 1305 2427 1349 eruere
2479 1305 2595 1349 nos
2650 1288 2728 1349 de
2766 1288 3013 1351 fornace

655 1389 810 1468 ignis
855 1398 917 1450 et
958 1407 1028 1450 ex
1073 1388 1348 1450 manibus
1393 1388 1548 1462 tuis,
1595 1397 1657 1450 et
1696 1397 1841 1450 tuuc
1882 1389 2258 1451 manifestum
2302 1390 2407 1450 fiet
2439 1388 2580 1461 tibi,
2622 1389 2787 1468 quod
2818 1405 3013 1469 neque

654 1489 818 1551 idolo
850 1496 954 1551 tuo
984 1488 1463 1550 ”famulabimur
1503 1508 1616 1551 nec
1658 1489 1974 1569 imaginem
2016 1498 2177 1552 tuam
2206 1483 2473 1563 aufeam,
2519 1506 2696 1569 quam
2728 1490 3013 1563 statuisti,

657 1590 1055 1652 adorabimus.
1125 1591 1177 1651 0
1221 1589 1565 1668 martyrium
1609 1599 1671 1651 et
1713 1590 1844 1651 sine
1887 1591 2172 1670 passione
2212 1589 2571 1671 perfectum!
2636 1591 2795 1653 Satis
2826 1592 3011 1670 passi,

660 1692 806 1753 satis
852 1692 1042 1753 exusti
1089 1699 1263 1763 sunt,
1330 1709 1485 1769 quos
1540 1699 1858 1771 propterea
1915 1692 2063 1753 deus
2108 1692 2285 1764 texit,
2357 1709 2433 1751 ne
2477 1700 2837 1770 potestatem
2882 1693 3013 1755 eius

658 1784 892 1855 mentiti
935 1792 1302 1853 viderentur.
1372 1791 1519 1853 Nam
1564 1800 1626 1854 et
1667 1791 2073 1863 ”Danielem‘‚
2118 1791 2339 1865 nullius
2381 1800 2620 1871 praeter
2661 1793 2761 1854 dei
2801 1793 3011 1874 ’‘sup-

656 1892 870 1971 plicem
927 1900 990 1954 et
1040 1892 1314 1953 ²“idcirco
1369 1910 1402 1952 a
1444 1892 1751 1954 Chaldaeis
1816 1892 2075 1954 delatum
2136 1910 2207 1953 ac
2269 1892 2741 1972 depostulatum,
2811 1895 3011 1956 statim
3070 1973 3079 1981 .

658 1992 863 2071 utique
905 1992 1184 2054 conclusa
1228 2001 1290 2054 et
1331 1993 1547 2055 usitata
1589 1994 1797 2055 feritas
1840 1993 2501 2067 leonum‘devorasset,
2550 1995 2602 2055 si
2633 1993 2789 2054 Darii
2832 1994 3014 2074 digna

655 2093 1064 2173 praesumptio
1110 2094 1183 2155 de
1228 2094 1342 2156 deo
1387 2093 1504 2156 falli
1550 2094 1881 2156 debuisset.
1955 2094 2228 2156 Ceterum
2274 2094 2397 2174 pati
2426 2094 2743 2173 oportebat
2771 2113 3012 2157 omnem

656 2192 755 2255 dei
796 2195 1265 2272 praedicatorem
1306 2202 1482 2275 atque
1548 2195 1836 2257 cultorem
1888 2195 2046 2274 ²⁶qui
2080 2195 2174 2257 ·ad
2230 2195 2603 2257 idololatrian
2656 2206 3011 2274 provocatus

553 2286 563 2297 ⁶
657 2304 954 2373 negasset
983 2295 1369 2374 obsequium,
1417 2297 1744 2358 secundum
1789 2296 1949 2359 illius
1992 2314 2230 2376 quoque
2259 2296 2510 2357 rationis
2543 2304 2796 2372 statum,
2840 2298 3009 2377 ”qua

419 2820 528 2876 Cap.
546 2819 620 2865 tx.

659 2402 720 2455 et
773 2395 1189 2487 praesentibus
1255 2403 1397 2459 tunc
1449 2406 1511 2459 et
1565 2398 1830 2477 posteris
1891 2398 2173 2477 deinceps
2237 2397 2639 2459 commendari
2701 2399 3011 2461 veritatem

659 2493 1003 2573 oportebat,
1047 2513 1159 2575 pro
1207 2514 1319 2574 qua
1364 2497 1540 2559 fidem
1586 2499 1813 2561 diceret
1846 2498 2054 2577 passio
2083 2499 2356 2578 ipsorum
2384 2497 2829 2561 ”defensorum
2860 2498 3010 2573 eius,

659 2595 797 2674 quia
838 2613 1017 2657 nemo
1061 2595 1407 2660 ”voluisset
1450 2598 1672 2673 occidi,
1729 2599 1887 2662 nisi⁸
1930 2617 2177 2678 compos
2222 2600 2504 2662 veritatis.
2593 2598 2750 2660 Talia
2795 2618 2829 2660 a
2873 2602 3008 2680 pri-

655 2696 891 2759 mordio
934 2706 994 2758 et
1036 2707 1348 2778 praecepta
1392 2707 1451 2760 et
1481 2697 1747 2779 exempla
1778 2700 2122 2762 debitricem
2162 2701 2427 2780 martyrii
2458 2700 2624 2762 fidem
2653 2700 3006 2763 ostendunt.

828 2798 1152 2877 Superest,
1243 2818 1319 2860 ne
1388 2800 1708 2880 antiquitas
1777 2801 1987 2864 ¹suum
2057 2803 2212 2862 l'orte
2285 2801 2587 2889 habuerit·
2658 2818 3007 2863 sacramen-

655 2907 816 2974 tum,
882 2899 1237 2962 'novitatem
1282 2899 1675 2965 Christianam
1719 2920 2066 2976 recensere,
2134 2904 2303 2982 quasi
2348 2911 2408 2965 et
2449 2902 2522 2965 de
2567 2902 2682 2964 deo
2726 2901 2899 2964 aliam
2943 2921 3013 2965 ac

654 2999 907 3079 proinde
937 3000 1246 3082 disciplina
1290 3021 1527 3082 quoque
1570 3003 1859 3065 aemulam
1873 3004 1920 3076 Β,
1965 3003 2134 3065 cuius
2181 3003 2393 3082 sophia
2436 3003 2590 3065 tilios
2621 3022 2771 3066 suos
2793 3003 3008 3083 'iugu-

655 3100 778 3163 lare
834 3121 956 3163 non
1009 3102 1188 3164 norit.
1299 3103 1535 3176 Plane·‚
1593 3103 1704 3165 alia
1760 3104 1821 3164 in
1877 3101 2114 3165 Christo
2174 3114 2236 3165 et
2289 3105 2562 3166 divinitas
2620 3113 2681 3166 et
2733 3104 3007 3167 voluntas

657 3211 716 3263 et
757 3202 1014 3264 ‘'schola.
1119 3204 1393 3282 Martyria
1449 3211 1552 3265 aut
1603 3203 1763 3265 nulla
1818 3203 1881 3265 in
1940 3204 2170 3266 totum⁴
2236 3214 2339 3266 aut
2390 3205 2562 3267 aliter
2615 3206 3009 3288 intellegenda

659 3321 738 3370 17.
777 3320 974 3370 allofilis
1009 3323 1059 3370 A.
1171 3321 1248 3373 18.
1288 3337 1313 3371 a
1351 3323 1442 3372 deo
1480 3331 1651 3386 coepta
1687 3329 1737 3374 A.
1847 3322 1926 3374 19.
1965 3331 2143 3386 quanto
2178 3324 2265 3375 AB.

1051 3387 1133 3438 21.
1182 3390 1498 3453 respondenti
1545 3393 1594 3440 A.
1716 3389 1799 3440 22.
1850 3390 2161 3442 famulabitur
2207 3390 2342 3456 ΑρΒ.

2380 3323 2462 3374 20.
2499 3325 2862 3376 condicionales
2899 3325 3008 3376 illas

655 3387 811 3436 minas
845 3386 943 3450 Αβ.
2464 3391 2547 3443 23.
2598 3392 2875 3444 danihelem
2913 3392 3008 3458 Αβ.

656 3453 935 3503 danihelum
973 3451 1068 3521 Αφ
1199 3454 1282 3505 24.
1319 3456 1555 3521 suplicem
1592 3455 1690 3520 Αβ.
1806 3456 1889 3508 25.
1926 3458 2104 3508 idcirco
2141 3474 2166 3508 a
2205 3460 2434 3509 callatum
2470 3475 2526 3510 ac
2560 3461 2859 3524 postolatum
2895 3463 3008 3540 (po-

653 3520 883 3571 stulatum
903 3521 1107 3638 AgNJA
1224 3522 1307 3571 26.
1345 3525 1425 3588 qui
1463 3525 1770 3577 idololatrian
1806 3527 1858 3575 A.
1929 3526 2011 3590 qui
2048 3528 2107 3576 ad
2145 3527 2466 3577 idololatriam
2502 3529 2689 3594 reliqui.
2777 3526 2862 3579 27.
2898 3531 3007 3595 quia

656 3596 704 3638 et
737 3588 853 3638 BCu.
992 3589 1038 3639 8.
1075 3590 1382 3640 defensorem
1419 3593 1470 3642 A.
1577 3591 1658 3642 29.
1696 3593 1926 3644 voluisset
1961 3594 2138 3644 trustra
2177 3595 2328 3645 occidi
2363 3596 2414 3645 A.

792 3655 908 3720 Cap.
946 3656 1021 3705 lx.
1096 3656 1140 3705 1.
1179 3671 1319 3706 suum
1358 3658 1482 3708 fonte
1517 3659 1634 3710 aea.
1705 3675 1847 3722 snum
1886 3675 2078 3740 quoque
2113 3664 2193 3711 Ab.
2284 3662 2330 3711 2.
2368 3662 2574 3713 novitale
2611 3662 3006 3715 ChristianamA.

655 3721 703 3772 3.
742 3723 997 3786 iugulanda
1034 3725 1175 3775 etiam
1213 3725 1343 3775 norit
1374 3723 1488 3792 Αφ.
1593 3728 1643 3777 4.
1681 3728 1878 3790 schola,
1926 3730 2006 3791 qui
2045 3732 2266 3789 martyria
2301 3731 2433 3780 Fulv.
2472 3731 2682 3780 Ursinus.

721 3824 754 3874 l'.
793 3820 1066 3890 Danielem]
1113 3826 1189 3876 Ct'.
1223 3825 1294 3876 De
1317 3826 1567 3878 idololatr
1602 3838 1707 3892 cap.
1729 3829 1778 3880 5.

723 3930 767 3978 g.
786 3925 949 3967 nemo
968 3918 1199 3968 voluisset
1235 3919 1387 3969 occidi
1421 3916 1541 3985 uisi]
1576 3921 1646 3971 An
1667 3936 1780 3971 cor-

653 3983 956 4046 rigentium,
961 3999 1121 4044 ,nemo
1157 3986 1389 4037 voluisset
1431 3995 1586 4038 rastra
1604 3989 1778 4050 occidi,

652 4065 736 4099 nec
773 4052 862 4100 nisi
900 4067 1102 4117 compos
1136 4054 1393 4104 veritatis“
1447 4056 1626 4106 ¹(lei-te
1659 4055 1779 4106 illud

650 4120 828 4179 frustra
862 4127 992 4169 tenet
1028 4120 1151 4170 liber
1183 4121 1440 4184 Agebardi.

723 4209 841 4273 Cap.
868 4208 944 4260 tx.
1006 4227 1046 4260 a.
1086 4227 1227 4262 suum
1265 4214 1391 4263 rorte
1426 4209 1672 4280 babuerit]
1707 4215 1777 4265 Ne

654 4276 763 4340 quis
801 4279 1104 4344 putetVeteri
1128 4280 1287 4331 solum
1310 4282 1619 4332 Testameuto
1649 4298 1780 4333 mar-

654 4345 770 4407 tyria
809 4345 1026 4395 ordinata
1084 4348 1222 4411 eique
1258 4348 1519 4412 peculiaria
1558 4357 1606 4399 ‘et
1643 4351 1780 4414 quasi

651 4413 851 4475 propria
889 4413 1053 4464 l'uisse.
1103 4416 1469 4467 Sacramentum
1504 4417 1620 4468 dicit
1648 4431 1778 4468 mar-

653 4479 843 4540 tyrium,
898 4480 1136 4531 lavacrum
1190 4484 1458 4546 sauguinis,
1522 4486 1777 4535 novitatem

651 4559 764 4595 vero
801 4547 984 4597 Novum
1022 4550 1400 4600 Testamentum.

722 4629 767 4678 h.
818 4627 1081 4697 aemulam]
1132 4632 1238 4684 Hoc
1283 4643 1358 4685 est
1405 4637 1695 4686 contrariam
1731 4645 1780 4689 et

1880 3829 2141 3879 inimicam.
2225 3831 2298 3880 Cl.
2357 3831 2583 3882 adnotata
2643 3831 2703 3881 ad
2752 3831 2823 3880 De
2878 3832 3010 3896 Fuga

1845 3897 2063 3960 'cap..2

1948 3979 1991 4014 e.
2028 3962 2198 4028 Plane]
2245 3966 2383 4016 Plane
2426 3979 2782 4030 saepenumero
2820 3967 3011 4017 ironiae

1879 4031 2078 4086 inservit
2109 4033 2238 4096 apud
2273 4033 2578 4096 Septimium.
2624 4032 2795 4083 SicDe
2816 4033 3013 4084 Corona

1880 4099 2034 4162 cap.t
2085 4101 2265 4159 „Pium
2298 4107 2540 4164 superest,
2596 4108 2648 4150 ut
2693 4100 2840 4150 etiam
2880 4115 3013 4150 mar·

1878 4168 1997 4228 tyria
2032 4180 2259 4217 recusare
2294 4168 2587 4217 meditentur
2613 4169 2693 4231 qui
2722 4169 3015 4232 prophetias

1880 4233 2097 4283 &uadem
2165 4236 2365 4299 spiritus
2436 4235 2589 4286 sancti
2658 4235 3011 4299 respuerunt-‘⁶

1876 4301 2081 4365 Apolog.
2104 4317 2210 4366 cap.
2229 4301 2290 4351 15
2326 4304 2504 4364 „Plane
2526 4301 2861 4364 religiosiores
2892 4303 3011 4353 eutis

1880 4368 1928 4417 in
1966 4382 2123 4427 cavea,
2179 4370 2260 4419 ubi
2308 4383 2459 4433 super
2502 4370 2783 4431 sanguinem
2834 4370 3010 4422 huma·

1880 4449 2026 4495 num,
2094 4450 2246 4500 super
2310 4438 2673 4501 inquinamenta
2736 4449 3009 4501 poenarum

1877 4503 2085 4568 proinde
2118 4504 2298 4554 saltant
2331 4504 2407 4554 dei
2442 4504 2640 4555 vestri.“

1947 4569 2080 4688 (1.Ῑίου
2116 4565 2315 4638 totum]
2332 4572 2381 4622 V.
2418 4573 2580 4623 adnot.
2616 4572 2675 4622 ad
2710 4571 2783 4625 De
2812 4571 3015 4622 Corona

1880 4652 1967 4703 ⁰⁸1)
