3263 5311
1171 451 1250 494 ns
1295 450 1610 494 Pumct'ru..
2448 435 2572 498 793

218 622 350 666 cum
389 598 696 683 phi-ibus,
740 599 974 679 quando
1018 599 1237 662 vei-itas
1280 619 1416 663 cum
1458 600 1664 680 paucis
1708 608 1959 662 ametur.
2030 601 2107 663 At
2132 555 2292 663 enim
2320 619 2417 664 me
2446 620 2569 664 non

209 703 396 784 magis
443 700 928 764 ml’dedecorabit
980 700 1198 764 ”utilis
1259 700 1511 765 levitas*
1563 719 1741 782 quam
1797 701 2022 764 ornarit
2074 720 2323 765 nocens.
2429 702 2567 766 Non

212 801 806 869 animavertere
848 818 968 883 qne
1011 801 1265 876 ²¹carui,
1310 804 1448 883 qnia
1491 803 1761 866 caruisse
1804 802 2096 877 delector,
2160 804 2297 884 quia
2346 804 2564 870 melio—

207 925 336 969 rem
390 923 490 968 me
557 913 620 967 et
681 903 1050 984 pudiciorem
1112 922 1503 985 recognosco.
1609 903 1797 966 Nemo
1860 902 2179 983 proficiens
2245 904 2567 969 erubescit.

209 1006 403 1071 Habet
445 1014 506 1070 et
546 1005 608 1067 in
654 1004 894 1068 Christo
935 1004 1186 1069 scientia
1229 1013 1451 1070 aetates
1497 1024 1672 1077 suas,
1736 1023 1847 1085 per
1900 1023 2048 1084 quas
2105 1005 2417 1070 devolutus
2472 1015 2569 1072 est

212 1117 274 1172 et
313 1107 650 1189 apestolus.
725 1104 872 1167 Cum
913 1107 1232 1187 parvulus,
1274 1107 1497 1187 inquit,
1543 1124 1774 1180 essem,
1822 1116 2099 1187 tanquam
2141 1108 2420 1187 parvulus
2462 1108 2562 1171 lo-

209 1208 464 1290 quebar,

209 1329 364 1391 qime
405 1308 632 1389 parvuli
673 1309 910 1371 merant
953 1309 1283 1372 evacuavik.
1356 1310 1524 1371 Adeo
1566 1309 1875 1372 ”devertit
1914 1329 1952 1371 a
1994 1310 2308 1374 sententiis
2351 1311 2564 1391 pristi-

205 1413 306 1474 nis
322 1458 339 1486 ,
382 1428 496 1474 nec
535 1409 758 1472 idcirco
801 1408 1051 1488 deliquit
1092 1410 1253 1489 quod
1297 1410 1624 1473 aemulator
1664 1411 1853 1474 sactus
1898 1419 1994 1472 est
2029 1429 2156 1472 non
2183 1419 2565 1491 paternarum

205 1512 628 1586 traditionum,
695 1509 803 1572 sed
845 1508 1401 1586 ²“Christianarum,
1467 1521 1681 1592 optans
1741 1511 1919 1574 etiam
1974 1520 2043 1575 ut
2083 1513 2563 1593 praeciderentur
2589 1507 2820 1564 ‘MV-²²

208 1613 314 1695 qui
357 1611 871 1675 cirumcisionem
917 1612 1293 1676 detinendam
1349 1613 1699 1676 suadebant.
1802 1614 1995 1693 Atque
2038 1614 2265 1676 utinam
2306 1622 2369 1677 et
2410 1614 2511 1678 isti
2523 1614 2562 1690 ²,

208 1715 314 1796 qui
355 1732 579 1777 meram
623 1721 686 1776 et
724 1731 926 1776 veram
968 1712 1366 1794 integritatem
1422 1714 1615 1777 carnis
1670 1713 2115 1789 ”abu-uncant,
2191 1722 2565 1796 amputantes

203 1834 336 1878 nen
379 1833 674 1878 summam
701 1814 1111 1895 superficiem,
1157 1817 1264 1879 sed
1293 1817 1560 1880 intimam
1589 1816 1843 1895 effigiem
1882 1817 2130 1896 pudoris
2158 1816 2381 1896 ipsius,
2426 1834 2564 1879 cum

203 1917 478 1980 moechis
524 1926 585 1979 et
626 1916 1088 1984 fornicatoribus
1132 1917 1364 1980 veniam
1423 1917 1778 1997 pollicentur
1831 1917 2119 1980 adversus
2173 1917 2565 1998 principalem

529 1207 864 1287 ”tanquam
905 1207 1188 1287 parvulus
1230 1208 1567 1289 sapiebam,
1635 1216 1696 1270 at
1737 1207 1840 1270 ubi
1882 1206 1973 1270 vir
2025 1226 2159 1271 sum
2212 1210 2436 1284 factius,
2493 1228 2565 1273 ea
2587 1167 2777 1294 x¹1i³1⁰ls

208 2018 536 2082 Christiani
576 2017 837 2081 nominis
882 2017 1282 2132 disciplinam,
1329 2037 1505 2100 quam
1549 2019 1745 2098 ipsum
1774 2036 2012 2098 quoque
2042 2018 2345 2081 saeculum
2373 2037 2565 2099 usque

205 2121 359 2184 adeo
410 2127 690 2194 testatur,
734 2127 830 2195 ut,
875 2119 927 2182 si
971 2120 1283 2201 quando·,
1328 2138 1458 2183 eam
1487 2119 1548 2181 in
1579 2119 1816 2182 feminis
1846 2119 2112 2183 nostrie·
2141 2119 2559 2200 inquinamen—

205 2221 286 2284 tis
328 2221 536 2303 potius
582 2220 777 2283 carnis
822 2239 1001 2301 quam
1044 2221 1360 2285 tormentis
1400 2220 1616 2301 punire
1658 2220 2003 2295 contendat,
2066 2220 2128 2283 id
2182 2220 2391 2282 volens
2436 2221 2558 2284 eri-

205 2341 358 2403 pere
402 2323 565 2402 quod
608 2322 761 2385 vitae
801 2322 1249 2403 ”anteponunt-
1324 2321 1445 2385 Sed
1486 2322 1606 2385 iam
1646 2322 1795 2385 haec
1834 2320 2022 2400 gloria
2064 2321 2458 2401 extinguitur,
2504 2330 2569 2384 et

203 2424 454 2504 quidem
497 2442 608 2504 per
646 2443 755 2487 eos
800 2443 951 2505 quos
995 2432 1160 2487 tanto
1205 2423 1574 2487 constantius
1619 2430 1965 2504 oportuerat
1991 2422 2287 2484 eiusmodi
2316 2423 2561 2485 maculis

202 2526 433 2589 nullam
471 2525 889 2589 subscribere⁰
931 2526 1194 2601 veniam,
1258 2525 1538 2605 ²⁷quanto
1580 2532 1935 2606 propterea,
2000 2524 2281 2604 quotiens
2336 2523 2561 2599 volunt,

203 2625 535 2702 ”nubunt,
591 2645 669 2689 ne
710 2627 1017 2690 moechiae
1062 2635 1123 2691 et
1162 2627 1537 2691 fornicationi
1582 2625 1927 2690 succidere?
1971 2633 2284 2706 cogantur,
2340 2625 2556 2707 ”quo-

202 2729 370 2792 niam
415 2728 627 2791 melius
670 2737 767 2791 est
807 2729 1034 2813 nubere
1077 2749 1250 2810 quam
1295 2729 1410 2793 uri.
1514 2728 1809 2793 Nimirum
1850 2736 2098 2809 propter
2139 2727 2852 2796 continentiamicomm.

200 2821 1018 2902 incontinentia‘necessaria
1073 2840 1201 2905 est,
1265 2831 1604 2895 incendium
1660 2829 1897 2909 ignibus
1953 2828 2341 2908 extinguetur.
2443 2828 2562 2892 Cur

201 2950 354 3011 ergo
401 2931 522 2995 3⁸'et
561 2931 1238 3013 crimina-postmodum
1279 2931 1589 3011 indulgent
1627 2930 2023 3011 paenitentiae
2063 2929 2335 3003 nomine,
2403 2947 2559 3009 quo-

198 3051 346 3095 rnm
388 3033 654 3095 remedia
705 3033 1107 3114 praestituunt
1157 3032 1647 3095 multinubentiae
1698 3029 1876 3093 iure?
1982 3030 2131 3092 Nam
2186 3038 2248 3092 et
2300 3030 2565 3093 remedia

197 3134 562 3209 vacabuntff,
622 3152 758 3196 cum
800 3133 1045 3196 crimina
1087 3134 1494 3229 indulgentur,
1554 3140 1616 3195 et
1657 3131 1903 3194 crimina
1944 3130 2298 3205 manebunt,
2357 3131 2412 3193 si
2454 3150 2559 3193 re-

56 3285 70 3320 Γ
199 3287 332 3339 191ι.
372 3286 627 3338 decorabit
660 3288 718 3337 D.
804 3285 887 3336 20.
923 3286 1053 3337 utilis
1087 3288 1204 3338 Petr.
1227 3286 1514 3348 ciacconius,
1552 3287 1629 3336 Fr.
1646 3286 1822 3335 lunius.
1893 3283 2076 3333 inutilis
2111 3284 2274 3334 ABCD.
2358 3283 2441 3333 21.
2479 3299 2560 3334 ca-

58 3363 61 3386 ³
191 3356 293 3415 rui,
332 3355 452 3421 quia
489 3356 609 3406 delet
640 3356 773 3407 Fulo.
788 3354 998 3404 Ursinus.
1101 3353 1183 3404 22.
1218 3363 1445 3418 tanquam
1484 3353 1711 3418 parvulus
1745 3351 2001 3416 sapiebam
2033 3352 2119 3402 GD.
2156 3354 2277 3403 uber
2305 3352 2562 3403 Clementis.

56 3429 66 3460 ἱ
191 3424 388 3489 Reliqui
427 3438 521 3472 non
553 3424 737 3473 habau.
842 3420 925 3471 23.
962 3422 1162 3473 devertit
1194 3423 1279 3473 Ac,
1317 3424 1435 3472 liber
1472 3422 1729 3471 Clementia.
1800 3420 1987 3469 divertit
2019 3420 2112 3469 BD.
2205 3418 2288 3469 24.
2325 3419 2561 3470 Christia-

56 3513 72 3530 ν
189 3504 378 3542 narum
426 3489 510 3539 CD.
546 3489 664 3540 liber
701 3490 958 3541 Clementia.
1041 3490 1425 3540 Christianorum
1460 3490 1647 3553 reliqui.
1763 3486 1845 3539 25.
1883 3488 2216 3537 obtruncatam
2254 3495 2476 3551 putantes
2510 3488 2562 3538 A.

58 3581 63 3590 ·
190 3556 279 3610 26.
322 3565 629 3620 anteponent
663 3563 714 3610 A.
808 3564 1105 3622 anteponant
1138 3559 1210 3620 D.
1250 3558 1381 3608 Fulv.
1419 3557 1627 3607 Ursinus.
1733 3553 1815 3604 2¹1.
1854 3564 2033 3619 quanto
2069 3556 2141 3616 D.,
2180 3554 2310 3605 fule.
2351 3556 2560 3605 Ursinus.

227 3627 404 3677 nando
442 3623 568 3675 ABG.
670 3624 753 3675 28.
790 3625 976 3674 nubunt
1011 3626 1083 3686 D.,
1123 3626 1252 3675 fulv.
1291 3626 1500 3676 Ursinus.

1261 3693 1462 3744 crimine
1495 3693 1682 3756 reliqui.

228 3694 282 3745 0.
322 3702 374 3745 et
414 3693 616 3743 erimina
657 3693 742 3743 GD.
778 3693 898 3743 liber
933 3693 1191 3743 Clementis.

261 3795 317 3845 h.
358 3793 500 3844 utilis
549 3787 738 3858 levitae]
791 3794 852 3844 Ut
898 3794 1078 3844 nemini
1125 3793 1339 3855 gloriosa

192 3870 273 3912 eat
312 3862 490 3912 levitas
526 3875 650 3924 quae
685 3875 851 3911 secum
897 3861 1056 3911 adfert
1089 3860 1339 3912 calamita·

188 3938 272 3981 tes
310 3938 364 3981 et
403 3929 598 3989 damna,
635 3928 708 3978 sie
726 3929 869 3979 etiam
896 3929 1076 3979 nemini
1099 3929 1338 3993 probrosa

191 4005 272 4048 est
309 3997 488 4048 levitas
525 4009 581 4045 ex
629 4010 722 4060 qua
772 3996 993 4059 sequitur
1046 3996 1226 4047 utilitas
1261 3997 1339 4046 in-

191 4079 323 4128 gena
362 4072 418 4115 et
453 4064 672 4113 honesta.
708 4063 921 4126 (Rigalt.)

265 4134 301 4181 i.
339 4125 632 4196 suffundor]
681 4131 758 4181 Cf.
793 4131 957 4182 adnot.
995 4131 1054 4181 ad
1089 4130 1338 4196 Scorpiac.

192 4214 321 4316 αἱ.
364 4260 632 4383 avocant]
670 4266 743 4317 Cf.
780 4266 941 4317 adnot.
973 4266 1032 4316 ad
1047 4265 1116 4316 De
1143 4266 1342 4317 Patient-

189 4348 310 4398 cap.
342 4335 362 4383 l

268 4401 307 4451 Ι.
347 4404 508 4465 Atque
543 4401 726 4451 utinam
762 4408 811 4451 et
843 4396 947 4465 isti]
995 4401 1111 4452 Scit.
1147 4401 1340 4467 praeei-

187 4469 464 4521 demumr.

263 4551 342 4587 ιιι.
383 4536 430 4585 si
469 4530 690 4601 qnando]
733 4535 800 4585 Ad
837 4535 1149 4595 Natt.ll,14
1197 4536 1340 4597 „Non

186 4605 542 4656 meminerunt
574 4602 892 4668 Asclepiaden
929 4603 1158 4665 Cynicum
1202 4605 1342 4659 unica

186 4672 432 4732 vaccula,
467 4672 606 4723 cuias
641 4678 691 4723 et
723 4670 872 4723 dorae
906 4670 1165 4723 vehebatur
1199 4680 1264 4734 et,
1300 4674 1344 4722 ai

1572 3623 1754 3673 nubant
1785 3623 1911 3674 Aac.
2015 3621 2099 3673 29.
2136 3622 2266 3687 quod
2302 3622 2476 3672 melius
2511 3623 2563 3673 Α.

1440 3794 1645 3857 quondo,
1703 3792 1853 3841 ubere
1900 3789 2149 3851 alebatur,
2204 3791 2372 3840 orbem
2410 3797 2563 3840 totum

1440 3860 1595 3910 oculis
1633 3854 1962 3921 subegisse?“
2053 3858 2120 3906 De
2153 3858 2319 3907 Anima
2358 3872 2464 3921 cap.
2500 3856 2563 3907 18

1440 3927 1671 4006 „putabis
1707 3925 1900 3991 quidem
1938 3925 2110 3975 abesae
2145 3924 2358 3974 animum
2380 3925 2441 3974 ab
2458 3927 2566 3975 ani-

1438 4009 1538 4110 gia,
1543 3996 1616 4113 cai
1653 3993 1895 4058 qumdof‘
1899 4059 1931 4109 5
1958 3992 2031 4042 Cr.
2068 4006 2192 4054 quae
2228 3991 2447 4043 adnotavi
2502 3992 2565 4043 ad

1480 4076 1508 4112 e
1583 4075 1736 4111 orona
1773 4075 1877 4124 cap.
1935 4094 1947 4107 .

1509 4143 1556 4179 n.
1595 4130 1642 4178 in
1679 4129 1874 4178 seminis
1911 4122 2119 4193 nostris]
2174 4127 2277 4177 Hoc
2311 4134 2387 4178 eat
2421 4127 2565 4178 ctu-i-

1438 4196 1627 4249 stianis.
1691 4196 1742 4245 V.
1776 4196 1983 4260 Apolog.
2019 4210 2124 4258 cap.
2163 4194 2246 4245 ult.

1508 4280 1554 4315 o.
1602 4260 1934 4325 subscribere]
2000 4263 2102 4313 Hoc
2153 4272 2228 4313 est
2279 4263 2565 4315 concedere.

1438 4333 1490 4383 V.
1525 4332 1690 4383 adnot.
1726 4331 1788 4380 ad
1822 4331 1893 4381 De
1929 4330 2102 4380 idolol.
2141 4329 2352 4395 eap.23.

1506 4415 1559 4464 p.
1606 4394 1885 4465 succidere]
1940 4398 2013 4449 Cf.
2061 4414 2185 4462 quae
2236 4399 2454 4449 adnotavi
2503 4398 2565 4449 ad

1439 4468 1510 4519 De
1547 4467 1738 4518 Corona
1795 4482 1903 4530 cap.
1933 4466 1983 4515 6.
2066 4466 2199 4515 Adde
2246 4465 2315 4516 De
2361 4465 2565 4515 Patient.

1443 4550 1549 4600 cap.
1569 4535 1600 4584 5
1638 4540 1686 4583 et
1725 4533 1803 4582 14.

1511 4618 1558 4666 q.
1595 4595 1853 4666 vacabunt]
1907 4599 1983 4651 Cf.
2018 4601 2183 4651 adnot.
2230 4599 2292 4650 ad
2324 4598 2394 4650 De
2430 4599 2578 4701 Orat..

1442 4669 1654 4736 cap..15
