3263 5311
460 683 624 727 Ezech.

688 434 815 514 806
1206 452 1408 503 eumn
1456 449 1721 494 sermm
1761 449 2093 494 nemus
2139 431 2532 494 rnn‘rumm

688 601 1013 665 meministi
1057 601 1518 682 prophetarum,
1562 619 1697 663 cum
1738 608 2017 686 pastores
2056 601 2472 681 increpantur,
2526 608 2674 681 puto
2715 599 3044 663 Ezechielis

381 735 561 788 xxm
574 736 679 793 2sq
696 713 790 765 est
832 721 977 763 vox·
1021 702 1338 777 Pastores,
1382 719 1519 766 ecce
1561 702 1654 765 lac
1697 701 1995 764 devoratis
2040 709 2101 762 et
2139 701 2294 763 lanis
2325 702 2654 777 vestimini3
2697 702 2859 782 quod
2889 702 3043 765 forte

419 2844 529 2900 Gap.
544 2843 655 2891 VH!-

691 813 788 866 est
831 802 1166 877 occidistis,
1209 804 1370 883 quod
1413 803 1715 865 infirmum
1759 811 2006 864 estnon
2035 803 2324 878 curastis,
2369 803 2530 884 quod
2557 801 3047 866 ”comminutum

694 913 790 967 est
830 923 952 966 non
993 903 1252 984 ligastis,
1298 903 1458 984 quod
1504 904 1816 985 expulsum
1861 912 1956 966 est
1996 922 2120 966 non
2164 903 2576 979 convertistis,
2621 904 2782 984 quod
2810 903 3049 985 ³⁰periit

691 1024 816 1068 non
871 1004 1233 1086 requisistis.
1339 1005 1637 1086 Numquid
1683 1013 1745 1067 et
1787 1005 1861 1068 de
1902 1013 2141 1068 mortuo
2196 1005 2547 1086 exprobrat,
2613 1005 2776 1086 quod
2818 1024 2951 1068 non
2986 1015 3049 1070 et

693 1106 837 1169 illud
893 1106 957 1168 in
1011 1124 1247 1187 gregem
1301 1106 1548 1169 reficere
1603 1105 1986 1168 curaverint⁹
2070 1106 2255 1169 Plane
2306 1106 2553 1186 ingerit,
2625 1107 2790 1187 quod
2844 1108 3045 1187 perire

692 1226 837 1270 oves
881 1207 1128 1270 fecerint
1171 1215 1233 1269 et
1273 1226 1308 1270 a
1349 1207 1563 1270 bestiis
1606 1207 1733 1289 agri
1776 1207 2029 1270 comedi.
2129 1207 2336 1288 Neque
2388 1215 2650 1288 possunt
2688 1226 2805 1269 nec
2848 1227 3047 1287 pmre

691 1308 755 1371 in
798 1317 1053 1370 mortem
1097 1327 1208 1370 nec
1250 1308 1517 1383 comedi,
1585 1309 1642 1370 si
1696 1309 2127 1389 relinquantur.
2234 1308 2457 1378 ³¹Non,
2515 1316 2581 1371 ut
2634 1308 2947 1388 perditae·
2988 1310 3049 1371 in

690 1417 948 1473 mortem
992 1418 1052 1472 et
1092 1418 1394 1473 comestae
1433 1418 1848 1484 resumantur,
1894 1410 2053 1472 iuxta
2099 1409 2414 1472 drachmae
2443 1427 2680 1490 quoque
2707 1410 3049 1490 exemplum

696 1512 872 1574 etiam
914 1511 1069 1573 intra
1114 1510 1358 1572 domum
1403 1511 1498 1573 dei
1543 1511 1854 1573 ecclesiam
1895 1510 2037 1573 licet
2078 1528 2218 1573 esse
2247 1509 2439 1590 aliqua
2472 1499 2683 1573 delicta
2710 1528 2826 1590 pro
2860 1510 3051 1590 ipsius

694 1618 1010 1681 drachmae
1049 1614 1293 1676 modulo
1337 1601 1408 1676 ac
1449 1612 1716 1693 pondere
1758 1610 2112 1687 mediocria,
2157 1629 2309 1691 quae
2350 1611 2572 1674 ibidem
2614 1610 3050 1685 delitescentia,

693 1737 836 1782 mox
887 1715 1105 1779 ibidem
1164 1724 1225 1777 et
1279 1722 1547 1795 reperta,
1618 1713 1820 1775 statim
1872 1712 2095 1775 ibidem
2151 1730 2284 1774 cnm
2340 1712 2554 1791 gaudio
2608 1711 3051 1775 emendationis

695 1816 1144 1899 transigantur?
1244 1815 1544 1877 Moechiae
1599 1833 1741 1876 vero
1802 1821 1862 1875 et
1914 1812 2326 1875 fornicationis
2383 1830 2505 1874 non
2562 1812 2880 1887 drachma,
2945 1814 3051 1876 sed

695 1922 1009 1990 talentum,
1076 1917 1291 1996 quibus
1336 1915 1719 1996 exquirendis
1763 1932 1885 1977 non
1938 1914 2218 1976 lucernae
2259 1912 2547 1993 ”spiculo
2591 1912 2882 1988 lumine»,
2944 1914 3051 1977 sed

694 2020 880 2083 totius
923 2017 1129 2078 ³³solis
1173 2016 1582 2096 lanceaopus
1642 2025 1758 2077 est.
1866 2015 2054 2078 Simul
2109 2014 2408 2095 apparuit,
2474 2014 2675 2077 statim
2730 2014 2925 2075 homo
2980 2015 3053 2076 de

695 2120 944 2183 ecclesia
987 2117 1329 2199 expellitur,
1374 2134 1486 2179 nec
1528 2116 1647 2179 illic
1687 2124 1915 2191 manet,
1963 2134 2077 2178 nec
2115 2116 2390 2196 gaudium
2420 2116 2651 2177 confert
2675 2113 3051 2195 ”repertrici

695 2220 1010 2294 ecclesiae,
1075 2219 1182 2281 sed
1235 2218 1488 2293 luctum,
1551 2236 1667 2278 nec
1719 2216 2286 2296 congratulationem
2342 2216 2644 2278 ”advocat
2693 2215 3049 2288 vicinarum,

695 2323 803 2386 sed
860 2320 1373 2384 contristationem
1434 2318 1837 2399 proximarum
1893 2318 2345 2380 fraternitatum.
2446 2316 2787 2378 Commissa
2852 2318 3049 2396 itaque

694 2424 870 2486 etiam
914 2422 1024 2484 hac
1063 2431 1273 2484 nostra
1317 2439 1450 2481 cum
1492 2420 1733 2482 illorum
1776 2417 2270 2497 interpretatione
2313 2436 2386 2479 eo
2429 2417 2617 2497 magis
2648 2418 2712 2478 in
2746 2416 3048 2480 ethnicam

689 2523 1102 2604 ³⁸spectabunt
1142 2529 1203 2582 et
1245 2521 1374 2582 ovis
1418 2528 1478 2582 et
1534 2520 1847 2582 drachmae
1900 2527 2277 2599 argumenta,
2352 2525 2571 2597 quanto
2627 2535 2745 2580 nec
2797 2519 2869 2579 in
2922 2518 3047 2579 eins

693 2623 890 2687 delicti
933 2621 1336 2685 Christianum
1380 2629 1721 2701 competere
1763 2627 2311 2702 possunt‘propter
2353 2619 2513 2700 quod
2556 2619 2620 2682 in
2643 2618 3049 2682 Christianum

693 2726 768 2788 de
812 2716 1045 2788 diversa
1085 2732 1254 2804 parte
1297 2730 1610 2802 coguntur.

864 2824 983 2888 Sed
1057 2823 1215 2886 enim
1279 2823 1600 2903 plerosque
1684 2822 2045 2902 interpretes
2124 2820 2538 2901 parabolarum
2618 2820 2781 2882 idem
2863 2821 3053 2884 exitus

692 2925 913 3007 decipit
956 2926 1163 3006 ¹quem
1222 2924 1284 2985 in
1341 2922 1607 2985 vestibus
1664 2940 1931 3004 purpura
1988 2921 2328 2985 oculandis·
2388 2920 2749 3001 saepissime
2811 2923 3049 2984 evenire

693 3111 775 3163 29.
813 3111 1159 3162 communitum
1194 3112 1246 3160 A.
1351 3109 1433 3160 30.
1470 3110 1597 3174 perit
1628 3111 1681 3159 A.
1786 3108 1867 3158 31.
1919 3116 1971 3158 ut
2016 3123 2114 3158 non
2149 3109 2204 3158 D.
2331 3105 2413 3157 32.
2462 3107 2654 3171 spiculo
2705 3107 2902 3158 lumine
2931 3109 3051 3160 ΔΜ

690 3179 865 3245 spiculi
903 3179 1085 3228 lumine
1119 3178 1193 3239 D„
1230 3178 1359 3228 Falv.
1400 3178 1609 3227 Ursinus.
1681 3176 1870 3241 spiculo
1908 3175 2104 3226 luminis
2138 3177 2216 3226 Fr.
2234 3176 2411 3227 Iunius.
2491 3175 2684 3239 spiculo
2723 3176 2880 3226 delete
2916 3192 3055 3226 ue·—

692 3248 800 3299 bulo
837 3246 1018 3295 lumine
1053 3246 1266 3296 Latinius
1300 3253 1343 3294 et
1378 3246 1468 3295 Ios.
1487 3245 1710 3307 Scaliger.
1811 3241 1893 3293 33.
1929 3243 2050 3293 solis
2084 3259 2176 3294 non
2213 3245 2348 3293 habet
2381 3244 2430 3292 A.
2519 3240 2601 3291 34.
2639 3244 2856 3306 reperiri
2894 3244 2937 3292 ei
2974 3259 3051 3293 ee-

692 3315 871 3365 clesiae
904 3318 955 3364 A.
1062 3310 1144 3362 35.
1180 3311 1380 3362 advocat
1414 3313 1489 3373 0.,
1529 3312 1660 3362 Fulv.
1688 3311 1897 3362 Ursinus.
1967 3311 2201 3362 advocant
2233 3310 2357 3361 ABG.
2460 3307 2544 3359 36.
2580 3308 2912 3372 expectabunt
2942 3313 2996 3360 A.

827 3382 944 3444 Cap.
980 3379 1098 3429 vlu.
1171 3381 1217 3429 1.
1255 3393 1399 3444 quam
1433 3381 1485 3429 A.

757 3529 804 3564 o.
841 3514 965 3573 Non,
1013 3521 1067 3563 ut
1100 3508 1343 3578 perditae]
1392 3512 1460 3562 Ita
1511 3511 1814 3575 distinguen-
1916 3511 2124 3576 amplius
2158 3510 2343 3563 lumine
2377 3509 2621 3572 lucernae,
2657 3520 2848 3576 quanto
2884 3511 3055 3563 lancea

688 3581 804 3632 dum
839 3579 1101 3638 videbatur,
1150 3587 1197 3628 et
1242 3579 1637 3641 interrogationis
1673 3581 1811 3642 signo
1914 3579 2120 3643 spiculo.
2169 3579 2350 3628 Alludit
2384 3579 2443 3628 ad
2479 3593 2634 3641 genus
2658 3579 3053 3644 loquendique!

689 3649 925 3699 sententia
951 3647 1234 3696 claudenda.
1270 3644 1468 3708 Vulgata
1489 3646 1813 3711 interpunctio
1912 3653 2087 3711 poetae
2124 3646 2359 3707 lecerunt,
2394 3645 2561 3695 radios
2597 3645 2720 3695 solis
2756 3656 2808 3696 et
2836 3647 3055 3697 sidet-t

690 3724 794 3766 ent
837 3717 1176 3779 relinquantur,
1225 3729 1332 3764 nott·
1364 3720 1422 3764 ut
1463 3738 1530 3750 —
1565 3738 1630 3751 ·-
1677 3730 1813 3765 reau-
1913 3717 2052 3777 ictus,
2092 3716 2200 3776 tela,
2239 3714 2398 3765 ἰαοιιια
2429 3715 2686 3773 radiantia,
2726 3716 2921 3778 spicula
2966 3728 3055 3778 q»—

687 3791 889 3835 mantur.
940 3784 1076 3833 quta
1096 3783 1341 3833 drachmae
1373 3807 1440 3817 —
1460 3808 1529 3817 --
1554 3806 1618 3818 --
1657 3789 1815 3833 tram-
1912 3780 2162 3847 pellendo,
2200 3781 2267 3831 uti
2304 3781 2481 3830 notavit
2515 3781 2576 3830 ad
2610 3782 2899 3831 Lucretium
2920 3783 3059 3832 Gia-
3168 3800 3169 3811 ¹

686 3855 891 3915 iqantur.
955 3851 1190 3901 Moechiae
1224 3857 1334 3900 cett.
1915 3849 2041 3899 nius.
2096 3848 2237 3907 Quod
2273 3856 2432 3898 antem
2470 3849 2647 3898 Sat-aro
2686 3848 2747 3897 ad
2790 3848 3055 3899 Sidoni-n

757 3934 806 3982 p.
843 3918 1070 3969 lucernae
1102 3918 1294 3982 spiculo
1329 3911 1534 3982 lumine]
1570 3916 1661 3967 Hic
1693 3917 1814 3966 hae·
1914 3916 2124 3967 lanceam
2158 3916 2383 3966 observat
2430 3916 2544 3979 poni
2595 3929 2686 3978 pro
2725 3916 2859 3975 lace,
2907 3917 3059 3981 idq-r
3168 3936 3169 3939 ¹

686 3994 799 4036 rent
832 3986 918 4036 viri
954 3986 1115 4046 docti;
1177 3984 1340 4035 delent
1387 3985 1470 4035 alii
1517 3977 1581 4031 τὸ
1620 3986 1807 4046 lumine,
1913 3984 2136 4033 adfirmat
2169 3983 2409 4045 glossario
2442 3997 2531 4031 ms.
2556 3982 2604 4031 iu
2624 3996 2753 4046 quo:
2791 3984 3053 4041 Han-m

688 4051 767 4101 alii
806 4052 971 4114 legunt
1015 4020 1220 4113 luna'ae‘nis,
1271 4052 1350 4101 alii
1398 4053 1584 4117 spiculi.
1656 4052 1810 4109 Quin-
1911 4052 2104 4113 lancea„
2144 4050 2332 4101 videtur
2365 4049 2597 4113 deceptus
2631 4063 2807 4100 errore
2844 4051 3059 4103 librat-5.

687 4120 829 4168 etiam
883 4120 1078 4169 iunxere
1127 4120 1249 4169 duas
1298 4133 1442 4169 voces
1492 4119 1540 4168 iu
1578 4131 1726 4168 unum
1763 4124 1812 4167 et
1912 4118 1995 4182 qui
2031 4116 2248 4168 scribere
2291 4117 2553 4168 debuerat:
2602 4118 2818 4178 Franco,
2870 4120 3057 4170 ιιιικειι.

685 4185 900 4247 glossam
938 4187 1157 4237 recerunt
1206 4189 1361 4237 lumen
1406 4186 1807 4264 leemites-piculi.
1909 4185 1967 4247 (Ι.
1990 4184 2070 4235 rr.
2097 4186 2365 4237 Gronovius
2402 4184 2672 4234 Observatt.
2708 4183 2797 4243 11¹,
2818 4183 2934 4245 2¹.)

683 4252 783 4303 Sed
819 4260 948 4302 recte
983 4266 1097 4303 sese
1134 4253 1278 4303 habet
1294 4254 1497 4332 vulgata.
1533 4253 1655 4302 Nam
1674 4244 1803 4299 κατ’
1978 4253 2096 4317 Cap.
2133 4252 2253 4302 Vlll.
2304 4267 2366 4301 οε.
2403 4251 2618 4301 vestibus
2664 4265 2891 4315 purpura
2932 4267 3057 4303 ocn-

684 4311 1009 4384 ἐπεξῆγησιν
1040 4319 1200 4383 (vulgo
1238 4322 1593 4383 appositionem
1619 4317 1809 4381 vocant)
1911 4315 2094 4385 landis]
2132 4318 2486 4369 llluminandis.
2530 4320 2613 4369 Sic
2647 4318 2845 4369 desole
2864 4320 3057 4370 Plini-s
3168 4362 3169 4367 ,

685 4387 912 4438 lucernae
946 4386 1221 4451 appellatur
1254 4388 1406 4437 lumen
1440 4388 1682 4452 apiculum,
1722 4401 1808 4436 so·
1911 4381 2058 4451 [Hist.
2095 4386 2199 4436 Nat.
2243 4386 2301 4445 ll,
2331 4383 2405 4448 6.]
2462 4385 2586 4446 „Hic
2639 4386 2836 4449 reliqua
2886 4388 3057 4437 siem
3168 4380 3169 4421 ἶ

683 4454 747 4505 lis
784 4455 947 4504 lumen
996 4456 1172 4506 lancea.
1262 4455 1444 4513 Quibus
1498 4454 1808 4518 exquirendis
1910 4452 2129 4504 aculae-‘⁶'
2178 4453 2379 4516 Proprie
2414 4461 2573 4502 autem
2599 4467 2857 4516 purpurae
2876 4454 3055 4518 spten-

680 4536 781 4573 non
817 4522 1043 4572 lucernae
1074 4520 1255 4580 lumen,
1292 4522 1420 4585 quod
1458 4523 1609 4571 instar
1630 4520 1808 4586 spiculi
1911 4521 2003 4570 dor
2036 4535 2123 4571 seu
2172 4521 2336 4583 fulgor
2369 4520 2533 4569 lumen
2582 4520 2777 4570 dicitur.
2866 4520 3057 4571 Fabius

682 4596 775 4648 est,
823 4590 1019 4651 sufficit,
1069 4588 1157 4640 sed
1207 4602 1332 4654 opus
1380 4596 1453 4639 est
1501 4590 1649 4640 totius
1684 4588 1807 4638 solis
1909 4587 2200 4649 lustitvlll,
2221 4587 2304 4647 9,
2309 4586 2556 4647 ,Adsereut
2590 4587 2755 4637 lumen
2797 4586 2971 4638 clavus
3009 4594 3063 4636 ει

680 4653 883 4719 lumine,
920 4657 1050 4721 quod
1086 4657 1240 4709 instar
1273 4656 1499 4708 lanceae:
1545 4671 1635 4730 seu
1671 4662 1804 4707 tanto
1906 4669 2155 4723 purpurae
2186 4624 2304 4707 ’loco
2334 4654 2600 4706 insertae.“
2693 4654 2929 4707 Horatius
2968 4652 3059 4719 [Δ.
