3263 5311
762 451 841 497 aa
885 449 1109 500 munio
1153 449 1448 499 sumens
1492 453 1835 499 rsrencos.
1866 401 1880 420 ³
2297 493 2306 504 .
2356 439 2476 511 881

86 681 98 693 .
139 602 453 666 naeherib⁸
495 604 936 684 ‘compluribus
977 604 1094 666 iam
1135 604 1472 667 civitatibus
1535 606 1725 685 eaptis
1770 605 1976 668 Israeli
2020 621 2132 686 per
2174 606 2482 686 Rapsacen

135 701 528 782 blasphemias
571 711 634 766 et
671 704 864 766 urinas
907 705 1257 779 iutoetaret‚
1325 705 1476 767 nihil
1530 704 1688 767 aliud
1743 705 1903 768 illum
1961 725 1993 768 a
2048 709 2358 788 proposito
2415 708 2480 771 in

133 803 473 883 Aethiopias
515 805 744 867 avertit.
829 805 1058 867 Dehine
1096 806 1270 886 ’qnid
1330 806 1488 869 aliud
1533 807 1825 868 ”eentum
1881 807 2181 887 octoginta
2224 817 2482 889 quatuor

133 903 329 965 milia*
384 904 463 966 de
515 907 777 968 exercitu
833 907 963 968 eius
1016 925 1128 987 per
1180 907 1454 986 angelum
1512 908 1899 989 ”absumpsit
1956 923 2137 989 quam
2192 909 2478 972 Ezechiae

129 1005 288 1085 regis
331 1005 711 1070 humiliatio?
784 1006 1090 1087 Siquidem
1133 1008 1349 1071 din-itia
1391 1007 1590 1070 hostis
1635 1008 1981 1072 adnunciata
2024 1018 2255 1072 vestem
2282 1009 2478 1085 scidit,

130 1124 366 1169 saecum
407 1106 630 1181 induit,
676 1107 1008 1189 eodwque
1047 1108 1253 1171 habitu
1295 1109 1567 1172 seniores
1611 1110 1985 1172 saeerdotum
2029 1111 2324 1173 addeum
2366 1129 2477 1192 per

127 1206 364 1269 Esaiam
429 1207 596 1270 adire
645 1208 855 1283 iussit,
932 1210 1138 1290 utique
1192 1210 1418 1272 ieiunio
1469 1227 1680 1290 preees
1737 1219 2163 1291 prosequente.
2271 1211 2477 1292 Neque

128 1308 286 1370 enim
318 1307 431 1370 eibi
459 1317 697 1390 tempus
727 1309 788 1371 in
818 1310 1117 1390 periculo,
1159 1327 1274 1374 nee
1300 1311 1625 1373 samritatis
1655 1311 1845 1374 cultus
1876 1313 1937 1374 in
1967 1311 2189 1375 saeeo‘.
2246 1312 2475 1376 ²’Sem—

123 1427 232 1489 per
273 1408 471 1471 inedia
516 1410 864 1472 ¹'maeroris
919 1411 1159 1491 sequela
1214 1420 1335 1486 est,
1410 1412 1566 1475 sieut
1615 1413 1835 1475 laetitia
1892 1415 2158 1477 aeoessio
2212 1398 2776 1496 saginaestufffflvm·

119 1510 238 1572 Per
279 1510 435 1574 hane
471 1511 765 1574 maeroris
808 1512 1110 1593 sequelam
1153 1520 1211 1575 et
1251 1513 1518 1577 inediam*
1568 1515 1746 1578 etiam
1789 1514 1995 1578 civitas
2039 1514 2136 1577 illa
2178 1516 2474 1596 peccatrix
2501 1502 2687 1549 ΜΠ·

117 1610 332 1673 Ninive
375 1611 451 1673 de
494 1611 672 1674 exitio
717 1613 1056 1692 praedicato
1098 1613 1404 1677 liberatur.
1504 1616 1663 1678 Satis
1718 1617 1875 1678 enim
1928 1617 2287 1697 paenitentia
2332 1636 2469 1679 see-

115 1712 310 1774 lerum
359 1712 971 1776 ¹³¹’commendaverat
1010 1714 1295 1777 ieiunium
1351 1715 1549 1779 triduo
1605 1718 1835 1791 functa,
1901 1718 2077 1779 etiam
2140 1718 2469 1798 pecudibus
2496 1736 2678 1782 10n.n1.

115 1814 377 1886 enectis,
420 1812 637 1896 quibus
677 1814 866 1876 iratus
910 1816 1057 1879 deus
1100 1834 1226 1878 non
1267 1823 1410 1879 erat.
1487 1817 1752 1880 Sodoma
1794 1837 2031 1898 quoque
2073 1827 2135 1881 et
2176 1819 2710 1885 Gomon-asenam,

114 1916 483 1987 evasissent,
530 1914 581 1976 si
626 1914 1012 1978 ieiunassent.
1075 1916 1206 1978 Hoc
1243 1917 1572 1980 remedium
1616 1903 1890 1998 agnoscit
1929 1927 1991 1981 et
2030 1918 2249 1982 Achab.
2318 1920 2464 1983 Gum
2490 1939 2745 1995 ineam

113 2016 251 2078 ¹⁴illi
295 2027 444 2097 post
486 2016 1027 2095 transgressionem
1073 2024 1136 2079 et
1176 2017 1570 2081 idololatriam
1614 2026 1677 2081 et
1716 2037 1925 2083 neeem
1966 2020 2271 2084 Nabuthae
2317 2041 2465 2102 pro-

105 2125 245 2199 pter
288 2117 526 2180 vineam
567 2118 908 2199 interempti
953 2136 985 2179 a
1027 2117 1258 2181 Iezabel
1300 2118 1720 2200 exprobrasset
1759 2121 1993 2194 Helias,
2053 2120 2321 2195 Qualiter
2360 2141 2466 2184 oe-

106 2220 307 2283 eidisti
359 2228 420 2280 et
461 2218 882 2281 haereditatem
910 2218 1272 2298 possedisti:
1319 2219 1436 2282 ¹⁵in
1463 2220 1598 2281 loeo
1633 2239 1752 2300 quo
1783 2222 2130 2301 sanguinem
2162 2221 2468 2285 Nabuthae
2536 2291 2541 2298 ,

103 2313 288 2384 canes
341 2320 738 2395 delinxerant,
801 2328 970 2382 tuum
1013 2338 1252 2400 quoque
1297 2319 1718 2400 “delinguam
1776 2354 1860 2366 -
1925 2321 2197 2384 destituit
2239 2331 2463 2384 semet-

97 2421 308 2501 ipsum
362 2428 423 2482 et
466 2420 755 2483 “saecum
798 2422 959 2483 earm
1004 2441 1148 2484 suae
1192 2422 1480 2502 imposuit
1543 2429 1606 2484 et
1656 2421 1939 2484 ieiunavit
1981 2430 2041 2484 et
2081 2422 2363 2484 dormivit
2403 2423 2464 2484 in

98 2542 303 2586 sacco.
399 2521 475 2584 Et
516 2530 659 2590 tune
699 2541 902 2586 senno
945 2522 1170 2585 domini
1215 2523 1287 2584 ad
1330 2515 1594 2596 Heliam,
1654 2523 1898 2597 Vidisti,
1941 2532 2012 2586 ut
2050 2523 2342 2586 reveritus
2386 2524 2467 2586 sit

91 2624 298 2688 Achab
356 2640 390 2685 a
434 2624 579 2687 faeie
622 2642 783 2687 mea:
846 2641 959 2706 pro
1005 2644 1113 2701 eo,
1158 2624 1318 2707 quod
1368 2625 1664 2689 reveritus
1722 2635 1845 2701 est,
1900 2645 2027 2690 non
2071 2624 2465 2707 superdueam

91 2727 407 2790 laesuram
473 2725 537 2787 in
600 2726 810 2788 diebus
871 2727 1096 2807 ipsius,
1170 2728 1278 2790 sed
1330 2728 1392 2790 in
1449 2726 1662 2791 diebus
1719 2729 1825 2791 filii
1881 2729 2012 2791 eius
2069 2727 2460 2807 superdueam

95 2848 228 2890 eam
250 2876 268 2903 ‚
335 2827 446 2908 qui
489 2845 615 2888 non
658 2836 786 2890 erat
825 2828 1217 2892 ieiunatnrns.
1315 2829 1405 2891 lta
1444 2830 1730 2891 ieiunium
1774 2830 1836 2890 in
1880 2830 2057 2891 deum
2098 2828 2465 2890 reverentiae

92 2948 253 3011 opus
289 2938 448 3002 ·est‚
514 2946 624 3009 per
675 2930 835 3009 quod
877 2928 1045 2992 Anna
1100 2935 1338 3011 quoque
1394 2929 1663 2992 ambiens
1718 2948 1871 2992 uxor
1910 2929 2200 2991 Helcanae
2253 2928 2461 2991 retro*
2485 2949 2678 2994 issima.

89 3032 323 3094 sterilis
369 3030 714 3109 impetravit
753 3031 923 3093 facile
966 3050 1000 3092 a
1042 3032 1156 3093 deo
1200 3031 1438 3093 inanem
1502 3030 1637 3092 eibo
1692 3039 1959 3093 ventrem
2014 3030 2134 3092 tilio
2190 3030 2458 3111 implere,

88 3142 152 3194 et
195 3132 454 3213 quidem
498 3130 812 3212 propheta.
879 3132 998 3194 Sed
1043 3150 1165 3194 non
1208 3132 1390 3194 modo
1433 3141 1680 3194 naturae
1719 3131 2108 3195 mutationem
2151 3140 2252 3193 aut
2293 3130 2457 3209 peri-

88 3234 376 3297 culorum
438 3232 808 3294 aversionem
865 3240 967 3295 aut
1021 3233 1370 3295 delictorum
1425 3232 1899 3296 obliterationem
1918 3280 1934 3307 ‚
2006 3250 2213 3295 verum
2280 3231 2457 3293 etiarn

88 3340 618 3398 sacramentorum
674 3334 1068 3414 agnitionem¹
1133 3333 1351 3396 ieiunia
1415 3334 1490 3396 de
1556 3335 1670 3396 deo
1733 3334 2138 3397 merebuntur.
2246 3333 2459 3413 Aspiee

1110 3424 1135 3451 Q

88 3489 121 3539 3.
167 3503 288 3539 cum
328 3486 566 3553 pluribus
599 3488 652 3537 A.
766 3486 815 3537 9.
854 3488 968 3552 quid
1005 3488 1136 3537 aliud
1172 3503 1261 3538 om.
1293 3487 1380 3538 BC.
1505 3487 1583 3537 10.
1635 3494 1824 3538 centum
1876 3489 2115 3551 octoginta
2200 3495 2373 3537 uatuor
2405 3489 2454 3536 A.

90 3566 283 3607 tentum
328 3563 382 3604 et
423 3555 667 3615 octoginta
699 3555 887 3619 reliqui.
971 3554 1050 3603 11.
1087 3556 1349 3619 assumpsit
1385 3559 1436 3605 Α.
1533 3553 1612 3606 12.
1650 3556 1854 3621 Semper
1888 3557 2048 3606 om.A.
2139 3554 2161 3603 1
2208 3594 2219 3604 .
2258 3553 2455 3618 sequela

90 3625 335 3676 naeroris
371 3624 434 3674 A,
530 3620 654 3672 tab.
691 3623 1110 3673 commendaverat
1141 3624 1216 3684 D„
1255 3623 1612 3674 Fun-Ursinus.
1682 3624 2086 3675 commendaverit
2116 3624 2303 3687 reliqui.
2378 3623 2454 3672 14.

90 3693 157 3743 llo
198 3696 260 3743 A.
383 3690 469 3740 15.
507 3689 553 3738 in
592 3690 701 3740 loco
738 3704 834 3754 quo
867 3690 995 3741 Aeo.
1032 3691 1149 3741 liber
1187 3691 1444 3742 Clementis.
1510 3691 1559 3740 in
1598 3706 1694 3755 quo
1731 3693 1840 3742 loco
1877 3692 1926 3742 Β.
2022 3690 2100 3740 16.
2138 3690 2370 3752 dilingent
2405 3691 2454 3738 A.

91 3760 152 3809 ,7.
196 3772 420 3810 saccum
462 3772 552 3807 om.
575 3758 624 3807 Δ.

137 3879 188 3926 g.
231 3860 471 3912 Proinde
508 3873 615 3908 cum
653 3874 734 3909 rex
770 3860 1070 3923 Assyriorum
1108 3861 1233 3911 Seu·
1337 3867 1441 3909 erat
1495 3873 1807 3909 numerorum
1855 3857 1978 3921 sigla
2017 3857 2071 3906 tv
2106 3857 2178 3907 vel
2215 3855 2302 3905 llll
2340 3864 2387 3905 et
2419 3854 2454 3901 V

91 3924 348 3994 seberth]
418 3927 481 3976 Et
531 3927 625 3976 hoc
671 3942 779 3977 eum
817 3929 992 3977 ceteris
1027 3929 1232 3987 (tantum
1335 3928 1639 3979 commutari.

91 4013 169 4048 ion
211 3995 490 4053 omnibus)
545 3994 815 4058 exemplum
867 3996 1024 4044 adfert
1060 3995 1231 4045 lliero-
1405 3996 1435 4043 i.
1475 4008 1564 4042 nec
1597 3993 1863 4042 saturitatis
1884 3991 2041 4041 cultus
2070 3993 2115 4041 in
2139 3985 2325 4054 sacco]
2363 3990 2453 4038 Sa-

92 4081 246 4129 ymns
291 4066 346 4114 in
391 4061 505 4126 pari
543 4075 686 4111 causa
706 4063 815 4111 Λᾶν.
839 4062 984 4112 lovin.
1025 4062 1147 4112 libro
1173 4062 1231 4113 ΙΙ.
1335 4061 1541 4111 turitatis
1579 4060 1761 4111 cultum
1798 4060 1930 4118 dicit,
1968 4060 2078 4123 quis
2114 4073 2169 4107 ex
2204 4058 2454 4107 saturitate

131 4134 182 4182 b.
242 4138 463 4182 centum
512 4132 752 4192 octoginta
812 4138 1018 4195 quatuor
1073 4126 1230 4196 milia]
1332 4129 1528 4190 laetitia,
1575 4143 1630 4177 ex
1668 4127 1846 4177 laetitia
1882 4135 2040 4176 autem
2079 4126 2236 4175 cultus
2272 4125 2453 4174 delica-

91 4212 128 4250 *e
170 4200 278 4250 hoc
320 4211 543 4249 numero
580 4198 999 4262 variatscriptnra.
1053 4198 1104 4247 ln
1123 4198 1229 4247 vul-
1331 4196 1472 4247 tioris
1509 4211 1640 4255 cura,
1688 4196 1763 4244 eui
1803 4209 1899 4244 non
1937 4194 2156 4244 convenit
2191 4207 2299 4243 eum
2337 4194 2454 4242 bor-

90 4270 188 4319 ntis
217 4265 540 4317 Tertulliani
576 4265 865 4314 editionibus
899 4273 1230 4316 memorantur
1327 4279 1441 4315 rore
1461 4265 1639 4314 cineris
1658 4272 1704 4313 et
1724 4262 2052 4327 asperitudine
2072 4262 2215 4312 sacci.
2241 4260 2455 4323 (Rigalt.)

92 4336 326 4397 etoginta
371 4332 532 4382 milia.
601 4332 695 4383 Sed
733 4333 903 4396 llReg.
927 4332 1226 4397 cap.19,35.
1397 4329 2040 4395 k.retro]Antea.V.adn.ad
2059 4327 2454 4392 DeSpectac.c.9.

92 4406 191 4455 sai.
239 4417 362 4466 cap.
394 4398 488 4458 37,
520 4398 600 4449 36.
651 4400 915 4449 llMaccab.
955 4415 1058 4464 cap.
1080 4400 1226 4460 8‚19.
1400 4399 1434 4447 l.
1470 4406 1883 4449 sacramentorum
1910 4393 2226 4467 agnitionem]
2265 4396 2344 4444 Sic
2368 4409 2452 4444 vo-

98 4480 304 4535 guntur
344 4468 574 4532 quinque
625 4475 669 4516 et
720 4469 960 4529 octoginta
999 4469 1127 4518 milia
1166 4469 1226 4518 ab
1332 4473 1407 4516 eat
1441 4467 1663 4530 peritiam
1690 4465 2037 4528 interpretandi
2060 4466 2237 4526 figuras
2266 4469 2313 4511 et
2331 4463 2453 4510 ima-

93 4540 242 4602 igelo
268 4536 356 4588 dei
392 4535 662 4585 interiisse.
713 4536 804 4594 Qui
831 4550 1060 4584 numerus
1082 4544 1130 4585 et
1149 4536 1227 4585 hie
1331 4535 1466 4596 gines
1515 4547 1697 4592 sacras,
1749 4546 1922 4596 nempe
1969 4532 2192 4582 divinitus
2239 4529 2452 4578 obiectas

93 4616 283 4659 ›rtasse
313 4612 399 4655 est
423 4603 779 4664 restituendus,
816 4602 1054 4667 siquidem
1085 4603 1227 4654 facile
1327 4603 1378 4652 in
1414 4603 1617 4651 somnis.
1676 4602 1987 4650 Sacramenta
2022 4600 2166 4661 igitur
2200 4596 2387 4645 somnia
2426 4609 2452 4643 a

1333 4670 1425 4721 deo
1460 4670 1694 4719 immissa.
1733 4667 1946 4732 (Rigalt.)
2012 4668 2084 4717 Cl'.
2116 4665 2241 4717 intra
2278 4678 2383 4729 cap.
2401 4662 2450 4713 9.
