3263 5311
1072 470 1149 512 ns
1192 470 1600 515 monetarum.
2349 488 2360 497 ·
2429 455 2544 517 101

225 627 363 683 sunt
414 618 699 681 adversus
755 617 1199 681 ³’idololau-ian.
1284 620 1371 682 Ad
1426 620 1809 683 evitandum*
1860 618 2119 681 remedia
2161 619 2373 682 deesse
2427 639 2550 682 non

219 728 495 801 possunt,
541 739 673 782 cum
718 728 794 794 et,
842 720 893 781 si
938 721 1245 796 defuerint,
1294 723 1553 802 supersit
1597 722 1835 783 unicum
1857 720 2063 796 illud·‚
2106 718 2279 803 ”quo
2324 722 2551 785 felicior

222 824 407 884 lactus
451 840 576 883 non
619 821 680 882 in
725 821 902 883 terris
947 822 1342 902 magistratus,
1390 826 1496 885 sed
1540 825 1600 885 in
1647 823 1839 885 caelis

382 923 590 985 Possit
628 923 691 984 in
733 923 849 984 isto
896 924 1145 1004 capitulo
1190 924 1364 985 etiam
1407 924 1480 987 de
1522 925 1726 986 militia
1770 923 2073 986 definitum
2113 923 2316 998 videri,
2364 924 2543 1005 ¹quae
2569 935 2676 993 cap.
2702 937 2813 986 m.

216 1025 369 1086 inter
410 1024 751 1104 dignitatem
796 1032 857 1085 et
896 1032 1250 1106 potestatem
1293 1034 1406 1087 est.
1490 1027 1566 1088 At
1606 1045 1765 1088 nunc
1806 1025 1879 1086 de
1921 1024 2040 1086 isto
2086 1025 2413 1104 quaeritur,
2470 1045 2547 1089 an

218 1125 399 1186 fidelis
442 1125 523 1185 ad
566 1124 828 1186 militiam
872 1126 1130 1188 converti
1171 1126 1387 1206 possit,
1446 1135 1504 1188 et
1557 1148 1630 1190 an
1683 1126 1888 1189 militia
1940 1127 2012 1188 ad
2065 1126 2244 1187 fidem
2297 1125 2543 1203 admitti,

218 1227 385 1288 etiam
428 1226 704 1305 caligata·
747 1226 837 1287 vel
879 1226 1122 1288 inferior
1162 1228 1480 1308 'quaeque,
1526 1230 1617 1291 cui
1666 1248 1786 1290 non
1832 1229 1911 1289 sit
1953 1227 2278 1289 necessitas
2324 1228 2540 1289 immo-

217 1327 500 1390 lationum
542 1327 633 1387 vel
677 1327 1004 1407 capitalium
1057 1328 1430 1391 iudiciorum.
1510 1331 1644 1391 Non
1700 1329 1972 1392 convenit
2023 1337 2387 1390 sacramento
2446 1330 2540 1392 di-

216 1430 342 1491 vino
386 1438 451 1492 et
494 1429 772 1501 humano,
819 1429 988 1508 signo
1034 1428 1250 1492 Christi
1294 1440 1352 1493 et
1394 1433 1564 1513 signo
1610 1431 1845 1504 diaboli,
1892 1431 2102 1492 castris
2145 1430 2292 1492 lucis
2337 1437 2397 1491 et
2438 1450 2538 1493 ca-

220 1531 350 1592 stris
402 1530 815 1603 tenebrarum3
881 1548 1003 1591 non
1057 1538 1257 1610 potest
1308 1551 1423 1594 una
1480 1534 1671 1596 anima
1726 1532 1958 1594 duobus
2026 1532 2247 1606 deberi,
2314 1532 2426 1592 deo
2484 1540 2542 1593 et

222 1631 465 1694 Caesari.
554 1631 631 1692 Et
672 1631 928 1709 virgamb
970 1630 1255 1712 'portavit
1282 1633 1534 1715 Moyses,
1580 1634 1853 1697 fibulam·
1895 1641 1953 1694 et
1991 1632 2210 1708 Aaron,
2255 1632 2539 1713 ⁴cingitur

220 1732 337 1794 loro
378 1741 443 1795 et
488 1732 804 1807 Iohannes,
846 1730 1066 1812 {agmen
1108 1734 1259 1813 ⁸agit
1300 1745 1360 1798 et
1400 1737 1570 1799 Iesus
1614 1736 1802 1809 Nave,
1856 1733 2091 1795 bellavit
2144 1742 2204 1795 et
2256 1734 2537 1815 populna,

224 1834 268 1895 si
304 1834 497 1915 placet
535 1834 760 1896 ludere.
849 1834 1161 1907 Quomodo
1207 1844 1401 1897 autem
1442 1834 1736 1918 gbeuabit,
1791 1835 1972 1896 immo
2020 1835 2317 1914 quomodo
2364 1834 2538 1897 etiam

226 1936 275 1997 ia
311 1957 454 2018 pace
498 1933 812 1998 militabit'l
854 1935 985 1997 sine
1027 1936 1236 2015 gladio,
1282 1938 1490 2017 ⁷·queln
1535 1936 1812 1999 dominus
1868 1935 2151 1999 abstulit?
2235 1936 2382 1998 Nam
2424 1937 2537 1999 etsi

228 2087 678 2140 38.idololatrian.4.
715 2089 1033 2139 idololatriam
1049 2093 1233 2155 reliqui.
1269 2092 1337 2141 lta
1356 2095 1660 2155 etiamsupra.
1697 2090 1976 2140 Postvoeem
2001 2089 2533 2153 evitandumliberAyo-

230 2160 341 2208 lardi
366 2161 523 2224 per-9⁸⁴1
556 2160 710 2207 verbis
745 2158 804 2207 de
840 2158 1173 2223 minutiloquio
1212 2160 1460 2219 aristotilis
1495 2161 1545 2209 in
1580 2160 1691 2207 libri
1725 2159 1788 2208 De
1809 2161 1968 2208 Anima
2005 2175 2102 2222 cap.
2119 2157 2167 2208 6.
2238 2156 2462 2221 aequm}
2489 2160 2534 2209 b.

307 2227 455 2305 βψ.
491 2226 612 2277 xlx.
691 2226 733 2274 l.
772 2240 893 2289 quae
944 2226 1067 2276 iutra
1119 2228 1209 2277 Ios.
1248 2228 1470 2291 Scaliyer.
1606 2225 1654 2275 2.
1692 2226 2058 2290 quaeque.BCa.
2094 2240 2287 2289 quoque
2324 2228 2367 2287 b,
2405 2226 2533 2275 Fulv.

235 2291 409 2346 Ursum.
518 2292 567 2342 3.
607 2293 818 2357 portabit
852 2294 903 2342 B.
1003 2293 1054 2345 4.
1090 2293 1303 2355 cingetur
1336 2295 1387 2344 B.
1496 2293 1542 2343 5.
1580 2302 1688 2357 aget
1721 2294 1773 2343 Β.
1876 2293 1924 2343 6.
1960 2294 2159 2343 bellabit
2192 2288 2325 2345 iam?
2357 2293 2533 2344 Funa-

236 2364 331 2410 κίκι.
388 2361 607 2422 bellavit,
645 2361 793 2409 immo
829 2361 879 2410 B.
1002 2361 1051 2410 7.
1089 2377 1210 2426 quae
1245 2363 1466 2412 domiuus
1501 2362 1553 2410 B.

1408 2480 1577 2531 Larum
1630 2485 1796 2527 contra
1845 2477 2012 2527 lunius
2068 2476 2125 2527 ad
2182 2476 2406 2540 calones,
2466 2478 2532 2528 La

1410 2546 1562 2597 cerda
1600 2546 1660 2594 ad
1695 2546 1939 2595 baltheum
1976 2545 2247 2596 militarem.

290 2492 340 2527 m.
370 2480 434 2529 Ad
469 2472 771 2543 evitandum]
808 2477 889 2528 Fr.
926 2478 1087 2528 lunius
1122 2478 1219 2528 vult
1253 2478 1327 2528 di-

232 2546 405 2609 stingui:
455 2550 547 2599 tibi
593 2554 718 2597 sunt.
752 2548 977 2597 Adversus
1012 2548 1326 2598 idololatrium

230 2615 281 2664 ed
310 2618 561 2666 evitandum
595 2622 707 2665 cett.
754 2648 765 2655 -

286 2713 333 2746 a.
363 2701 571 2763 supersit
603 2701 797 2750 unicum
825 2684 966 2763 illud]
1002 2699 1107 2749 Non
1126 2699 1326 2749 deerunt

231 2766 419 2814 remedia
451 2768 498 2815 in
533 2769 737 2834 ecclesia
785 2775 831 2817 et
867 2767 991 2830 apud
1031 2768 1324 2816 Christianos

239 2840 388 2880 eontra
431 2834 517 2883 hoe
564 2837 758 2884 malum.
841 2835 936 2884 Sed
988 2842 1089 2884 esto
1141 2835 1322 2883 nullum

239 2898 299 2945 sit
329 2902 587 2956 remedium,
633 2912 682 2952 ut
717 2903 860 2952 aliter
894 2903 1030 2951 vitam
1068 2917 1197 2964 agas,
1236 2902 1326 2951 nisi

241 2979 341 3012 cum
386 2965 456 3013 his
498 2968 749 3029 insignibus
802 2970 1144 3029 idololatricis,
1199 2978 1326 3018 certe

236 3031 317 3081 tibi
350 3032 510 3082 deesse
546 3036 647 3085 illud
681 3053 777 3087 non
817 3046 991 3102 potest,
1027 3053 1121 3101 quo
1146 3036 1193 3085 in
1216 3051 1325 3085 cae-

228 3098 289 3149 tis
332 3111 601 3163 regnaturus
643 3122 694 3155 es
745 3106 959 3155 feliciore
1009 3105 1157 3154 multo
1208 3119 1326 3167 pur-

224 3182 337 3231 pura
372 3179 415 3219 et
450 3173 739 3234 magistratu.
807 3174 923 3223 Puto
962 3172 1156 3222 indicari
1194 3186 1323 3221 mar-

220 3235 375 3298 tyrium
432 3255 476 3303 q.
532 3240 580 3289 d.
643 3240 872 3290 Remedio
934 3241 1178 3305 passionis
1235 3252 1325 3303 pro

217 3303 391 3355 Christo
438 3309 603 3358 obitae
640 3309 841 3359 babebis
877 3310 922 3357 in
961 3309 1105 3358 caelis
1140 3323 1325 3371 purpu-

208 3384 303 3421 ram
340 3379 581 3441 martJriS,
616 3378 691 3426 cui
714 3378 1020 3438 magistratus
1044 3376 1323 3425 nulluster-

202 3453 337 3492 renus
372 3444 753 3508 comparandus.
809 3445 893 3501 (La
932 3443 1121 3503 Cerda.)

264 3525 370 3590 Cap.
404 3511 523 3578 XlX.
590 3545 631 3577 a.
671 3525 894 3592 caligata]
932 3529 977 3577 h.
1011 3543 1053 3577 e.
1092 3526 1322 3589 gregaria.

199 3590 243 3642 V.
273 3593 396 3659 Lips.
432 3596 507 3646 De
536 3596 680 3645 milit.
702 3597 835 3646 Rom.
873 3597 935 3655 ll,
971 3595 1017 3646 9.
1056 3611 1101 3659 p.
1127 3595 1206 3644 99.
1246 3594 1320 3643 ed.

196 3658 351 3722 vesal„
388 3672 438 3714 et
472 3665 780 3727 interpretes
820 3665 876 3713 ad
908 3666 1103 3713 Sueton.
1125 3667 1319 3723 August.

195 3742 285 3792 etp.
319 3729 397 3780 25.
452 3732 626 3783 viteli.
675 3747 778 3794 cap.
816 3732 864 3781 7.
928 3731 1003 3780 Cl'.
1037 3733 1205 3780 Senec.
1254 3729 1320 3778 De

189 3792 342 3914 {fevit-
376 3800 517 3851 Vitae
579 3814 684 3864 cap.
725 3800 804 3849 17.
873 3798 994 3849 Ptin.
1042 3798 1165 3848 Hist.
1214 3796 1320 3846 Nat.

244 3948 290 4000 h.
336 3945 555 4015 virgam]
622 3950 764 4012 Virga
822 3950 939 3999 vitea
990 3949 1320 3999 centurionum

186 4017 277 4068 tait.
323 4021 449 4070 Ptin.
506 4020 641 4068 nist.
691 4018 797 4066 Nat.
831 4019 944 4077 xlv,
983 4018 1028 4067 1.
1094 4017 1181 4065 Sil.
1220 4016 1319 4064 ital.

186 4084 250 4143 n,
282 4086 364 4137 43.
404 4087 518 4146 xil,
559 4085 684 4135 465.
723 4085 880 4135 iuven.
916 4089 1015 4134 sat„
1050 4085 1168 4145 vui,
1205 4083 1321 4133 247.

180 4150 282 4216 m,
322 4155 437 4206 193.
480 4155 651 4205 Tacit.
684 4154 852 4202 Annal.
893 4153 932 4216 l,
970 4152 1051 4202 23.
1272 4151 1279 4164 “

238 4253 278 4288 e.
326 4233 572 4303 fibulam]
615 4237 827 4287 Uncinos
866 4252 1039 4286 aureos
1074 4235 1323 4297 intellegit,

179 4305 341 4368 quibus
392 4305 773 4368 colligabantur
833 4305 1225 4368 superhumerale
1277 4311 1325 4354 et

173 4373 433 4436 rationale,
509 4373 928 4438 quemadmodum
994 4373 1083 4422 lori
1130 4373 1322 4422 nomine

172 4437 396 4494 lobannis
415 4442 686 4506 Baptistae
712 4455 878 4490 zonam
904 4442 1168 4504 pelliceam.
1207 4441 1319 4502 (lac.
1344 4474 1365 4499 ,

170 4505 449 4570 Pamelius.)
518 4510 761 4576 fibulam,
806 4509 882 4559 Fr.
945 4510 1106 4560 lunius
1165 4516 1212 4560 et.
1256 4510 1322 4559 La

172 4575 318 4629 Cei-da
351 4581 605 4630 referunt.
639 4576 701 4625 ad
737 4576 894 4627 clavos
931 4578 1189 4638 militares,
1242 4577 1321 4641 qui

169 4641 213 4693 in
258 4646 436 4710 caligis
489 4644 719 4696 militum
772 4652 819 4695 et
852 4647 1130 4709 peronibus
1200 4645 1321 4694 Plin.

170 4709 221 4763 ft
254 4713 310 4765 a.
364 4714 455 4778 ix,
510 4711 608 4763 18.
659 4711 800 4774 ωε,
836 4711 916 4764 22.
969 4713 1206 4775 xxxviii,
1243 4712 1320 4764 14.

1477 2615 1522 2665 d.
1579 2615 1822 2678 quomodo
1871 2614 2012 2663 etiam
2050 2614 2096 2663 in
2133 2629 2252 2676 pace
2287 2609 2532 2682 militabit]

1406 2684 1461 2733 ln
1500 2698 1615 2746 pace
1654 2684 1858 2732 militare
1893 2683 2112 2732 dicuntur
2148 2684 2226 2746 qui
2267 2683 2406 2732 etiam
2449 2697 2533 2731 ex·

1407 2759 1479 2800 tra
1518 2751 1631 2799 belli
1676 2758 1865 2814 tempus
1902 2753 1948 2798 in
1986 2750 2270 2799 stationibus
2307 2758 2354 2798 et
2387 2764 2530 2812 prae-

1408 2819 1543 2868 sidiis
1579 2819 1757 2879 degunt
1791 2818 1957 2867 armati
2000 2825 2081 2865 aut
2114 2820 2160 2865 in
2198 2817 2344 2865 armis
2381 2831 2532 2881 appa-

1410 2894 1514 2935 rent
1551 2885 1753 2948 principi
1802 2885 2067 2946 ceterisqhe
2114 2884 2430 2947 potestatibus
2472 2885 2531 2933 ad

1410 2954 1538 3001 iussa
1594 2953 1884 3015 exequenda.
1965 2950 2029 2998 Ea
2090 2965 2199 2998 vero
2261 2951 2532 3013 priscorum

1411 3020 1792 3070 Christianorum
1841 3018 2093 3080 disciplina
2144 3017 2257 3075 luit,
2311 3025 2362 3065 ut
2409 3033 2532 3082 quos

1410 3087 1530 3137 tides
1566 3088 1611 3135 iu
1651 3086 1813 3149 quavis
1849 3086 2015 3134 militia
2052 3085 2459 3147 deprehenderat,
2498 3086 2532 3135 ii
2633 3133 2636 3142 ,

1410 3156 1672 3204 secundum
1714 3152 1935 3202 lobannis
1971 3152 2317 3216 praescriptum
2355 3153 2401 3201 in
2437 3155 2530 3202 mi-

1407 3222 1508 3272 litia
1546 3238 1629 3271 sua
1668 3228 2021 3285 permanerent.
2091 3221 2184 3269 Sed
2222 3221 2292 3269 vix
2327 3227 2444 3280 erat,
2481 3228 2533 3270 ut

1408 3291 1488 3355 qui
1527 3299 1635 3339 ante
1659 3290 1799 3338 fidem
1828 3304 1922 3338 non
1946 3288 2219 3348 militarent,
2255 3296 2365 3351 post
2389 3288 2532 3338 tidem

1406 3360 1604 3409 nomina
1641 3357 1835 3406 militiae
1872 3356 2039 3405 darent
2073 3371 2173 3405 sua.
2235 3356 2386 3404 lmmo
2423 3356 2530 3420 ple-

1403 3427 1542 3490 rique
1579 3433 1687 3475 aute
1723 3425 1864 3473 tidem
1902 3423 2093 3484 militeS,
2129 3431 2441 3487 posteaquam
2469 3425 2530 3473 ad

1405 3494 1548 3544 fidem
1595 3493 1808 3542 conversi
1847 3492 2060 3549 fuerant,
2108 3499 2154 3540 et
2205 3491 2446 3552 cingulum
2484 3498 2533 3541 et

1405 3562 1614 3623 gladium
1652 3560 1970 3623 deponebant.
2028 3559 2192 3621 ltaque
2228 3559 2351 3608 banc
2384 3561 2526 3609 etiam

1406 3630 1467 3677 oh
1505 3643 1698 3678 causam
1720 3626 1978 3677 Christiani
2015 3626 2217 3675 ethnicis
2253 3627 2363 3675 odio
2400 3627 2526 3676 ludi-

1403 3697 1605 3759 brioque
1642 3696 1794 3755 luere,
1831 3703 2068 3758 tamquam
2107 3695 2283 3742 inertes
2312 3702 2358 3742 et
2376 3695 2528 3756 ignavi

1405 3779 1462 3812 ac
1498 3763 1702 3826 denique
1739 3763 1925 3825 imperii
1964 3762 2161 3810 Romani
2191 3761 2369 3809 hostes.
2409 3763 2527 3810 Cum

1405 3832 1548 3893 igitur
1593 3832 1684 3879 bac
1731 3830 1900 3880 invidia
1936 3828 2195 3892 plurimum
2234 3829 2524 3890 laborarent,

1404 3900 1595 3949 tandem
1643 3898 1812 3957 visum,
1866 3905 1960 3945 tam
2011 3897 2263 3959 abruptum
2302 3904 2347 3945 et
2383 3911 2524 3959 prae-

1406 3982 1520 4030 ceps
1570 3965 1822 4015 consilium
1871 3965 1944 4014 sic
1976 3972 2275 4026 temperare,
2323 3971 2373 4013 ut
2407 3979 2525 4027 pace

1404 4035 1464 4083 ab
1500 4033 1702 4083 ethnicis
1738 4032 1969 4082 ecclesiae
2004 4046 2233 4081 concessa
2271 4031 2526 4081 Christiani

1404 4102 1545 4151 etiam
1609 4115 1715 4150 cnm
1775 4100 1976 4150 ethnicis
2039 4099 2311 4149 militarent.
2395 4099 2526 4150 Unde

1403 4169 1666 4233 Septimius
1700 4168 1805 4232 ipse
1855 4168 1900 4218 iu
1936 4166 2243 4231 Apologetico
2289 4165 2524 4229 „Naviga-

1404 4253 1529 4292 mus.
1569 4236 1752 4301 inquit,
1786 4244 1832 4286 et
1861 4251 1951 4284 nos
1986 4234 2230 4284 vobiscum
2267 4243 2310 4284 et
2349 4235 2523 4284 milita-

1406 4305 1565 4356 mus.“
1637 4310 1786 4369 Atque
1822 4303 1869 4354 in
1905 4306 2028 4352 banc
2062 4304 2343 4353 sententiam
2381 4318 2526 4366 aper-

1404 4375 1619 4423 tissimus
1654 4371 1943 4438 Arelatensis
1981 4369 2180 4421 Concilii
2229 4386 2380 4420 canon
2426 4379 2525 4420 ter-

1403 4443 1500 4492 tius
1536 4441 1640 4502 „De
1666 4441 1741 4490 his
1766 4440 1846 4505 qui
1883 4454 2013 4489 arma
2038 4438 2295 4504 poncium
2321 4438 2366 4487 in
2388 4452 2523 4501 pace,

1404 4509 1586 4574 placuit
1633 4509 1874 4558 abstinere
1921 4523 2006 4558 eos
2058 4523 2085 4556 a
2135 4502 2523 4556 communione.“

1404 4579 1461 4628 At
1493 4577 1755 4640 Septimius
1801 4583 1966 4626 noster
2012 4575 2059 4624 iu
2104 4572 2188 4623 illo
2239 4574 2304 4622 De
2337 4573 2525 4622 Corona

1405 4651 1546 4708 atque
1606 4645 1701 4694 hoc
1753 4644 1896 4693 etiam
1941 4641 2011 4691 De
2054 4640 2331 4691 Idololatria
2378 4653 2526 4702 opere

1403 4727 1494 4778 pro
1541 4719 1741 4762 naturae
1784 4725 1900 4760 suae
1934 4707 2208 4760 austeritate
2243 4706 2526 4759 Christianis
