3263 5311
1278 414 1615 460 aconiaca.
2500 411 2622 475 521

272 563 525 631 mres!
565 565 757 635 enim,
801 563 1109 643 inquiunt,
1154 582 1267 627 nec
1299 552 1472 646 '’ipse
1500 565 1856 645 Demiurgus
1901 576 2247 631 constanter
2290 572 2335 604 ¹⁰
2351 572 2627 641 homines

271 666 598 750 probabat,
644 682 800 746 quos
851 664 1266 727 “stillicidium
1316 665 1529 728 situlae
1580 674 1642 728 et
1688 667 1990 747 pulverem
2041 669 2272 733 ¹²areae
2316 682 2375 735 et
2417 684 2625 755 sputa-
2655 650 2912 745 temnas.

269 786 412 832 men
455 776 516 830 et
555 767 818 829 locustas
847 765 1183 845 deputavit,
1226 765 1404 827 etiam
1446 765 1889 830 irrationalibus
1933 768 2214 833 iumentis
2258 773 2623 855 adaequavit.
2702 850 2714 859 ⁸

269 870 488 940 Plane,
554 869 638 930 ita
689 867 999 947 scriptum.
1099 865 1234 928 Non
1279 874 1475 928 tamen
1519 866 1740 929 idcirco
1784 867 1942 930 aliud
1985 870 2246 933 bominis
2290 876 2480 952 gebus
2523 878 2623 941 in-

269 969 670 1050 tellegendum
710 975 950 1048 praeter
987 984 1141 1040 nos,
1187 965 1230 999 ¹⁸
1242 967 1436 1047 quod,
1491 966 1626 1047 quia
1671 977 1909 1031 constat
1949 987 2123 1045 esse,
2178 976 2622 1053 comparatione

265 1072 470 1153 potuit
506 1070 758 1132 induere
799 1068 958 1132 salva
1000 1075 1060 1129 et
1100 1066 1465 1147 proprietate
1506 1069 1740 1146 generis
1784 1078 1845 1132 et
1874 1069 1915 1101 ¹⁴
1930 1070 2354 1149 singularitate.
2416 1075 2622 1157 Neque

269 1173 436 1235 enim
479 1171 531 1232 si
575 1171 694 1232 vita
735 1168 936 1231 vitiata
975 1175 1103 1240 est,
1147 1174 1214 1228 ut
1242 1167 1602 1247 ¹⁸despectui
1647 1169 1939 1233 iudicata⁸
1982 1171 2278 1251 despectis
2307 1192 2619 1257 compara..

266 1283 467 1345 retur,
512 1271 710 1333 statim
751 1278 962 1332 natura
1005 1267 1233 1331 sublata
1277 1276 1401 1340 est,
1447 1277 1512 1330 ut
1552 1269 1665 1331 alia
1694 1270 1755 1331 in
1783 1272 2027 1334 nomine
2054 1272 2186 1335 eius
2213 1274 2619 1354 deputaretur.

266 1373 488 1453 Atquin
546 1380 817 1434 servatur
869 1380 1114 1443 natura,
1187 1368 1304 1429 etsi
1357 1370 1721 1432 suffunditur
1774 1371 1951 1444 vita¹¹‚
2015 1391 2126 1434 nec
2184 1373 2332 1437 alios
2404 1376 2623 1441 ¹⁶novit

264 1473 543 1536 Christus
585 1472 860 1537 homines
905 1487 1080 1551 quam
1125 1469 1200 1531 de
1243 1468 1459 1548 quibus
1504 1469 1673 1532 dicit:
1719 1471 1911 1544 Quem
1961 1488 2058 1534 me
2109 1473 2274 1536 aiunt
2316 1494 2453 1539 esse
2495 1478 2611 1540 ho·

2642 1461 2822 1566 {iffi

261 1573 508 1651 mines?
581 1574 683 1635 Et:
729 1570 1047 1645 Quomodo
1093 1568 1267 1631 vultis
1311 1578 1378 1631 ut
1418 1571 1633 1632 saciant
1673 1571 1844 1633 vobis
1887 1573 2195 1646 homines,
2245 1575 2283 1605 ¹⁷
2298 1576 2378 1637 ita
2412 1585 2474 1639 et
2500 1578 2918 1685 vosffggthv·{13312·

263 1676 438 1738 facite
481 1674 622 1736 illis.
695 1672 874 1745 Vide,
917 1689 993 1732 an
1038 1670 1360 1732 servaverit
1401 1689 1587 1749 genus
1633 1692 1667 1732 a
1710 1672 1924 1751 quibus
1968 1684 2027 1735 et
2071 1674 2474 1739 testimonium
2518 1682 2613 1743 sui

259 1783 535 1856 expectet
576 1783 637 1835 et
677 1774 741 1835 in
784 1791 939 1853 quos
983 1771 1242 1834 iustiliae
1284 1771 1471 1833 vicem
1529 1774 1786 1834 mandat.
1884 1772 2027 1834 illos
2083 1786 2280 1837 autem
2324 1778 2612 1844 caelestes

257 1878 540 1939 homines
597 1875 651 1938 si
704 1872 1077 1954 expostulem
1131 1870 1278 1933 mibi
1340 1873 1611 1946 ostendi,
1683 1872 1962 1935 ¹⁸l'acilius
2016 1874 2230 1937 Aratus
2273 1876 2495 1941 Persea
2550 1890 2614 1944 et

255 1978 495 2057 Cephea
549 1985 611 2038 et
649 1975 970 2053 Erigonam
1025 1981 1087 2055 et
1124 1972 1440 2034 Ariadnam
1493 1974 1652 2035 inter
1706 1973 1901 2035 sidera
1958 1974 2000 2006 ¹⁹
2012 1974 2348 2039 delineabit.
2458 1980 2610 2053 Quis

255 2088 458 2141 autem
499 2075 810 2157 prohibuit
846 2073 1210 2137 ”dominum
1265 2073 1383 2134 illic
1436 2074 1614 2136 etiam
1658 2074 2097 2137 confessionem
2151 2076 2461 2142 bominum
2514 2083 2608 2144 fa-

257 2180 530 2243 ciendam
572 2176 942 2238 ²¹manil'este
985 2173 1412 2247 determinare,
1480 2173 1580 2235 ubi
1635 2192 1804 2236 suam
1860 2176 2118 2239 suturam
2160 2186 2362 2257 aperte
2405 2179 2608 2260 ²'pro--

255 2280 580 2369 nuntiavit,
624 2277 751 2339 ”ut
786 2277 872 2338 ita
912 2284 1078 2337 esset
1117 2275 1411 2355 positum:
1459 2274 1576 2347 Qui
1619 2276 1685 2338 in
1726 2292 1823 2336 me
1852 2276 2168 2338 consessus
2198 2279 2376 2342 fuerit
2404 2298 2606 2345 coram

251 2434 306 2484 9.
345 2434 449 2497 ipse
485 2430 763 2492 demiurgus
810 2430 889 2479 Ab.
927 2429 1056 2479 Γαῖα.
1097 2428 1304 2477 Ursinus.
1389 2426 1497 2489 ipsi,
1546 2425 1633 2477 sed
1670 2426 1948 2489 demiurgus
1984 2418 2212 2482 Lanuini.
2297 2431 2388 2496 ipsi
2436 2434 2602 2484 eadem

251 2500 423 2561 iurgiis
458 2499 508 2549 B.
597 2497 690 2561 ipsi
727 2496 906 2546 Eadem
943 2495 1110 2558 iurgiis
1148 2495 1226 2545 Cu.
1345 2494 1425 2545 to.
1463 2494 1685 2543 homines
1720 2495 1957 2556 probabat
1991 2494 2147 2561 (Αφ.)
2224 2497 2448 2551 homiues
2484 2517 2603 2566 pro-

252 2568 390 2619 babit
411 2566 495 2617 Bc.
561 2566 782 2615 homines
817 2563 1054 2629 probabat
1089 2577 1228 2613 veros
1263 2577 1372 2612 esse
1392 2559 1559 2625 (Afflb.
1630 2562 1867 2625 probabat
1905 2563 2126 2613 homines
2147 2579 2285 2615 veros
2312 2582 2407 2617 non
2428 2583 2538 2618 esse
2557 2587 2602 2620 α.

255 2635 337 2686 11.
373 2633 651 2685 stilicidium
687 2629 785 2695 Αβ.
908 2629 987 2681 12.
1022 2644 1193 2680 aereae
1227 2626 1324 2693 Αβ.
1445 2628 1523 2680 13.
1560 2630 1690 2694 quod
1725 2630 1878 2681 4360.
1963 2647 2087 2695 quos
2124 2634 2168 2682 b.
2207 2633 2431 2696 Latinius,
2470 2637 2601 2687 Fulv.

252 2704 465 2754 Ursinus.
575 2699 652 2750 14.
691 2699 978 2761 singulatate
1013 2702 1063 2749 A.
1169 2699 1249 2748 15.
1286 2698 1518 2762 dispectis
1551 2699 1602 2747 Α.
1714 2698 1790 2748 16.
1844 2699 1973 2749 novit
2020 2700 2246 2750 dominus
2294 2702 2516 2751 homines
2552 2708 2604 2756 A.

252 2770 338 2821 Π.
375 2770 438 2820 ita
476 2777 523 2819 et
556 2782 639 2818 vos
673 2768 724 2817 A.
796 2775 843 2817 et
877 2781 960 2816 vos
995 2766 1058 2815 ita
1094 2765 1211 2816 BCu.
1283 2774 1334 2814 et
1366 2765 1427 2815 ita
1464 2779 1546 2814 vos
1584 2768 1628 2816 b.
1750 2765 1828 2814 18.
1867 2766 2056 2816 facilius
2094 2781 2354 2830 perseacen
2392 2777 2438 2819 et
2473 2770 2601 2819 aeri·-

251 2852 428 2900 gonam
479 2844 525 2886 et
572 2835 815 2884 ariadnam
853 2837 903 2882 A.
988 2833 1176 2883 facilius
1213 2833 1383 2883 Aratus
1420 2833 1594 2881 Persea
1650 2839 1697 2881 et
1732 2831 1923 2895 Cephea
1976 2841 2022 2883 et
2058 2833 2312 2895 Erigonem
2350 2843 2396 2884 et
2430 2836 2601 2886 Ariad-

251 2918 354 2955 nen
389 2903 440 2952 B.
547 2902 623 2952 19.
667 2900 916 2951 deliniabit
959 2901 1107 2950 Acab.
1187 2898 1448 2949 deliniabat
1493 2898 1543 2948 B.
1594 2909 1608 2920 ²
1661 2897 1742 2948 20.
1790 2899 2016 2949 dominus
2044 2902 2101 2950 A.
2216 2900 2298 2951 21.
2328 2903 2601 2954 'manifeste

239 2987 349 3040 „om-
385 2969 503 3019 Rea.
605 2967 685 3017 22.
720 2969 1094 3033 inpronuntiavit
1125 2965 1240 3032 Αφ.
1346 2965 1427 3016 23.
1465 2974 1513 3015 at
1549 2968 1610 3014 ita
1646 2967 1811 3018 Franc.
1848 2967 2025 3015 Iunius.

249 3078 420 3138 pterea
457 3084 571 3119 voce
594 3072 771 3119 Graeca
809 3059 1146 3132 ἆβᾶσκαντοι
1180 3069 1375 3118 fuerunt
1471 3069 1684 3118 crucibus
1721 3075 1767 3116 et
1803 3065 2026 3118 beatiis.“
2094 3068 2189 3119 Liv.
2226 3069 2299 3128 vl,
2336 3070 2398 3119 14
2431 3070 2598 3131 „Ceu-

243 3137 616 3205 perludibrium
638 3137 867 3200 appellati
893 3137 1229 3199 homonymos,
1260 3135 1372 3199 quia
1473 3136 1714 3185 tui-ionem
1761 3136 2017 3184 iudicatum
2058 3139 2281 3199 pecuniae
2328 3151 2444 3186 eum
2486 3137 2595 3187 duci

243 3207 322 3257 sic
355 3204 579 3254 dicuntur
613 3206 810 3254 Graecis
858 3212 956 3253 tum
1006 3205 1288 3252 innocentes
1324 3210 1374 3251 et
1471 3202 1721 3252 vidisset.“
1771 3201 1891 3252 Gell.
1929 3201 1985 3251 N.
2008 3204 2059 3250 Α.
2088 3202 2227 3262 ΧΧ,1
2269 3204 2303 3254 l'.
2343 3204 2597 3263 „Quantae

241 3274 357 3340 puri
394 3262 522 3319 ἄνευ
554 3263 771 3334 βλάβης,
829 3272 956 3321 uude
993 3278 1039 3319 et
1073 3272 1370 3319 Abascanto-
1467 3272 1691 3334 pecuniae
1724 3271 1958 3319 iudicatae
1993 3271 2209 3319 essent.“

239 3355 352 3391 rum
391 3353 566 3388 nomen
604 3339 731 3402 apud
770 3338 1013 3388 Romanos
1059 3338 1124 3387 iis
1167 3338 1371 3386 attribu·
1542 3338 1589 3387 h.
1626 3336 1918 3385 suffunditur
1953 3330 2067 3400 vita]
2103 3337 2378 3402 Suffundere
2402 3352 2595 3401 proru-

241 3417 367 3467 tum,
414 3407 498 3470 qui
547 3405 653 3455 sine
690 3407 872 3455 offensa
908 3405 1214 3453 dominorum
1252 3418 1370 3452 suo·-
1472 3406 1581 3454 bore
1626 3405 1893 3468 suffundere
1949 3404 2185 3453 familiare
2234 3414 2307 3453 est
2359 3420 2595 3469 usurpare

237 3489 351 3525 rum
390 3474 617 3522 vixissent
649 3473 696 3521 in
734 3473 976 3529 Cornelia,
1013 3473 1167 3522 Satria
1206 3479 1253 3519 et
1282 3471 1365 3519 Ti·-
1467 3471 1783 3520 Tertullian0.
1884 3470 1964 3520 Sic
2010 3472 2122 3520 Λᾶν.
2174 3470 2398 3521 Marcion.
2451 3472 2522 3532 ll,
2560 3473 2592 3523 3

237 3543 392 3591 tinnia
412 3548 581 3602 gente3
604 3549 703 3589 turn
724 3555 834 3589 vero
850 3531 905 3588 οἱ
919 3529 1047 3587 ἄνευ
1064 3530 1362 3600 βασκάνου,
1464 3540 1778 3604 ,,ψη·ιιπάεηε
1814 3537 1908 3588 iarn
1947 3539 2057 3588 binc
2084 3539 2344 3588 bonitatem
2366 3538 2442 3588 dei
2467 3540 2593 3589 Mar-

238 3608 367 3660 Galli
399 3608 580 3664 evirati,
618 3607 793 3673 quibus
818 3608 955 3656 deest
977 3607 1190 3655 virilitas.
1244 3605 1364 3654 Ter·
1467 3606 1674 3654 cionis.“
1728 3605 1930 3668 Apolog.
1961 3620 2066 3669 cap.
2086 3604 2148 3654 37
2188 3606 2274 3666 „Si
2312 3607 2437 3655 enim
2461 3615 2592 3657 tanta

235 3676 338 3726 tius
385 3675 505 3725 ordo
555 3675 733 3723 ibidem
782 3675 978 3738 ponitur
1013 3689 1119 3736 cap.
1148 3671 1262 3731 35..
1317 3673 1364 3721 in
1466 3674 1534 3721 vis
1582 3673 1830 3721 bominum
1883 3673 1929 3737 in
1978 3673 2187 3735 aliquem
2236 3673 2370 3723 orbis
2417 3675 2591 3724 remoti

237 3757 339 3808 quo
364 3743 560 3791 ultimus
582 3741 843 3802 Ogdoadis,
879 3743 959 3804 qui
981 3741 1195 3804 proxime
1222 3754 1365 3803 prae·-
1463 3740 1622 3789 sinum
1661 3739 2024 3800 abrupissemus
2060 3755 2086 3786 a
2123 3740 2274 3797 vobis,
2321 3743 2593 3803 suffudisset

238 3810 370 3861 cedit
403 3809 569 3872 Bytho,
605 3808 761 3859 dictus
796 3809 1083 3869 Agennetos.
1149 3807 1237 3856 Per
1272 3807 1365 3855 boc
1467 3808 1629 3869 utique
1677 3807 2053 3855 dominationem
2104 3814 2307 3855 vestram
2363 3814 2432 3855 tot
2467 3822 2588 3870 qua—

235 3877 385 3939 igitur
429 3876 626 3940 probari
677 3877 933 3926 tradebant
983 3875 1169 3925 animas
1217 3882 1262 3922 et
1299 3874 1358 3923 ad
1463 3873 1789 3940 liumcumque
1827 3874 1994 3921 civium
2015 3872 2231 3931 amissio,
2267 3873 2415 3922 immo
2442 3874 2587 3923 etiam

233 3944 548 4005 Demiurgum
597 3945 801 4003 traduci,
853 3952 999 4007 prout
1046 3942 1359 4005 sequentibus
1463 3949 1509 3989 et
1573 3942 1677 4003 ipsa
1736 3940 2057 3988 destitutione·
2100 3940 2374 4002 punisset.“
2465 3940 2586 3992 lbid.

232 4011 494 4074 exponitur
547 4012 830 4071 commode,
893 4011 935 4059 si
996 4011 1119 4060 bena
1183 4023 1357 4073 repur·
1462 4007 1622 4069 cap.4
1670 4008 1976 4071 „suffundere
2014 4006 2179 4056 maluit
2228 4007 2436 4058 bominis
2470 4017 2586 4070 san-

231 4078 462 4142 gentur.“
1460 4076 1654 4136 guinem
1691 4089 1833 4138 quam
1872 4073 2174 4126 effundere.“
2218 4074 2326 4130 ,De
2348 4074 2585 4137 virgve·

306 4179 338 4228 l'.
373 4173 653 4242 Nostrates]
697 4175 957 4240 Distinguit
1000 4185 1230 4228 nostrates
1267 4178 1357 4227 bo-
1459 4141 2013 4272 ξῗῗῖὧὲὦρέἀὲξῗξῖῗιί
2047 4141 2131 4258 3Σί
2165 4144 2587 4261 Ξῖὶὓειξᾳὲῗξὲηῗέ

231 4246 391 4297 mines
427 4261 452 4295 ⁸
489 4248 610 4295 πή*
645 4244 1099 4295 vnennmammm'
1460 4293 1566 4346 ομ).
1588 4277 1650 4327 61
1710 4278 1915 4337 „Officia
1954 4276 2280 4327 membrorum
2317 4276 2585 4327 ludibriose

300 4361 345 4409 g.
395 4347 646 4410 despectui
694 4342 924 4412 iudicata]
974 4346 1076 4396 Hoc
1111 4351 1185 4404 nst
1218 4344 1357 4394 dam·
1459 4345 1520 4393 de
1556 4341 1792 4394 industrii}
1833 4346 2167 4409 suffundendae
2212 4344 2582 4393 resurrectionis

225 4419 357 4466 naa.
406 4415 455 4464 V.
495 4415 721 4464 adnotata
759 4415 817 4463 ad
840 4414 905 4462 De
925 4414 1116 4464 Corona
1153 4412 1355 4476 cap.15.
1459 4411 1754 4461 oblatrant.“
1838 4413 1907 4460 De
1941 4412 2106 4461 Anima
2144 4426 2248 4475 cap.
2276 4410 2341 4459 38
2388 4415 2581 4474 „suffu-

225 4483 296 4533 De
343 4490 585 4533 structura
637 4482 701 4531 cs.
737 4479 938 4545 Apolog.
976 4496 1082 4545 cap.
1115 4480 1180 4530 49
1234 4479 1357 4540 „sed
1458 4482 1556 4528 sior
1581 4477 1789 4527 ἤπυε-ἕ*
1845 4479 2117 4542 Hieronym.
2147 4478 2256 4527 Λᾶν.
2285 4477 2430 4526 lovin.
2459 4475 2578 4535 Ι,48

169 4547 176 4552 ’
224 4553 274 4601 iu
312 4551 556 4601 eiusmodi
593 4550 742 4608 enim,
779 4549 820 4597 si
857 4551 1040 4614 utique,
1074 4550 1245 4599 inrisui
1278 4550 1353 4597 iu·
1433 4547 1627 4606 .„llaec
1648 4546 2012 4609 Theophrastus
2049 4546 2455 4607 disserenaquem
2480 4558 2579 4594 uon

220 4621 477 4671 dicandum
511 4625 597 4679 est,
662 4631 759 4666 non
797 4617 970 4680 gladiis
1006 4624 1054 4666 et
1087 4616 1270 4680 iquibus
1309 4623 1360 4664 et
1457 4615 1695 4678 suffundat
1731 4608 2190 4664 Christianwumffl‘
