3263 5311
1270 1103 1395 1165 DE

526 1293 2141 1416 MONOGAMIA‘.

331 1734 684 1828 Haeretici·
727 1766 966 1847 nuptias
998 1765 1303 1842 auserunt,

160 1866 259 1928 isti
299 1885 421 1928 non
462 1867 690 1930 'semel
732 1866 983 1930 nubunt.
1070 1866 1260 1940 ’Quid
1307 1868 1470 1948 agiS,
1515 1868 1610 1930 lex
1655 1868 1991 1932 creatoris?

1352 1767 1644 1847 'psychici
1674 1769 1972 1849 ingerunt.
2037 1768 2126 1831 Illi
2159 1789 2270 1832 nec
2300 1771 2508 1852 semel,
2546 1780 2712 1839 capt.

2075 1869 2240 1933 Inter
2281 1871 2509 1935 alienos

159 1968 488 2049 spadonesb
534 1977 594 2030 et
634 1967 937 2047 ‘'aurigas‘’
979 1975 1117 2031 tuos
1165 1969 1511 2030 tantundem
1556 1969 1827 2049 quereris
1893 1972 1969 2033 de
2012 1971 2342 2034 domestico
2389 1973 2505 2035 ob-

151 2153 481 2287 ptu1.‘.:fxpt'1.¹
538 2220 723 2285 physici
761 2222 826 2282 0.,
877 2227 920 2271 et
953 2222 1005 2271 A.
1039 2237 1084 2271 m
1133 2237 1209 2272 aee

582 2153 629 2202 1.
677 2153 879 2217 psythici
924 2154 1014 2205 AB.
1073 2154 1379 2271 florentiani
1416 2158 1535 2271 lib'er
1580 2157 1885 2207 bibliothecae
1937 2158 2274 2208 Laurentianus
2326 2175 2373 2210 n.
2410 2159 2508 2210 XII.

1415 2238 1471 2273 so
1495 2238 1574 2273 um

1628 2223 1717 2274 AB.
1753 2225 1957 2274 Florem.
2060 2223 2109 2275 3.
2146 2225 2286 2284 Quod
2322 2225 2374 2275 Β.
2456 2227 2505 2275 4.

156 2289 406 2354 praurigas
442 2289 671 2339 Heraldus
706 2290 769 2338 od
801 2289 971 2339 Arnob.
1003 2304 1056 2354 p.
1074 2286 1189 2339 225.
1259 2292 1514 2353 perorigas
1551 2291 1797 2354 Ripaltius.
1867 2292 2029 2354 urigas
2064 2293 2289 2342 Prion-ius.

223 2420 256 2454 ¹⁸²
290 2422 366 2472 DE
387 2421 759 2474 nonnanis.
762 2416 787 2488 ]
817 2421 994 2486 Aperta
1015 2423 1109 2475 boc
1133 2423 1280 2484 libro,

154 2500 296 2555 atque
332 2491 444 2540 item
482 2489 813 2554 sequentibus,
857 2490 1068 2541 Montani
1104 2492 1277 2553 dogma

156 2567 328 2608 tuetur.
414 2557 653 2607 Credebat
712 2565 872 2607 autem
920 2558 1102 2609 instare
1149 2559 1276 2609 diem

153 2626 335 2677 domini
370 2633 417 2677 et
453 2625 624 2675 fideles
660 2624 849 2676 volebat
892 2639 1004 2677 esse
1049 2627 1110 2678 ad
1147 2641 1279 2677 mar-

154 2695 273 2758 tyria
319 2693 678 2759 paratissimos.
767 2693 934 2772 ltaque
982 2695 1279 2746 detrahenda

152 2761 332 2828 putavit
369 2761 654 2812 Christianis
690 2762 853 2810 omnia
886 2762 1007 2812 vitae
1042 2763 1280 2814 humanae

153 2828 448 2889 retinacula,
512 2843 640 2893 quae
688 2827 914 2879 solebant
976 2831 1204 2880 animos
1219 2831 1281 2881 ad

150 2897 370 2963 pericula
417 2896 624 2947 reddere
677 2897 949 2959 segniores,
1009 2898 1280 2949 cuiusmodi

151 2972 269 3015 sunt
304 2972 498 3013 uxores·
515 2972 564 3015 et
597 2963 758 3023 liberi,
818 2972 865 3013 et
902 2976 1046 3014 curae
1082 2980 1139 3015 ex
1174 2966 1279 3016 istis

149 3031 467 3096 multiplices.
530 3032 671 3090 Quod
706 3031 984 3093 eonsilium,
1019 3033 1139 3082 alias
1175 3033 1278 3083 lor·

149 3109 266 3150 teau
304 3098 593 3159 excusabile,
643 3113 751 3149 cum
802 3100 944 3149 etiam
992 3100 1196 3149 detortis
1232 3108 1280 3149 et

149 3166 232 3218 dei
269 3157 318 3216 et
353 3167 563 3232 apostoli
582 3166 758 3227 verbis
796 3167 921 3216 unde
945 3167 1036 3216 sibi
1059 3167 1277 3231 plerique

146 3234 356 3286 nimium
392 3234 781 3293 blandiebantur,
824 3236 1017 3297 aggredi
1056 3248 1151 3284 nou
1188 3235 1281 3284 du·

145 3303 388 3362 bitaverit,
426 3302 529 3351 iure
566 3309 641 3351 est
675 3301 734 3350 ab
772 3302 978 3351 ecclesia
1012 3303 1280 3366 reprehen-

143 3384 261 3421 sum
300 3370 693 3434 damnatumque.
728 3368 942 3431 (Rigalt.)
993 3370 1066 3420 Cl'.
1105 3370 1281 3421 fliero-

145 3438 280 3502 nymi
320 3437 593 3488 Commeat.
631 3436 679 3486 in
694 3435 806 3553 Ege
830 3438 888 3486 ad
911 3437 1066 3488 Titum
1105 3452 1209 3501 cap.
1237 3429 1308 3486 1:

125 3504 342 3572 *9011ss
379 3512 497 3556 tom.
521 3504 595 3554 lv.
631 3505 691 3553 ed
812 3504 1017 3563 nedicta
1057 3504 1280 3565 „—ldonta

140 3587 243 3623 nus
300 3580 351 3622 et
397 3572 479 3636 qui
526 3571 692 3621 Novati
746 3573 957 3622 schisma
1017 3580 1280 3633 sectantur,

141 3653 334 3691 nomeu
400 3638 494 3689 sibi
561 3639 823 3688 munditiae
890 3654 1281 3703 praesumpsere,

137 3715 420 3773 putantque
458 3706 672 3757 secunda
710 3708 1013 3756 matrimonia
1039 3708 1099 3756 ab
1122 3708 1280 3757 eccle-

131 3775 250 3825 siae
290 3774 636 3824 communione
659 3775 977 3837 prohibenda,
1029 3789 1138 3824 cum
1160 3790 1280 3839 apo·

133 3841 313 3892 stolus
363 3842 422 3891 de
470 3841 735 3920 episcopis·
762 3850 809 3892 et
856 3842 1152 3906 presbyteris
1189 3844 1281 3891 hoc

132 3909 463 3974 praecipiens
512 3910 676 3972 utique
724 3909 773 3959 in
812 3911 987 3960 ceteris
1023 3909 1278 3971 relaxarit;

133 3991 248 4027 non
298 3976 432 4040 quod
470 3976 687 4026 hortetur
739 3970 798 4026 ad
851 3977 1062 4027 secunda
1111 3976 1279 4025 matri-

132 4042 334 4103 monia,
382 4043 471 4092 sed
521 4043 647 4107 quod
696 4045 969 4094 necessitati
1007 4042 1167 4094 carnis
1204 4043 1280 4093 in-

130 4111 366 4171 dulgeat.
413 4110 644 4175 Scripsit
656 4117 704 4160 et
728 4112 1054 4162 Tertullianus
1092 4111 1151 4160 de
1178 4110 1281 4159 Mo-

131 4178 380 4239 nogamia
413 4178 590 4228 librum
628 4172 941 4239 haereticum,
979 4192 1121 4244 quem
1159 4191 1280 4242 apo·

127 4243 283 4295 stolo
346 4245 585 4295 contraire
633 4258 804 4307 nemo,
866 4248 948 4310 qui
1001 4245 1280 4310 apostolum

129 4312 348 4374 legerit,
383 4302 674 4375 ignorabit.“

210 4379 346 4442 Cap.
396 4379 432 4428 l.
525 4393 570 4430 a.
625 4379 900 4440 Haeretici]
957 4379 1281 4431 Marcionitae.

124 4447 374 4511 psychici
397 4458 527 4507 vero,
561 4448 837 4512 quicunque
857 4463 883 4497 a
908 4448 1282 4498 revelationibus

121 4513 367 4564 Montani
404 4522 486 4565 aut
519 4515 894 4579 particularibus
934 4517 1080 4580 (quas
1113 4524 1282 4566 auctor

118 4581 512 4646 propugnabat)
559 4582 883 4643 abstinebant,
934 4591 1077 4646 atque
1114 4583 1159 4631 hi
1198 4593 1282 4633 or-‘

120 4648 369 4702 thodoxi.
458 4650 532 4701 CI.
567 4650 680 4703 Λᾶν.
715 4651 946 4702 Marcion.
993 4650 1066 4711 lv,
1099 4648 1181 4702 22.
1235 4658 1285 4701 et

1379 2425 1491 2474 Λᾶν.
1530 2425 1664 2475 Prax.
1700 2424 1875 2489 eap.1.
1925 2425 2235 2488 Quapropter
2268 2424 2383 2476 illos
2419 2440 2508 2490 per

1380 2492 1641 2543 ludibrium
1679 2491 1944 2557 spadones,
1991 2493 2081 2542 hos
2117 2501 2275 2542 autem
2313 2493 2507 2554 aurigas

1380 2560 1512 2620 dicit,
1549 2561 1677 2610 velut
1710 2568 1907 2622 agentes
1945 2573 2145 2609 uxorum
2173 2561 2403 2611 vehicula.
2441 2563 2507 2611 Ac

1380 2628 1450 2680 illi
1500 2628 1695 2693 quidem
1743 2626 1889 2679 alieni
1935 2642 1962 2678 a
2011 2627 2117 2690 lege
2163 2627 2390 2680 dicuntur
2424 2630 2507 2693 qui

1380 2696 1658 2746 evertebant
1693 2696 1868 2759 legem,
1904 2696 1952 2745 bi
1988 2711 2100 2745 vero
2136 2699 2283 2746 etiam
2312 2696 2507 2758 aurigae

1382 2763 1520 2825 legis,
1575 2764 1685 2827 quia
1740 2764 2014 2814 testamenti
2052 2777 2204 2827 aeque
2241 2763 2414 2813 veteris
2450 2778 2509 2813 ac

1382 2831 1488 2881 novi
1529 2833 1779 2880 veritatem
1816 2830 2101 2880 asserebant
2137 2831 2249 2880 etin
2271 2830 2509 2892 religione

1383 2898 1640 2958 habebant,
1677 2899 1805 2962 quod
1842 2898 2035 2962 piorum
2072 2912 2179 2948 vere
2209 2898 2508 2949 orthodoxo-

1382 2980 1488 3015 rum
1526 2974 1615 3015 est.
1654 2965 1978 3025 (Fr.lunius.)

1447 3033 1494 3081 b.
1531 3032 1664 3082 Inter
1710 3033 1898 3084 alienos
1944 3027 2214 3099 spadones]
2281 3033 2385 3083 Hoc
2433 3041 2509 3083 est

1381 3100 1506 3151 inter
1555 3099 1826 3150 haereticos
1885 3100 1969 3163 qui
2025 3101 2216 3165 nuptias
2264 3100 2506 3153 auferunt.

1382 3168 1619 3217 Haeretici
1659 3168 1803 3218 alieni
1858 3174 1906 3217 et
1942 3169 2151 3218 extranei
2188 3175 2302 3217 sunt
2337 3169 2506 3217 catbo-
2548 3191 2553 3195 ·

1383 3235 1504 3286 licis.
1558 3235 1816 3299 Spadonea
1851 3243 1988 3285 vocat
2020 3248 2194 3287 osores
2212 3236 2507 3299 nuptiarum.

1380 3303 1595 3365 (Rigalt.)
1667 3302 1741 3353 Cl.
1780 3303 1906 3353 inira
1942 3317 2047 3366 cap.
2071 3301 2119 3354 3.

1451 3386 1491 3420 c.
1529 3379 1576 3421 et
1612 3365 1828 3435 aurigas]
1864 3369 2143 3432 Legeudum
2180 3377 2222 3420 et
2282 3372 2506 3433 erorigoa.

1381 3438 1583 3488 Varroni
1618 3437 1703 3488 lib.
1733 3438 1791 3487 ll.
1841 3437 1902 3487 de
1955 3438 2022 3487 Re
2070 3439 2201 3488 Rust.
2246 3386 2385 3503 fcap.
2413 3431 2508 3503 7.‚}

1383 3505 1464 3555 ubi
1520 3506 1580 3555 de
1629 3504 1904 3556 admissura
1957 3519 2221 3570 equarum·
2281 3506 2507 3569 perot-iga

1382 3573 1557 3623 dicitur
1593 3574 1812 3637 quisquis
1849 3572 2070 3623 admittit.
2124 3573 2290 3637 ltaque
2326 3573 2508 3623 acutis-

1381 3641 1505 3690 sime
1542 3643 1794 3705 perorigas
1829 3642 1928 3690 sive
1964 3642 2217 3705 praurigas
2253 3639 2351 3691 sive
2388 3655 2508 3705 pru-

1383 3710 1511 3771 rigas
1548 3718 1685 3758 vocat
1719 3708 1991 3823 psgchicos,
2040 3710 2140 3773 qui,
2197 3717 2246 3758 ut
2281 3708 2387 3772 ipse
2424 3707 2508 3767 ait,

1384 3777 1575 3840 nuptias
1613 3777 1775 3837 ingere
1812 3783 1909 3835 aut,
1951 3783 1999 3824 et
2034 3776 2170 3839 quasi
2210 3775 2507 3838 pruriginem

1381 3843 1719 3893 conciliabant.
1787 3843 1906 3893 Tuos
1942 3842 2058 3892 dicit
2095 3844 2249 3904 legem
2287 3840 2506 3904 compel-

1381 3910 1516 3971 lans;
1554 3924 1667 3959 nam
1702 3907 1847 3958 alieni
1884 3909 1944 3958 ab
1980 3924 2035 3957 aa
2059 3924 2155 3958 non
2183 3909 2508 3958 censebantur

1382 3978 1524 4027 etiam
1545 3976 1782 4040 Septimio
1817 3976 2050 4040 psychici,
2088 3977 2242 4039 quiet
2261 3975 2506 4025 catholici.

1380 4044 1595 4107 (Rigalt.)
1667 4043 1734 4093 De
1783 4044 1976 4093 vocibus
2027 4044 2208 4105 auriga,
2263 4042 2507 4107 perot-iga,

1381 4109 2507 4229 3'522'35:‘ptr-:2533t¹¹22⁵⁸f⁸r.-1¹;22{:¹ffi⁸.⁰5·

1379 4247 1616 4311 Peroripa.
1671 4246 1791 4297 Item
1831 4246 1991 4297 Desid.
2032 4246 2292 4296 lleraldum
2330 4245 2390 4295 ad
2417 4246 2507 4294 Δι·”

1383 4314 1496 4365 nob.
1533 4329 1579 4378 p.
1607 4314 1723 4364 225.
1797 4314 1972 4365 Beatus
2008 4314 2267 4364 Rhenanus
2307 4313 2356 4362 in
2392 4311 2508 4361 edit.

1382 4384 1493 4431 anui
1543 4381 1827 4431 Moxxvttt.
1887 4385 1949 4432 ita
2006 4381 2352 4445 interpretatus
2404 4385 2509 4427 est.

1381 4444 2511 4578 33ῧῐῗὲωἶ.ἓΐεΐ.“”ἷὲἑῗῃ..ῖῖ”“ἒῗ.ιέἑ’.ξὶῖί“ῗ“

1383 4584 1532 4633 Aliter
1567 4585 1616 4632 in
1652 4584 1767 4632 edit.
1805 4583 2096 4633 MDXXXIX:
2150 4583 2269 4643 „Eis
2315 4581 2511 4643 auriga-

1384 4666 1494 4702 rum
1528 4664 1705 4702 nomeu
1732 4651 2017 4701 accomodat
2037 4651 2099 4701 ob
2119 4650 2378 4700 tumultum
2401 4660 2515 4699 ma.-
