3263 5311
743 433 866 497 778
1254 448 1456 499 ΟΙΠΝΤΙ
1503 446 1783 490 summu.
1810 446 2143 489 nonanus
2188 445 2583 489 'rt-:nrtJLLum

741 609 894 662 ctam
935 600 997 661 in
1044 608 1102 660 te
1158 596 1498 660 recusasti?
1598 597 1674 658 Et
1727 597 1809 658 illi
1866 596 2042 677 plane
2094 595 2185 658 sic
2238 595 2467 658 dabam
2516 594 2685 657 viros
2742 604 2802 658 et
2853 615 3077 670 uxores,

742 701 1045 781 quomodo
1099 699 1477 761 ⁴buccellas·.
1585 700 1717 761 Hoc
1757 695 1916 760 enim
1961 706 2058 760 est
2098 698 2254 778 apud
2299 697 2469 771 illos,
2530 697 2707 759 Omni
2764 699 2983 778 petenti
3024 707 3078 762 to

739 802 931 865 dahis.
1019 801 1096 862 Et
1137 800 1497 879 coniungent
1537 817 1646 862 vos
1692 801 1751 861 in
1796 799 2045 862 ecclesia
2090 800 2350 877 virgine,
2415 798 2596 860 unius
2640 797 2861 861 Christi
2918 801 3077 862 unic·

740 919 985 984 sponsa.
1073 902 1149 963 Et
1191 902 1393 963 orabis
1438 919 1549 980 pro
1593 901 1825 963 maritis
1868 902 2021 972 tuiS,
2078 917 2235 962 novo
2279 908 2341 961 et
2381 909 2599 961 vetere.
2686 899 2855 979 Elige
2892 902 2983 962 eui
3023 910 3077 962 te

633 993 642 1000 ⁵
740 1004 1064 1067 adulteram
1107 1012 1400 1082 praestes.
1488 1003 1677 1074 Puto,
1734 1000 2047 1063 ambobus.
2144 999 2377 1073 Quodsi
2433 1001 2664 1080 sapias,
2728 1009 2923 1064 tacens
2976 1003 3079 1063 de-

737 1108 963 1169 functo.
1050 1103 1381 1184 Repudium
1429 1104 1511 1165 sit
1551 1103 1636 1165 illi
1678 1102 1980 1165 silentium
2040 1110 2241 1174 tuum,
2311 1101 2521 1163 alicnis
2578 1103 2699 1163 iam
2753 1101 3082 1165 dotdibus⁴

740 1208 1049 1288 scriptum.
1120 1206 1249 1266 Hoc
1292 1205 1473 1266 modo
1517 1223 1738 1265 novum
1784 1204 2237 1284 promereberis
2257 1203 2569 1277 maritum,
2614 1204 2667 1264 si
2710 1205 2933 1266 veteris
2976 1206 3078 1267 ob·

737 1308 1044 1371 livisoariS.
1119 1305 1314 1368 Debes
1360 1305 1550 1385 magis
1593 1304 1677 1365 illi
1719 1304 1952 1384 placere
1994 1313 2243 1385 propter
2282 1307 2459 1384 quem
2505 1304 2654 1366 ‘deo
2696 1305 2933 1385 placere
2968 1323 3080 1368 non

740 1409 1023 1471 maluisti.
1111 1408 1273 1469 Haec
1313 1407 1607 1488 “psychici
1655 1406 1861 1467 volunt
1905 1406 2241 1485 apostolum
2298 1406 2595 1484 probasse
2650 1416 2752 1467 aut
2794 1406 2857 1467 iu
2904 1416 3080 1472 totum

427 1527 863 1580 1c0r.vn‚39.non
919 1510 1313 1590 recogitasse,
1382 1527 1514 1573 cum
1565 1507 1887 1570 scriberet:
1953 1507 2163 1569 Mulier
2215 1506 2443 1569 ‘'vincta
2498 1515 2626 1581 est,
2690 1508 2752 1568 in
2810 1518 3083 1587 quantum

739 1611 1026 1692 temporis
1071 1611 1210 1673 vivit
1253 1610 1342 1671 vir
1385 1611 1546 1684 eius3
1621 1609 1674 1669 si
1731 1616 1927 1669 autem
1973 1618 2246 1670 mortuus
2291 1609 2498 1681 suerit,
2564 1608 2749 1671 libera
2802 1618 2931 1670 est:
2994 1609 3081 1672 cui

737 1714 891 1786 vult,
936 1711 1150 1784 nubat,
1195 1718 1423 1773 tantum
1467 1712 1528 1772 in
1573 1710 1839 1771 domino.
1939 1709 2025 1771 Ex
2080 1710 2198 1770 hoo
2252 1709 2407 1770 enim
2450 1709 2709 1789 capitulo
2764 1710 3085 1773 defendunt

736 1815 1028 1877 licentiam
1073 1812 1320 1875 secundi
1366 1811 1761 1884 matrimonii,
1825 1811 2007 1871 immo
2054 1819 2114 1871 et
2155 1809 2428 1890 plurimi,
2482 1811 2536 1871 si
2582 1811 2863 1884 secundi3
2929 1811 3083 1891 quod

738 1917 893 1978 enim
942 1914 1127 1975 semel
1172 1914 1348 1975 “esse
1389 1912 1598 1982 desiit,
1642 1911 1843 1973 ’omni
1890 1911 2212 1973 obnoxium
2258 1919 2353 1973 est
2397 1929 2667 1974 numero.
2724 1912 2863 1985 Quo
2894 1922 3084 1975 aum

738 2035 925 2077 sensu
973 2014 1337 2094 ¹⁰apostolus
1398 2014 1741 2094 scripserit,
1812 2013 1889 2076 ita
1946 2012 2264 2086 relucebit,
2332 2013 2384 2075 si
2440 2013 2609 2094 prius
2666 2022 2909 2076 constet
2968 2031 3085 2076 ιιοιι

735 2118 853 2178 hoc
895 2115 1058 2177 illum
1104 2133 1291 2177 sensu
1336 2114 1657 2194 scripsisse
1700 2133 1818 2192 quo
1854 2113 2169 2193 “psychici
2197 2122 2464 2176 utuntur.
2531 2114 2847 2176 Constabit
2874 2124 3084 2186 autem,

737 2217 790 2279 si
834 2214 968 2296 qu‘is
1013 2235 1081 2278 ea
1127 2216 1480 2278 recordetur
1521 2235 1672 2295 quae
1714 2215 1854 2276 huic
1896 2215 2150 2295 capitulo
2194 2215 2424 2278 diversa
2469 2226 2607 2278 sunt
2670 2225 2729 2278 et
2772 2217 2931 2295 apud
2976 2219 3085 2279 do-

639 2313 646 2320 ’
736 2319 984 2380 ctrinam
1029 2326 1088 2379 et
1130 2317 1285 2397 apud
1329 2318 1687 2379 voluntatem
1732 2325 1792 2378 et
1835 2316 1989 2395 apud
2032 2317 2337 2397 propriam
2383 2318 2570 2397 ipsius
2606 2318 2771 2380 Pauli
2812 2317 3083 2400 discipti-

734 2437 891 2482 num.
980 2420 1045 2481 Si
1090 2418 1245 2480 enim
1302 2419 1593 2480 secundas
1648 2418 1884 2498 nuptias
1944 2416 2321 2497 ¹'permit.tit‚
2395 2436 2546 2498 quae
2598 2419 2670 2480 ab
2726 2417 2902 2480 initio
2966 2437 3087 2483 uon

735 2522 1006 2593 suerunt,
1075 2520 1375 2599 quomodo
1433 2521 1686 2581 affirmat
1727 2519 1924 2580 omnia
1969 2517 2040 2579 ad
2084 2517 2319 2581 initium
2377 2519 2637 2598 recolligi
2693 2520 2759 2581 in
2802 2518 3087 2582 Christo?

736 2621 800 2684 Si
844 2622 967 2684 vult
1022 2640 1136 2683 nos
1195 2622 1412 2684 iterare
1469 2620 1774 2701 coniugia,
1841 2620 2145 2700 quomodo
2209 2639 2419 2684 semen
2472 2630 2749 2684 nostrum
2804 2621 2871 2684 in
2929 2622 3091 2687 [stac

738 2724 926 2786 semel
969 2723 1183 2791 marito
1227 2732 1467 2785 auctore
1511 2721 1819 2785 defendit?
1886 2721 2205 2794 Quomodo
2252 2732 2441 2784 totum
2486 2722 2757 2785 ordinem
2803 2725 3091 2787 ecelesiae

734 2827 808 2887 de
853 2826 1224 2904 monogamis
1269 2824 1564 2905 disponit,
1624 2824 1677 2884 si
1732 2842 1853 2885 non
1909 2823 2059 2885 haec
2100 2824 2407 2903 disciplina
2450 2825 2753 2904 praeeedit
2794 2825 2863 2886 in
2906 2824 3093 2897 luicis,

738 2942 810 2988 ex
855 2926 1070 3005 quibus
1115 2925 1400 2988 ecclesiae
1443 2926 1593 2986 ordo
1638 2920 1920 3004 proficit?
1956 2960 1967 2969 ·
2005 2925 2323 2997 Quomodo
2368 2926 2428 2986 in
2473 2925 2861 2988 matrimonio
2905 2927 3095 2989 adhue

737 3027 974 3108 positos
1020 3046 1053 3088 a
1099 3028 1292 3088 fructu
1336 3026 1701 3088 matrimonii
1744 3034 1982 3097 avocat,
2039 3025 2244 3088 dicens
2289 3027 2351 3087 in
2399 3026 2701 3088 ¹'collecto
2745 3046 2891 3090 esse
2940 3038 3089 3092 ten·

731 3146 881 3211 pus,
950 3128 1004 3189 si
1045 3146 1158 3208 per
1199 3136 1458 3190 mortem
1515 3127 1893 3191 matrimonio
1950 3126 2194 3206 elapsos
2252 3127 2464 3189 iterum
2523 3127 2585 3188 in
2640 3129 3093 3192 matrimonium

729 3227 1016 3291 revocat?
1080 3229 1240 3289 Haec
1285 3228 1338 3289 si
1381 3227 1609 3289 diversa
1654 3236 1797 3290 sunt
1840 3227 1896 3289 ei
1938 3228 2194 3307 capitulo
2239 3229 2314 3290 de
2344 3248 2460 3308 quo
2492 3229 2718 3307 agitur,
2762 3230 3093 3299 constabit,

729 3337 798 3392 ut
839 3330 1127 3403 diximus,
1172 3347 1295 3390 non
1338 3329 1455 3390 hoc
1496 3328 1660 3390 illum
1692 3345 1878 3389 sensu
1909 3329 2259 3408 scripsisse,
2307 3348 2426 3408 quo
2460 3329 2775 3409 ”psychici
2810 3340 3095 3403 umatum

730 3430 866 3509 quia
912 3430 1140 3492 facilius
1186 3439 1310 3503 est,
1352 3438 1419 3492 ut
1459 3429 1711 3509 aliquam
1755 3428 2044 3491 rationem
2088 3429 2303 3492 habeat
2346 3447 2529 3492 unum
2574 3430 2719 3492 illud
2760 3431 3097 3510 capitulum

734 3530 941 3609 ¹⁸quae
985 3549 1118 3593 cum
1177 3531 1391 3593 ceteris
1451 3530 1726 3610 ¹⁶sapiat,
1792 3548 1966 3609 quam
2020 3538 2087 3591 ut
2141 3530 2450 3610 apostolus
2507 3531 2743 3593 diversa
2802 3533 2974 3595 inter
3028 3552 3098 3595 se

730 3630 1011 3692 docuisse
1055 3630 1337 3693 videatur.
1432 3631 1578 3692 Eam
1621 3614 1911 3693 rationem
1959 3631 2019 3692 in
2061 3631 2189 3710 ipsa
2233 3632 2481 3693 materia
2523 3631 2861 3712 poterimus
2908 3652 3130 3696 recu·-

728 3783 778 3836 4.
816 3784 1063 3834 buccellas
1098 3786 1185 3835 AB.
1302 3782 1349 3834 5.
1387 3784 1479 3834 deo
1515 3783 1710 3848 placere
1760 3799 1854 3834 non
1895 3784 2104 3834 maluisti
2152 3786 2288 3835 abed.
2322 3785 2439 3835 tiber
2476 3784 2754 3836 centensis.
2846 3786 2951 3837 deo
3004 3802 3097 3836 uo

731 3852 940 3902 maluisti
977 3853 1162 3916 reliqui.
1256 3851 1302 3902 6.
1342 3852 1524 3916 physici
1555 3852 1679 3902 ABG.
1774 3851 1820 3900 7.
1858 3853 2009 3901 vincta
2047 3853 2196 3911 (Bina.
2228 3854 2353 3902 liber
2373 3854 2628 3902 Clementis.
2700 3854 2862 3903 iuncta
2904 3856 3100 3920 reliqu·-

729 3918 778 3969 8.
814 3919 942 3970 desit
976 3934 1085 3969 esse
1119 3921 1207 3970 AB.
1289 3919 1338 3970 9.
1377 3920 1507 3969 omui
1545 3920 1758 3979 d„Fu1v.
1782 3919 1989 3969 Ursinus.
2061 3933 2204 3969 omne
2239 3921 2425 3983 reliqui,
2463 3928 2644 3984 praeter
2679 3938 2737 3979 e.
2778 3924 2830 3970 in
2866 3938 2972 3987 quo
3010 3940 3097 3971 nu

727 3993 872 4036 extat.
983 3987 1056 4036 to.
1096 3987 1350 4049 apostolus
1386 4012 1451 4022 —
1486 4010 1554 4023 -
1589 4001 1737 4036 sensu
1775 4002 1862 4037 om.
1896 3988 1947 4038 A.
2058 3987 2135 4036 11.
2173 3987 2356 4051 physici
2392 3988 2513 4038 ΑΜ.
2624 3987 2701 4037 12.
2738 3991 2993 4051 permittit
3029 3992 3099 4039 cd.

727 4054 846 4103 liber
883 4054 1140 4103 ctum-ntis.
1212 4056 1410 4104 remittit
1443 4056 1629 4118 reliqui.
1718 4055 1924 4103 admittit
1969 4056 2237 4105 adnotatum
2275 4061 2341 4104 est
2374 4059 2425 4105 in
2458 4059 2665 4118 ’πατρίοις
2703 4058 2749 4103 G.
2868 4057 2959 4107 ts.
2994 4058 3099 4107 eut·

723 4120 905 4170 lectum
943 4121 1047 4181 AB„
1085 4137 1168 4186 pro
1206 4138 1346 4171 more.
1458 4122 1531 4170 14.
1571 4122 1755 4185 physici
1793 4122 1915 4171 ABG.
2025 4121 2101 4171 ¹5.
2139 4136 2283 4186 quam
2321 4140 2366 4172 α.
2470 4122 2551 4173 16.
2592 4123 2766 4173 habeat
2799 4123 2939 4175 ABG.

796 4268 839 4305 c.
877 4255 1121 4318 quomodo
1149 4253 1438 4317 buccellas]
1483 4254 1719 4303 Omnibus
1757 4256 1854 4303 sci·
1955 4255 2361 4319 quemadmodum
2408 4258 2457 4305 ln
2495 4256 2775 4306 Salomonis
2811 4260 3101 4319 prm-eisd

730 4321 841 4371 licet
892 4323 1180 4385 petentibus.
1257 4322 1403 4380 Quasi
1459 4322 1600 4370 etium
1639 4323 1699 4370 de
1736 4337 1854 4371 eon·
1956 4324 2188 4385 legimus.
2241 4325 2361 4382 „Sic
2407 4332 2482 4373 est
2527 4340 2597 4373 vta
2634 4325 2863 4373 mulieris
2905 4328 3099 4377 adun·—

727 4389 857 4451 iogio
885 4389 1071 4437 ‚dictum
1110 4390 1170 4437 sit
1207 4388 1344 4444 illud,
1399 4388 1540 4437 Omni
1590 4391 1769 4452 petenti
1806 4398 1853 4439 te
1954 4404 2067 4440 rae.
2117 4391 2327 4441 comedit
2362 4400 2410 4440 et
2443 4393 2585 4453 tergit
2631 4407 2689 4441 os
2724 4404 2898 4443 suum.
2900 4396 2943 4418 ‘⁸
2995 4390 3102 4453 ffl—
3208 4418 3209 4441 1

728 4458 873 4520 dato;
910 4456 1037 4521 qood
1060 4468 1199 4505 suum
1224 4456 1401 4505 hahere
1423 4457 1613 4505 tuntum
1637 4458 1693 4506 ad
1721 4457 1852 4506 elce·
1960 4459 2072 4521 golt.
2081 4462 2095 4513 )

728 4536 980 4588 mosynam
1018 4523 1336 4588 pertinentem
1387 4525 1451 4572 ait
1503 4524 1627 4573 libro
1665 4526 1725 4572 de
1762 4523 1854 4573 Ba·
2017 4526 2064 4575 d.
2105 4520 2373 4590 dotalibus]
2408 4525 2607 4576 notatos
2635 4524 2713 4575 vot
2748 4527 2949 4577 detulit
2988 4529 3043 4577 b.
3072 4526 3105 4574 Ι.

728 4593 908 4652 ptismo
944 4589 1178 4654 cap.18.'
1220 4591 1385 4656 itaque
1435 4591 1510 4641 his
1555 4592 1713 4641 verbis
1762 4590 1856 4639 tm-
1954 4602 2046 4657 pro
2083 4594 2191 4671 ipso
2230 4594 2553 4643 matrimonio.
2626 4594 2787 4643 Utitur
2832 4608 2903 4645 oe
2954 4606 3105 4645 vocn-

726 4660 881 4707 nesti·
929 4660 1210 4722 nequiorem
1261 4659 1580 4721 significatum
1642 4657 1852 4720 involvit,
1953 4660 2070 4710 huto
2107 4660 2251 4711 etiam
2287 4660 2371 4710 Ad
2394 4662 2538 4712 Uxor.
2575 4658 2635 4721 tt,
2652 4658 2705 4711 8.
