3263 5311
1211 441 1685 489 nouocsricmr.
2459 483 2468 494 ,
2511 431 2631 495 163
2807 435 2812 438 ’

212 621 219 626 ’
280 603 397 657 stat
440 592 717 655 divinitas
762 591 985 673 aliqua,
1029 592 1232 673 ”ergo
1264 593 1362 673 qui
1392 594 1740 673 puniuntur,
1770 593 2269 670 ”consecrantum
2303 604 2363 658 et
2389 597 2632 659 numina

279 704 455 758 erut
497 692 748 756 dicenda
792 692 1127 774 supplieia‘.
1230 694 1351 756 Sed
1404 695 1579 775 plane
1633 713 1758 756 non
1809 695 2076 757 sentiunt
2126 696 2235 758 has
2279 689 2525 760 iniurias
2571 706 2635 761 et

278 794 671 859 contumelias
712 794 1170 856 ”fabricationis
1229 811 1371 858 suae
1413 795 1511 858 dei
1550 796 1738 858 vestri
1759 842 1774 871 ‚
1834 797 1986 859 sieut
2029 816 2140 858 nee
2183 793 2488 877 obsequia.
2575 798 2630 860 Ο

279 897 495 976 impiae
534 913 749 967 voees,
798 915 833 956 o
881 895 1181 976 sacrilega·
1208 895 1503 959 convicia!
1576 896 1932 969 infrendite,
1978 896 2400 978 ”inspumatel
2468 899 2634 962 Idem
2710 958 2713 961 .

281 997 429 1058 estis
488 996 590 1076 qni
630 995 975 1058 ”Senecam
1034 997 1288 1077 aliquem
1354 996 1624 1077 pluribus
1689 997 1807 1060 ”et
1859 999 2249 1060 amarioribus
2305 999 2379 1061 de
2432 1008 2634 1063 vestm

282 1097 712 1177 superstitione
773 1105 1155 1176 perorantem
1216 1097 1748 1178 ¹²⁹reprehe=ndistis
1763 1097 1812 1160 Β.
1919 1098 2104 1178 Igitur
2167 1100 2220 1161 si
2286 1106 2508 1162 statuas
2571 1108 2636 1161 et

284 1196 569 1276 imagines
632 1195 879 1276 frigidas
934 1197 1373 1261 ”mortuorum
1428 1218 1679 1262 suorum
1731 1199 2058 1262 simillimas
2115 1219 2240 1262 non
2297 1200 2633 1275 adoramus,

291 1315 436 1378 quas
480 1298 640 1360 milvi
684 1307 745 1359 et
788 1317 991 1360 mures
1039 1308 1099 1360 et
1141 1318 1388 1363 araneae
1430 1300 1832 1379 intellegunt¹,
1875 1319 2078 1363 nonne
2119 1301 2352 1366 laudem
2390 1300 2431 1334 ²¹
2447 1301 2634 1380 magis

284 1417 462 1478 quam
506 1417 761 1479 poenam
803 1400 1143 1464 merebatur
1172 1401 1482 1481 repudium
1510 1402 1694 1497 agniti
1725 1400 1998 1465 erroris?
2058 1401 2445 1465 ”Possumus
2476 1403 2635 1464 enim

284 1499 474 1562 videri
516 1500 753 1561 laedere
797 1519 904 1562 eos
948 1519 1100 1580 quos
1147 1503 1294 1564 certi
1340 1519 1548 1565 sumus
1595 1503 1840 1564 omnino
1885 1521 2007 1564 nou
2052 1501 2232 1566 esse?
2305 1503 2481 1575 Quod
2511 1520 2634 1564 non
2783 1505 2788 1511 ’
2809 1539 2856 1578 s

287 1609 409 1674 est,
455 1598 602 1663 nihil
642 1600 773 1662 ³&ab
817 1601 936 1663 ullo
980 1603 1233 1681 patitur,
1286 1603 1421 1683 quia
1465 1622 1588 1667 non
1635 1612 1745 1666 est.
2627 1595 2770 1654 ss

460 1702 577 1763 Sed
621 1701 796 1764 nobis
855 1703 973 1764 dei.
1005 1713 1174 1776 sunt,
1242 1704 1494 1783 'inquis
1596 1704 1672 1765 Et
1724 1705 2027 1784 quomodo
2083 1724 2192 1767 vos
2249 1723 2282 1765 e
2342 1657 2928 1806 contrario-lenanu}

291 1802 455 1882 impii
497 1811 559 1864 et
599 1803 869 1884 sacrilegi
913 1812 973 1866 et
1014 1804 1338 1884 inreligiosi
1384 1824 1521 1884 erga
1576 1793 1725 1866 de'os
1780 1805 2052 1874 'vestros
2105 1805 2636 1886 deprehendimini,

285 1902 456 1983 ³qui,
503 1924 656 1984 quos
696 1906 1075 1985 praesumitis
1121 1925 1293 1979 esse,
1338 1906 1709 1998 ⁴neglegiti3‚
1756 1925 1909 1987 quos
1959 1906 2213 1981 timetiS,
2272 1906 2636 1979 ⁵destruitiS,

2204 2092 2284 2142 25.
2315 2085 2643 2142 fabricationis

2203 2158 2284 2209 26.
2322 2161 2561 2224 insputate
2599 2162 2642 2210 b.
2755 2165 2784 2218 Ι

2077 2242 2131 2276 se
2181 2242 2386 2291 nequam
2435 2228 2644 2290 aliquem

290 2089 374 2140 23.
410 2097 529 2151 ergo
567 2106 673 2140 cum
712 2093 794 2156 qui
830 2093 943 2143 Dab.
1049 2092 1131 2143 24.
1170 2100 1514 2143 consecrentur
1550 2094 1827 2142 et-numina
1861 2101 2029 2143 essent
2048 2094 2098 2144 F.

290 2173 404 2207 suae
440 2159 644 2209 ABEFG.
688 2161 874 2210 Vindob.
917 2161 1063 2211 Oxou.
1102 2161 1274 2224 Ersmt.
1346 2175 1463 2209 suae
1502 2161 1829 2210 fabricationis
1863 2162 2083 2226 Dabcdes.

291 2225 370 2275 27.
420 2225 656 2275 Senecam
705 2228 913 2291 aliquam
964 2228 1186 2291 pluribus
1233 2230 1351 2279 liber
1383 2229 1581 2278 Pitheci:
1623 2230 1713 2278 Ios.
1751 2229 1973 2290 Scaliyer.

294 2293 510 2357 pleribus
548 2295 598 2342 G.
740 2294 824 2344 28.
860 2303 907 2344 et
941 2311 966 2345 a
1005 2297 1269 2345 maioribus
1306 2297 1429 2346 DGa.
1514 2303 1562 2345 et
1596 2295 1859 2344 maioribus
1894 2297 2006 2346 fed.
2143 2294 2223 2344 29.
2263 2295 2642 2358 reprehendistis

295 2362 597 2411 ABEDabcde.
637 2363 810 2426 Erfurt.
850 2363 996 2413 Oxou.
1044 2365 1248 2414 Ambros.
1367 2363 1684 2426 reprendistis
1735 2364 1784 2413 F.
1836 2370 1876 2411 et
1932 2363 2120 2413 Vindob.
2164 2378 2249 2426 pro
2295 2357 2436 2412 more'.
2546 2376 2642 2411 non

300 2429 672 2490 reprehendistis
709 2432 828 2480 liber
861 2430 1051 2480 Pitheci.
1088 2432 1218 2481 fulv.
1260 2431 1465 2480 Ursinus.
1554 2429 1769 2494 probetis
1804 2426 1849 2478 λ.
1931 2430 2149 2493 probatis
2183 2434 2219 2492 s.
2257 2430 2445 2481 flavere.
2563 2428 2644 2479 30.

301 2503 591 2545 mortuorum
629 2505 897 2546 vestrorum
935 2494 980 2544 λ.
1091 2497 1172 2547 31.
1212 2499 1363 2558 magis
1401 2498 1676 2548 merebatur
1711 2511 1853 2561 qnam
1877 2511 2081 2560 poenam
2103 2499 2151 2546 F.
2259 2496 2340 2547 32.
2381 2498 2644 2548 Possumus

299 2569 451 2611 sutem
485 2559 532 2609 λ.
609 2563 860 2614 Pessimus
897 2567 1025 2614 enim
1062 2567 1117 2614 Ε.
1256 2564 1335 2615 33.
1375 2563 1433 2614 ab
1471 2580 1530 2615 eo
1566 2566 1745 2628 patitur
1781 2566 1861 2629 qni
1899 2572 1974 2614 est
2004 2560 2050 2610 λ.
2093 2566 2386 2629 Havercamp.

428 2630 545 2694 Cap.
582 2631 704 2681 xm.
782 2633 826 2682 1.
865 2632 1024 2696 inquis
1057 2634 1229 2695 Astest.
1267 2633 1458 2683 Buluzi'o
1497 2640 1539 2683 et
1574 2632 2034 2697 Heraldo)DEFGe[.
2095 2634 2281 2684 Vindob.
2321 2634 2496 2697 Effert.
2568 2634 2643 2681 in-

300 2698 441 2760 quitis
475 2696 870 2765 (Aanqilwede.
908 2701 1102 2761 (Oxou.)
1244 2700 1289 2749 2.
1341 2710 1534 2751 nostros
1585 2718 1628 2750 a.
1718 2701 1829 2750 illos
1864 2696 1909 2746 λ.
2009 2700 2128 2749 istos
2163 2702 2355 2752 flavere.
2507 2699 2558 2749 3.
2595 2707 2646 2749 ut

304 2779 422 2827 quos
457 2761 502 2812 ²·-
642 2770 691 2817 4.
729 2768 992 2832 neglegatis
1029 2764 1072 2817 λ,
1213 2769 1261 2817 5.
1299 2769 1557 2818 destruatis
1588 2764 1639 2815 λ.

1524 2901 1642 2950 nihil
1693 2901 1901 2949 numinis
1952 2900 2112 2949 inesse
2157 2860 2503 2965 simulassris‘f
2541 2905 2650 2947 cett.

1525 2968 1613 3016 Hic
1674 2976 1830 3016 autem
1889 2968 2146 3029 inlelligere
2206 2974 2279 3013 est
2343 2980 2654 3026 cognoscere.

1524 3036 1759 3083 Ammian.
1814 3033 2022 3082 Marcell.
2094 3032 2353 3091 „Librabit
2412 3032 2651 3093 suffragiis

1526 3103 1662 3166 puris
1712 3104 1881 3150 merita
1928 3108 2058 3150 recte
2103 3114 2341 3163 secusque
2388 3101 2654 3149 factorum:

1526 3169 1668 3219 facile
1706 3176 1756 3217 ut
1792 3169 1946 3217 sciant
1981 3168 2094 3221 boni
2132 3181 2184 3216 se
2219 3165 2470 3227 intelliqi.“
2533 3167 2654 3215 Ter·
2733 3214 2738 3219 ,

1523 3237 1630 3286 tull.
1678 3236 1748 3285 De
1785 3236 1906 3285 ldol.
1953 3250 2060 3297 cap.
2098 3232 2158 3282 21
2211 3234 2532 3293 „Timiditatis
2582 3242 2657 3282 est

1524 3313 1704 3362 autem,
1741 3318 1849 3353 cum
1886 3311 1932 3351 te
1969 3302 2090 3351 alius
2125 3316 2214 3364 per
2251 3302 2367 3350 deos
2387 3317 2505 3350 suos
2528 3300 2655 3349 obli-

376 2898 409 2945 i.
447 2906 494 2947 et
525 2902 713 2951 numina
748 2910 889 2952 erunt
918 2903 1119 2953 dicenda
1140 2896 1421 2966 supplicia]

311 2964 496 3041 Nempe
546 2970 652 3030 quia
686 2970 799 3019 deos
835 2971 1050 3020 efficiunt
1085 2980 1132 3019 et
1169 2972 1424 3019 conferunt

307 3031 614 3083 divinitatem.
693 3038 769 3086 Sic
814 3038 1142 3087 ad·artisscem
1181 3038 1422 3086 idolorum

304 3100 435 3149 libro
483 3101 543 3150 de
590 3103 752 3153 idolol.
803 3120 908 3169 esp.
944 3105 979 3155 6
1028 3106 1178 3163 „Plus
1226 3120 1278 3154 es
1325 3104 1423 3153 illis

300 3182 443 3231 quam
480 3172 723 3231 sacerdos,
759 3187 867 3222 cnm
903 3188 992 3236 per
1024 3183 1072 3222 te
1108 3173 1316 3222 habeant
1342 3186 1424 3221 sa-

300 3236 556 3286 cerdotem.
608 3238 859 3302 Diligentia
896 3248 975 3290 tua
1013 3255 1189 3290 numen
1227 3240 1423 3289 illorum

300 3304 424 3352 est.“
460 3305 699 3364 (Herald.)

365 3372 408 3418 k.
462 3375 543 3435 qui
580 3375 817 3424 Senecam
862 3375 1072 3439 aliquem
1120 3374 1341 3438 pluribus
1378 3381 1428 3424 et

298 3441 617 3489 amarioribus
655 3442 714 3490 de
745 3450 897 3491 vestra
916 3444 1260 3506 superstitione
1278 3456 1423 3505 pero-

248 3530 261 3535 ·
299 3513 476 3555 tantem
511 3507 943 3575 reprehendistis]
1001 3510 1209 3573 Scripsit
1241 3510 1424 3558 Seneca

300 3571 467 3623 librum
520 3584 694 3626 contra
746 3579 1133 3640 superstitiones.
1214 3577 1429 3626 Meminit

296 3640 537 3702 Angustia.
580 3643 654 3692 De
688 3644 789 3694 Civ.
827 3644 910 3693 Dei
950 3645 1021 3703 vl,
1064 3645 1125 3694 10
1161 3660 1268 3707 sqq.
1358 3643 1427 3692 De

294 3711 582 3769 pronomine
634 3713 811 3781 aliquis
857 3714 1038 3761 nomini
1088 3712 1289 3775 proprio
1339 3710 1426 3760 ad-

297 3776 390 3825 dito
424 3780 584 3828 notari
629 3780 688 3828 ad
728 3787 871 3842 caput
903 3792 1262 3842 praegressum.

359 3844 390 3893 l.
428 3860 551 3909 quas
592 3846 727 3896 milvi
764 3855 811 3895 et
846 3861 1009 3897 mures
1044 3856 1093 3897 et
1129 3859 1332 3897 araneae
1354 3845 1429 3894 in-

294 3909 545 3979 tellegunt}
598 3914 655 3963 ld
692 3922 784 3973 est,
820 3929 1022 3978 quarum
1058 3922 1308 3977 stuporem
1346 3927 1431 3961 co-

296 3990 544 4041 gnoscunt,
604 3989 662 4030 ut
706 3981 844 4031 vobis
891 3982 1113 4045 exemplo
1151 3995 1259 4031 esse
1311 3994 1432 4043 pos·

296 4045 401 4095 sint.
470 4050 634 4099 Plane
669 4049 887 4109 geminus
925 4057 998 4099 est
1033 4050 1294 4099 Clementis
1320 4047 1432 4096 Ale-

296 4113 504 4165 zaudi-ini
562 4117 714 4165 locus
766 4117 813 4164 in
851 4116 1151 4180 Protreptico
1206 4113 1278 4180 [p.
1302 4109 1463 4178 46.],.

295 4177 390 4237 ubl,
423 4188 696 4247 postquam
733 4185 984 4244 magnifica
1020 4183 1105 4233 illa
1141 4182 1436 4233 simulachra

294 4246 353 4294 ab
386 4248 741 4301 hirundinibus
792 4258 840 4299 et
874 4251 1110 4301 eiusmodi
1149 4249 1437 4301 animalibus

291 4316 528 4376 condigne
576 4318 784 4368 tractari
839 4318 970 4376 dixit,
1008 4319 1197 4368 adiicit:
1249 4306 1432 4395 „nugs

338 4398 371 4429 ν
407 4375 536 4432 οὐδ’
572 4377 755 4444 αὗτῆν
791 4378 892 4444 τὴν
917 4376 1292 4445 ἀναισθησίαν
1325 4396 1442 4431 των

291 4442 642 4517 ἀγαλμάτων
666 4445 727 4501 ἐκ
772 4443 1111 4502 ανθᾶνετε.“
1145 4453 1323 4504 Arnob.
1340 4450 1442 4500 adv.

288 4518 415 4569 Natt.
466 4520 556 4580 vl,
596 4516 710 4585 [16.
756 4534 771 4569 τ
831 4520 1152 4581 „Erubescite
1204 4535 1318 4582 ergo
1369 4517 1442 4567 vel

290 4601 400 4637 sero
449 4595 604 4653 atque
658 4588 721 4636 ab
776 4589 1101 4638 animantibus
1150 4588 1297 4638 mutis
1343 4586 1443 4635 vias

290 4655 493 4707 tationis
531 4656 767 4721 aecipite,
817 4655 1119 4720 doceantque
1154 4670 1238 4706 vos
1270 4653 1446 4706 eedem

1526 3381 1605 3435 gat
1642 3372 1878 3421 iuratione
1927 3371 1996 3419 vel
2036 3370 2191 3433 aliqua
2239 3370 2574 3418 testificatione
2610 3376 2658 3416 et

1527 3448 1577 3489 tu
1634 3454 1694 3491 ne
1741 3440 2027 3499 inlelleyaris
2091 3437 2354 3501 quiescis-‘⁸
2418 3434 2655 3497 (Herald.)

1526 3508 1696 3558 Sciunt
1731 3521 1826 3557 non
1853 3520 1962 3556 esse
1981 3506 2121 3563 deos,
2158 3503 2242 3553 sed
2273 3518 2402 3563 aera,
2439 3503 2510 3552 vel
2538 3517 2651 3552 saxa

1528 3575 1600 3625 vel
1641 3574 1786 3637 ligna.
1841 3573 1892 3622 ln
1931 3574 1989 3622 iis
2025 3587 2140 3633 ergo
2162 3571 2465 3620 nidulantur:
2505 3571 2654 3619 imme

1530 3644 1651 3691 haec
1686 3642 1808 3705 ipsa,
1865 3656 1988 3705 quae
2026 3653 2115 3703 pro
2152 3639 2245 3688 diis
2283 3639 2459 3697 colitis,
2497 3638 2656 3700 inqui-

1529 3710 1634 3759 nari
1685 3708 1973 3758 contumelia
2023 3720 2119 3755 non
2168 3715 2404 3754 verentur.
2475 3704 2660 3766 Nempe

1532 3778 1580 3826 id
1626 3777 1717 3824 sibi
1761 3791 1851 3839 per
1897 3777 2032 3839 ipsos
2080 3775 2275 3835 impune
2325 3774 2429 3821 iore
2476 3770 2659 3820 intelli-

1533 3850 1665 3905 gunt.
1756 3843 1858 3895 Huc
1901 3842 2112 3905 pertinet
2159 3839 2318 3901 lepida
2365 3838 2447 3887 illa
2499 3837 2658 3900 Priapi

1534 3910 1783 3960 Horatiani
1819 3910 2081 3958 deieratio:
2120 3907 2359 3965 „Mentior
2396 3913 2444 3954 at
2480 3904 2663 3969 siquid

1534 3977 1717 4027 merdis
1754 3984 1897 4038 capnt
1930 3976 2153 4039 inquiner
2187 3974 2309 4023 albis
2346 3970 2663 4023 Corvorum.“

1534 4044 1749 4106 (Rigalt.)
1828 4042 1998 4091 Minue.
2049 4041 2194 4090 Felic.
2244 4041 2404 4089 θεων.
2455 4055 2561 4103 cap.
2598 4038 2665 4089 24

1535 4114 1761 4173 „Quanta
1809 4125 1922 4160 vero
1971 4110 2030 4158 de
2079 4108 2170 4163 diis
2219 4110 2389 4157 vestris
2441 4106 2668 4156 animalia

1537 4187 1667 4229 muta
1704 4177 1985 4227 naturaliter
2007 4172 2259 4226 iudicant?
2294 4175 2471 4234 Mures,
2497 4174 2667 4222 hirun-

1532 4248 1696 4306 dines,
1732 4246 1860 4295 milvi
1896 4259 1993 4295 nou
2029 4244 2208 4293 sentire
2244 4257 2329 4293 eos
2364 4246 2539 4299 sciunt,
2577 4254 2667 4287 no-

1539 4323 1670 4375 runt,
1707 4314 1966 4372 inculcant,
2003 4310 2212 4361 insident
2246 4325 2320 4370 ac,
2373 4311 2462 4359 nisi
2502 4307 2667 4368 abiga·

1543 4383 1635 4439 tis,
1692 4382 1739 4429 iu
1788 4381 1896 4444 ipso
1941 4379 2018 4428 dei
2070 4378 2214 4427 vestri
2273 4391 2359 4427 ore
2407 4375 2668 4426 nidificant.

1544 4451 1760 4499 Araneae
1794 4461 1908 4497 vero
1946 4447 2116 4496 faciem
2154 4445 2259 4495 eius
2297 4446 2512 4493 intexunt
2539 4446 2587 4489 et
2611 4440 2670 4487 de

1546 4516 1654 4579 ipso
1704 4515 1860 4578 capite
1908 4528 1996 4563 sus
2043 4513 2126 4562 fila
2171 4508 2526 4575 suspendunt.“
2599 4504 2674 4554 Cf.

1544 4584 1758 4633 Lactant.
1796 4580 2095 4641 lustiLlL4.
2141 4579 2387 4640 Angustia.
2425 4578 2474 4625 in
2494 4571 2678 4625 Psalm-

1548 4650 1710 4701 cml.
1746 4649 1831 4699 101.
1869 4647 1986 4699 898.
2054 4646 2248 4698 Barucb.
2278 4644 2370 4760 VJ}
2392 4642 2471 4694 19.

2252 4727 2313 4777 11
