3263 5311
730 440 813 501 90
1235 454 1436 503 QUINTI
1480 453 1742 495 saprum
1786 454 2117 527 FLonEN'rls
2161 456 2552 500 TERTULLIAM

731 603 871 667 tiam
914 602 1153 665 alterius
1197 603 1321 680 agis
1366 610 1664 681 tamquam
1706 620 1830 664 non
1855 602 2254 667 Christianus:
2296 604 2450 666 ”sin
2489 623 2633 667 vero
2679 614 2740 667 et
2780 606 3059 672 dissimu-

728 704 945 767 laheris
965 751 981 778 ,
1045 702 1450 782 ²¹temptatus¹
1495 703 1761 765 addictus
1806 722 1891 764 es.
1981 703 2153 766 Certe
2209 706 2335 767 sive
2384 705 2494 767 hac
2536 706 2661 768 sive
2704 707 2864 783 illac,
2921 729 3058 772 reus

729 824 795 867 es
841 804 1209 867 confusionis
1252 803 1368 864 ²²in
1412 802 1547 865 deo.
1637 803 1753 875 Qui
1797 811 1992 865 autem
2037 806 2318 867 confusus
2376 824 2557 884 super
2597 827 2694 870 me
2737 810 2914 871 suerit
2953 829 3058 888 pe-

423 876 834 1000 MJth'ffiJnes
878 905 1184 978 hominm,
1253 912 1312 965 et
1356 922 1466 983 ego
1511 904 1837 966 confundar
1879 923 2062 983 super
2102 905 2235 980 illo,
2301 905 2524 985 inquit,
2597 926 2781 986 penes
2838 911 3061 990 patrem

466 1013 538 1063 ¹³,
578 1015 656 1056 ²6·
728 1025 943 1079 meum,
989 1005 1089 1085 qui
1132 1013 1227 1066 est
1270 1005 1329 1066 in
1375 1005 1575 1065 caelis.

461 1109 567 1161 Cap·
595 1107 697 1150 xlv·
893 1107 1009 1167 Sed
1102 1106 1257 1167 enim
1341 1106 1605 1186 plerique
1692 1106 1806 1167 iam
1884 1105 2244 1168 induxerunt
2322 1106 2519 1168 animo
2592 1108 3060 1186 ‘agnoscendum

724 1219 936 1281 esse·,
991 1207 1080 1268 ²si
1125 1206 1381 1287 quando,
1426 1226 1577 1287 quae
1619 1206 1858 1280 ethnici,
1903 1206 2153 1280 faciunt,
2218 1225 2294 1268 ne
2339 1227 2558 1270 nomen
2599 1208 3061 1287 blasphemetur.

722 1308 954 1370 Porrob
998 1308 1394 1386 blasphemia,
1461 1326 1612 1387 quae
1667 1307 1843 1370 nohis
1886 1306 2084 1369 ³omni
2138 1308 2318 1369 modo
2378 1308 2686 1370 devitanda
2728 1317 2853 1382 est,
2920 1311 3063 1373 haec

722 1411 938 1490 opinor
983 1416 1097 1483 est,
1138 1409 1226 1469 *εἰ
1271 1409 1371 1488 qui
1414 1417 1692 1471 nostrum
1732 1409 1804 1469 ad
1849 1408 2066 1469 iustam
2107 1408 2534 1489 blasphemiam
2599 1410 2901 1472 ethnicum
2953 1410 3060 1472 de·-

722 1510 898 1571 ducat
940 1519 1041 1572 aut
1082 1510 1286 1571 fraude
1326 1518 1431 1571 aut
1472 1510 1687 1571 iniuria
1743 1517 1846 1572 aut
1899 1510 2252 1574 contumelia
2306 1509 2773 1573 aliave-materia
2814 1511 3060 1589 ‘dignae

413 1670 522 1713 nom
567 1668 602 1711 u
635 1671 695 1711 Ἡ
717 1611 1044 1690 querelae·,
1090 1611 1150 1670 in
1194 1628 1307 1690 qua
1350 1628 1570 1671 nomen
1610 1611 1826 1672 merito
1869 1610 2228 1689 percutitur,
2277 1619 2343 1672 ut
2383 1611 2596 1673 merito
2640 1612 2929 1674 irascatur
2971 1611 3065 1672 ‘et

427 1700 632 1787 1es.‘t,11';
673 1699 1014 1778 5Idomin11s.
1104 1712 1373 1772 Ceterum
1442 1710 1541 1771 si‘l
1591 1712 1666 1773 de
1741 1712 1902 1773 omni
1963 1711 2328 1791 blasphemia
2371 1711 2591 1775 dictum
2641 1719 2753 1785 est,
2815 1712 3063 1774 'Vestra

410 1804 690 1915 ”gfff-²⁰
715 1832 891 1873 causa
935 1831 1152 1873 nomen
1196 1830 1391 1873 meum
1434 1811 1895 1893 blasphematur,
1940 1812 2204 1891 perimus
2250 1813 2533 1886 universi,
2577 1831 2710 1874 cum
2745 1820 2907 1873 totus
2940 1813 3060 1873 cir-

462 1928 489 1942 ·-
579 1904 591 1925 '
699 1904 819 1973 'cus
862 1910 1175 1973 ¹'scelestis
1219 1913 1513 1992 suffragiis
1569 1912 1732 1973 nullo
1784 1912 2003 1975 merito
2059 1930 2282 1974 nomen
2336 1913 2595 1975 lacessit.
2678 1913 3062 1987 Desinamus,

715 2022 773 2076 et
817 2033 935 2074 non
978 2014 1532 2094 blasphemabituv.
1589 2013 1812 2074 ”Immo
1857 2013 1998 2097 dum
2039 2032 2271 2088 sumuS,
2313 2012 2788 2094 blaspheme-tum
2835 2014 2896 2075 in
2944 2013 3078 2075 oh·

658 2771 667 2779 “
705 2774 843 2824 caius
878 2783 1021 2821 cansa
1056 2772 1142 2821 Be.
1244 2771 1295 2822 8.
1328 2771 1549 2821 caelestis
1586 2771 1709 2833 Bmy.

710 2217 792 2267 20.
828 2217 902 2267 sin
958 2232 1068 2267 vero
1117 2224 1165 2266 et
1210 2215 1591 2265 dissimulaberis
1639 2232 1737 2279 eqo.
1825 2216 1898 2265 sin
1947 2229 2058 2263 vero
2094 2223 2140 2264 et
2177 2215 2551 2265 dissimulaveris
2588 2216 2812 2275 Latinius,
2862 2216 2942 2265 Fr.
2980 2216 3062 2265 Ia·

707 2288 829 2336 nius.
901 2285 1153 2335 Enimvero
1190 2291 1238 2332 et
1272 2282 1655 2332 dissimulalieris
1689 2282 1813 2333 ABG.
1882 2283 2133 2331 Enimvero
2187 2283 2276 2332 etsi
2325 2283 2623 2333 simulaveris
2658 2299 2703 2333 a.

2808 2282 2893 2333 21.
2932 2291 3060 2332 tem·

706 2361 868 2418 ptatus
902 2354 951 2403 A.
1026 2352 1106 2403 22.
1146 2352 1192 2401 in
1230 2351 1426 2402 domino
1461 2347 1575 2409 (dfio
1610 2350 1682 2409 A.)
1718 2352 1798 2400 Ab.
1836 2350 1883 2398 in
1921 2351 2012 2399 deo
2049 2350 2163 2399 BCa.
2235 2351 2325 2400 deo
2361 2352 2439 2401 Fr.
2476 2352 2648 2401 Iunius.

844 2438 961 2500 Cap.
998 2436 1108 2486 xlv.
1184 2435 1227 2484 1.
1266 2434 1616 2496 agnoscendam
1656 2448 1765 2482 esse
1798 2435 1845 2484 Δ.
1920 2434 1977 2482 ad
2016 2434 2398 2495 cognoscendam
2438 2448 2545 2483 esse
2580 2434 2630 2482 B.
2702 2433 3060 2495 ignoscendum

707 2518 817 2554 esse
856 2504 960 2553 Gab.

707 2638 822 2689 nino
856 2638 1041 2702 reliqui.

705 2707 877 2756 merito
912 2705 1147 2756 irascatur
1180 2706 1232 2753 Α.

1030 2504 1076 2551 id
1114 2502 1456 2564 ignoscendum
1506 2516 1614 2551 esse
1651 2502 1779 2550 Fulv.
1818 2501 2026 2551 Ursinus.

707 2570 867 2633 doque
901 2571 951 2620 A.
1022 2571 1062 2618 si
1100 2570 1387 2633 quandoque
1422 2575 1470 2617 et
1503 2569 1554 2618 B.
1625 2568 1915 2632 quandoque
1952 2569 2026 2617 his
2063 2583 2187 2631 quae
2221 2569 2297 2618 Ca.

1148 2636 1196 2687 4.
1232 2637 1275 2687 si
1310 2636 1389 2701 qui
1424 2632 1538 2702 Αφ.
1614 2636 1655 2685 si
1693 2637 1801 2700 quis
1836 2633 1955 2699 (Αβ)
1991 2636 2177 2701 reliqui.

1368 2703 1414 2753 6.
1453 2704 1496 2753 ei
1531 2703 1755 2752 dominus
1791 2704 2066 2768 Leopotdus.

1826 2771 1873 2821 9.
1913 2771 2063 2820 lmmo
2112 2770 2224 2821 dum
2260 2785 2428 2821 sumus
2475 2770 2838 2835 blasphemetur
2876 2772 2930 2822 in
2967 2772 3063 2821 ob-

2143 2499 2190 2549 2.
2227 2502 2268 2551 si
2306 2502 2496 2565 quando
2533 2516 2654 2563 quae
2691 2503 2733 2551 b.
2817 2502 2859 2550 si
2901 2516 3064 2565 quan-

2401 2566 2450 2619 ³.
2487 2568 2617 2616 omni
2655 2566 2799 2617 modo
2818 2569 2872 2619 A.
2949 2583 3062 2617 om-

2279 2634 2328 2686 5.
2364 2636 2506 2698 digna
2557 2649 2676 2699 quae
2725 2636 2799 2703 cui
2842 2650 2946 2686 non
2984 2637 3062 2686 in·

2189 2702 2238 2752 7.
2272 2704 2416 2754 vestri
2465 2719 2606 2753 causa
2651 2693 2880 2765 Aquab.
2957 2719 3062 2763 vae,

702 2841 973 2892 servatione
1005 2839 1157 2890 Asca.
1226 2840 1378 2889 Immo
1427 2838 1821 2903 blasphemetur,
1867 2838 1983 2890 dum
2018 2853 2185 2889 sumus
2223 2841 2268 2889 b.

703 2988 818 3055 nus]
854 2993 903 3042 Si
939 2999 987 3040 te
1023 2990 1345 3040 Christianum
1384 3003 1493 3038 esse
1526 2989 1588 3038 ab
1624 2988 1830 3038 ethnicis

702 3075 798 3109 non
837 3061 1100 3120 ignoratur,
1136 3066 1300 3107 contra
1339 3058 1537 3106 alterins
1572 3057 1828 3106 conscien-

703 3128 814 3177 tiam
864 3121 995 3187 agifl
1044 3127 1221 3189 qnippe
1268 3125 1408 3174 aliter
1453 3139 1630 3185 agens,
1684 3137 1826 3187 quam

701 3196 784 3244 tibi
823 3209 877 3242 ex
913 3195 1005 3241 tide
1026 3193 1294 3241 Christiana
1324 3192 1558 3251 agendum
1588 3204 1697 3238 esso
1721 3192 1828 3238 eth-

701 3262 838 3310 nicus
876 3274 969 3308 non
1006 3259 1221 3319 ignorat:
1257 3257 1331 3306 sin
1367 3272 1479 3305 vero
1516 3264 1564 3305 et
1597 3257 1830 3306 dissimu-

701 3326 877 3377 laheris
927 3339 1036 3374 esse
1072 3323 1400 3383 Christianus,
1454 3332 1583 3372 certo
1619 3324 1666 3371 in
1704 3331 1829 3372 tem-

698 3394 962 3458 ptationem
1000 3391 1235 3448 incidisti,
1284 3397 1359 3449 et,
1406 3391 1515 3453 quia
1549 3397 1827 3454 temptatus,

698 3466 899 3526 peccato
937 3457 1153 3506 addictus
1189 3471 1257 3505 es.

762 3526 800 3573 l.
839 3519 1118 3588 temptatus]
1165 3522 1484 3587 Hyperbolico
1519 3538 1666 3572 sensu
1703 3522 1826 3572 dici-

697 3599 777 3642 tur
831 3594 890 3640 ah
939 3591 1259 3654 scriptoribus
1305 3589 1473 3640 sacris.
1556 3591 1647 3649 Qui
1696 3591 1822 3639 enim

696 3660 860 3710 incidit
897 3660 943 3708 in
981 3668 1227 3722 peccatum
1265 3658 1438 3707 dicitnr
1471 3672 1580 3706 esse
1616 3666 1825 3708 tentatus

696 3729 767 3778 vel
806 3728 1023 3778 addictus
1058 3733 1106 3775 et
1140 3726 1374 3775 obnoxius
1410 3725 1674 3781 tentationi.
1713 3726 1822 3789 qnia

694 3796 912 3847 videlicet
948 3795 1199 3844 succubuit
1235 3794 1326 3843 iam
1364 3794 1584 3843 tentatori
1609 3793 1821 3842 diabolo.

692 3862 754 3912 Et
788 3863 857 3926 ita
887 3863 1090 3925 explicui
1126 3862 1171 3911 in
1194 3861 1505 3910 Tertulliano.
1561 3862 1643 3911 Sic
1677 3862 1820 3911 etiam

696 3930 903 3993 cyrillus
946 3930 1261 3991 Hierosolym.
1300 3929 1544 3978 Cateches.
1585 3930 1617 3977 Ι.
1670 3930 1717 3977 in
1767 3941 1821 3978 re

695 3998 820 4059 gravi
859 4004 1056 4059 usurpat
1095 3997 1186 4044 hoc
1232 3996 1457 4045 verbum:
1509 3987 1557 4043 εἰ
1590 3987 1700 4059 γάρ
1737 4008 1822 4047 τις

692 4061 808 4110 τῶν
853 4055 1094 4110 ἐνταῦθα
1141 4059 1355 4127 νομίζοι
1399 4054 1673 4127 πειράζειν
1719 4056 1820 4119 τὴν

683 4123 873 4208 χάραξ,
923 4123 1120 4177 ἑαυτὸν
1164 4121 1347 4192 ἀπατᾷ
1392 4123 1483 4177 καὶ
1521 4123 1622 4188 τὴν
1659 4122 1818 4177 δόνα-

689 4211 790 4263 μιν
824 4195 1051 4260 myraei„
1092 4205 1139 4245 et
1174 4199 1394 4247 Amhros.
1427 4199 1493 4246 De
1531 4197 1671 4247 offic.
1696 4198 1730 4254 l,
1767 4197 1815 4245 5.

692 4265 819 4330 „Qui
856 4266 968 4313 talia
1003 4264 1133 4324 dicit,
1171 4278 1264 4313 non
1302 4274 1376 4313 est
1401 4266 1528 4314 mitis
1553 4273 1695 4327 atque
1724 4265 1815 4313 hn-

688 4332 836 4392 milis,
885 4345 979 4380 non
1017 4341 1092 4381 est
1126 4333 1231 4380 sine
1266 4333 1554 4392 tentatione;
1607 4338 1817 4380 tentator

690 4414 798 4449 eum
848 4399 1063 4460 exagitat.
1132 4399 1637 4463 l-lieronymus‘etiam
1691 4399 1814 4448 libro

686 4466 748 4516 ll.
801 4466 912 4515 Λᾶν.
965 4466 1108 4516 lovin.
1167 4467 1451 4530 saepissime
1503 4467 1812 4515 tentationem

686 4534 835 4583 sumit
883 4547 970 4596 pro
1017 4543 1229 4598 peccato.
1303 4534 1420 4584 Cum
1469 4533 1678 4595 petimus
1717 4547 1812 4582 non

686 4601 847 4652 induci
872 4601 918 4650 in
944 4603 1275 4658 tentationem,
1301 4609 1428 4650 certe
1454 4599 1663 4662 petimus
1687 4599 1812 4652 libe-

689 4670 783 4717 rari
820 4683 846 4717 a
882 4673 1097 4732 peccato.
1150 4668 1235 4726 (La
1272 4667 1462 4726 Corda.)

1982 2988 2099 3052 Cap.
2135 2988 2249 3038 xlv.
2319 3004 2363 3038 a.
2413 2986 2771 3050 agnoscendum
2809 2984 2957 3052 esse]
3009 2988 3063 3038 h.

1914 3070 1958 3106 e.
1994 3055 2534 3119 adprobandum-esse.
2606 3054 2868 3118 Pei-peram
2925 3056 3063 3105 enim

1915 3123 1962 3172 in
1999 3124 2198 3184 vulgatis
2234 3122 2524 3171 editionibus
2545 3122 2778 3184 scriptum
2806 3131 2887 3172 est
2916 3126 3063 3184 iono-

1911 3191 2130 3240 seendam
2175 3204 2312 3250 esse,
2365 3190 2492 3252 qnod
2543 3190 2828 3239 sententiam
2871 3191 3060 3240 turbat.

1913 3257 2086 3308 Nomen
2122 3271 2189 3305 ae.
2228 3257 2567 3306 Christianum.

1982 3324 2029 3391 b.
2084 3318 2260 3387 Porro]
2296 3323 2341 3371 h.
2379 3338 2422 3373 e.
2458 3324 2660 3384 atenim,
2695 3321 2756 3371 de
2794 3338 2898 3387 quo
2939 3338 3065 3387 par-

1895 3389 2086 3439 ticulae
2121 3391 2247 3453 apud
2289 3390 2636 3441 Tertullianum
2674 3404 2766 3440 usn
2801 3391 2929 3440 alibi
2968 3390 3063 3441 ad-

1910 3466 2127 3507 notatum
2173 3465 2261 3507 est.

1979 3539 2022 3576 c.
2068 3525 2240 3586 dignae
2288 3520 2536 3589 querelae]
2583 3522 2714 3572 Libri
2746 3521 3066 3585 Agebat-dini

1909 3600 2136 3655 corrupta
2187 3592 2280 3641 loci
2323 3593 2561 3654 scriptura
2614 3591 2688 3639 sic
2736 3591 3068 3641 emendanda

1909 3658 2121 3708 videtur:
2180 3660 2329 3709 aliave
2380 3660 2574 3708 materia
2615 3659 2760 3721 digna
2805 3660 3064 3720 querelae,

1908 3727 1985 3776 oui
2018 3742 2114 3775 non
2149 3728 2358 3776 inmerito
2396 3729 2627 3775 irascatur
2660 3732 2702 3773 et
2737 3725 2992 3776 dominns.

1975 3793 2026 3845 d.
2062 3793 2286 3842 Ceterum
2322 3788 2389 3856 si]
2422 3793 2660 3856 Alioquin,
2695 3791 2777 3850 ait,
2813 3792 2863 3840 si
2905 3793 3070 3843 vet-ha

1905 3860 2089 3910 domini
2134 3861 2275 3910 Vestri
2322 3875 2464 3911 causa
2510 3875 2674 3912 nomen
2722 3873 2884 3908 meam
2922 3861 3071 3912 letas-

1899 3930 2143 3993 phematar
2192 3928 2252 3976 de
2289 3931 2452 3990 quavis
2499 3926 2798 3990 blasphemia
2841 3925 2898 3975 in
2942 3942 3069 3978 eum

1903 3996 2074 4045 iactata
2122 4003 2236 4045 sunt
2271 3994 2618 4057 intellegenda,
2666 3992 2926 4057 pernicies
2965 4011 3074 4046 nos

1906 4063 2153 4112 universos
2201 4063 2372 4121 habet,
2425 4076 2531 4112 cum
2580 4070 2738 4119 totus,
2786 4068 2842 4109 ut
2899 4077 3074 4113 unum

1904 4129 2175 4192 exemplum
2214 4131 2428 4190 afferam,
2479 4131 2636 4179 circus
2669 4127 2907 4177 scelestis
2949 4132 3072 4179 sul*-

1903 4198 2069 4257 tragiia
2117 4198 2228 4255 dei,
2279 4199 2401 4245 idest
2449 4196 2802 4252 Christianum,
2863 4209 3073 4248 nomen

1902 4265 2020 4313 nihil
2060 4265 2280 4314 meritum
2331 4264 2526 4314 lacessit
2560 4270 2702 4325 atque
2749 4262 3071 4315 detestatur.

1901 4332 2138 4393 Suffragia
2176 4332 2320 4394 igitur
2355 4346 2451 4381 non
2487 4339 2604 4382 sunt
2640 4330 2828 4379 tavorcs
2874 4332 3073 4395 papuli

1900 4399 1948 4450 in
1986 4400 2116 4449 circo
2151 4399 2431 4462 spectantis,
2471 4407 2524 4447 ut
2558 4397 2751 4461 qnidam
2787 4396 3075 4463 interpre-

1899 4466 1985 4515 tati
2018 4471 2147 4526 sunt,
2184 4465 2270 4515 sed
2295 4465 2586 4529 praeiudicia
2617 4472 2665 4513 et
2686 4464 3079 4517 detestationes

1895 4539 2060 4582 sectae
2079 4533 2400 4592 Christianae,
2432 4548 2556 4597 quae
2591 4531 2658 4581 ibi
2691 4530 2837 4591 vulgo
2876 4534 3080 4584 audie-

1893 4597 2089 4651 bantur.
2168 4600 2244 4652 Gt'.
2303 4600 2486 4652 initium
2548 4614 2653 4664 cap.
2701 4597 2783 4647 40.
2852 4600 3078 4666 Apolo-

1897 4667 2052 4728 getici.
