3263 5311
726 414 852 481 288
1234 432 1437 484 ouum
1482 431 1745 476 snm-1111
1786 431 2114 476 monearis
2160 431 2555 477 'rnna-uuum

725 580 905 646 curus
950 590 1011 645 et
1050 581 1476 662 Pythagoras¹¹,
1555 581 1762 645 ”alius
1803 581 1933 645 ⁸⁰ex
1988 581 2145 662 igni,
2208 582 2385 661 ”qua
2427 580 2780 646 ⁴¹Hcraclito
2824 583 3075 649 ”visum

723 684 877 747 est⁵:
924 692 983 746 et
1009 682 1294 745 Platonici
1339 682 1578 763 quidem
1620 692 1924 746 curantem
1966 701 2169 746 rerum
2182 683 2232 756 ¹²,
2278 690 2489 747 contra
2504 681 2781 763 Epicu-ei
2813 686 3077 750 otiosum

724 795 787 848 et
827 783 1299 857 ”inexercitum,
1358 791 1419 846 et
1459 792 1527 846 ut
1567 784 1651 846 ita
1693 784 1979 858 dixerim,
2043 783 2440 847 ⁴¹3¹’neminem
2493 785 2771 849 humanis
2824 786 3074 864 rebus13

719 886 986 967 positum
1025 902 1169 947 vero
1215 895 1377 947 extra
1420 886 1710 947 mundum
1751 885 1994 948 “Stoici
2011 932 2027 960 ‚
2092 885 2195 966 qui
2249 886 2410 966 figuli
2464 887 2646 950 modo
2700 889 3072 955 extrinsecus

720 994 996 1067 torqueat
1046 986 1266 1048 molem
1320 987 1506 1061 banc3
1576 986 1733 1048 intra
1789 985 2074 1048 mundum
2116 986 2436 1063 Platonici,
2499 988 2602 1069 qui
2658 989 3074 1070 gubernatoris

723 1088 993 1168 exemplo
1036 1087 1248 1150 ⁴‘'inti-a
1291 1088 1352 1150 id
1406 1097 1644 1150 maneat
1682 1087 1902 1167 ⁴“quod
1955 1097 2139 1169 regat.
2249 1088 2362 1150 Sic·
2403 1097 2467 1150 et
2523 1090 2599 1152 (le
2653 1090 2790 1171 ipso
2843 1093 3071 1155 mundo

718 1196 897 1252 natus
941 1190 1257 1250 innatusve
1304 1189 1411 1263 sit,
1458 1189 1821 1251 decessurus
1866 1190 2416 1269 mansurusvensit,
2470 1190 2770 1254 valiant-¹.
2869 1193 2975 1256 Sic
3014 1203 3070 1257 et

711 1292 762 1327 ·⁴⁷
775 1291 852 1354 de
895 1292 1124 1353 anixnae
1169 1298 1358 1364 statu,
1404 1307 1579 1369 quam
1625 1289 1722 1352 alii
1765 1290 2020 1353 divinam
2065 1298 2127 1353 et
2153 1284 2485 1366 aeternam,
2530 1292 2627 1354 alii
2657 1293 3068 1357 dissolubilem

719 1392 1115 1465 contendunt,
1151 1399 1250 1452 'nt
1304 1391 1436 1470 quis
1493 1391 1715 1465 sensit,
1782 1391 1865 1452 ita
1905 1390 1951 1423 ⁴⁸
1962 1399 2023 1453 et
2076 1391 2274 1453 intulit
2326 1401 2435 1455 ant
2484 1394 2849 1457 reformavit.
2947 1395 3069 1458 Nec

717 1494 964 1565 mirum,
1012 1492 1062 1553 si
1107 1499 1278 1552 vetus
1307 1491 1865 1553 ”instrumentum-¹
1908 1492 2143 1572 ingenia
2184 1493 2684 1574 philosophorum
2713 1496 3067 1560 interverte—

715 1602 878 1658 runt.
942 1592 1030 1654 Ex
1058 1593 1275 1654 borum
1305 1592 1534 1655 semine
1561 1592 1796 1655 ”etiam
1824 1600 2092 1655 nostram
2120 1593 2274 1656 banc
2309 1594 2653 1658 novitiolam
2695 1604 3067 1677 paraturam⁰

715 1694 827 1756 viri
874 1693 1111 1774 quidam
1158 1694 1283 1756 suis
1331 1693 1714 1774 opinionibus
1759 1692 1832 1754 ad
1873 1692 2320 1776 philosophicas
2382 1698 2711 1760 sententias
2769 1697 3067 1761 adultera-

716 1802 966 1860 verunt}²
1009 1802 1070 1856 et
1112 1795 1185 1856 de
1227 1778 1346 1858 una
1386 1797 1478 1857 via
1521 1795 1561 1828 ⁸¹
1580 1794 1857 1875 obliquos
1899 1794 2123 1857 multos
2167 1795 2285 1858 ”et
2323 1794 3066 1876 inexplicabiles-tramites

717 1947 799 2000 38.
836 1947 961 1998 alins
993 1944 1112 1999 Am.
1159 1947 1352 1998 vindob.
1424 1947 1504 1998 alii
1541 1948 1876 2012 BBEGabcdes.
1910 1948 1976 1998 Er
2028 1956 2086 1999 rt.
2127 1949 2275 2000 Oxou.
2381 1949 2462 2001 39.
2499 1964 2557 2000 ex
2589 1951 2686 2014 igni
2720 1952 2847 2003 ABE.
2873 1953 3065 2004 Vin-deb.

713 2017 889 2079 Ersttrt.
971 2030 1027 2065 ex
1074 2017 1183 2077 igne
1230 2016 1524 2081 BFGobedes.
1559 2017 1750 2067 flavere.
1821 2015 1920 2078 igni
1990 2050 2001 2062 .
2127 2016 2210 2066 40.
2248 2032 2342 2081 qna
2377 2014 2619 2082 asemas.
2656 2019 2833 2083 Erfurt.
2874 2020 3068 2071 vindob.

716 2082 924 2148 qualiter
957 2084 1165 2134 DGbcde.
1269 2082 1353 2133 41.
1391 2083 1645 2134 Heracleto
1668 2078 1772 2134 aed.
1876 2081 1957 2132 42.
1995 2083 2147 2134 visum
2183 2092 2232 2133 et
2254 2085 2467 2135 Platoni:
2502 2093 2552 2135 et
2584 2085 2781 2150 quidem
2818 2094 3068 2138 curantem

712 2165 878 2201 rerum
916 2151 1146 2200 factorem
1183 2156 1232 2199 et
1265 2158 1477 2201 actorem
1514 2165 1678 2200 rerum
1702 2150 1880 2200 ‘contra
1915 2150 2109 2215 Epicuri
2156 2151 2367 2201 otiosum
2414 2160 2464 2203 et
2506 2153 2867 2205 inexercitatum
2904 2162 2971 2214 et,
3019 2161 3070 2205 ut

712 2220 779 2270 ita
814 2218 1032 2276 dixerim,
1068 2217 1309 2267 neminem
1347 2218 1395 2267 in
1433 2218 1579 2268 rebus
1614 2218 1839 2268 humanis
1872 2212 1919 2265 λ.
2027 2218 2111 2269 43.
2146 2219 2507 2272 inexercitatum
2538 2216 2618 2271 Ga.
2723 2220 2853 2271 4312.
2890 2222 3068 2273 immn-

711 2300 826 2336 nem
859 2286 919 2335 ab
957 2285 1180 2335 humanis
1215 2286 1344 2335 Fulv.
1370 2285 1579 2336 Ursinus.
1685 2285 1768 2335 44.
1807 2285 1959 2335 Stoici
1993 2309 2061 2322 -
2098 2312 2163 2323 -
2198 2312 2265 2323 —
2301 2287 2424 2337 intra
2461 2288 2692 2339 mnndum
2727 2289 2889 2340 canl).
2984 2289 3066 2340 45.

710 2354 838 2403 intra
875 2353 924 2403 id
956 2352 1158 2403 ABEFG.
1196 2352 1368 2416 Erfurl.
1411 2353 1602 2403 Vindob-
1707 2353 1831 2402 intra
1887 2351 2006 2402 illud
2053 2354 2272 2419 Dobedes.
2308 2356 2498 2407 flevere.
2572 2369 2585 2376 ·
2622 2355 2705 2406 46.
2742 2371 2867 2421 qnos
2899 2357 3064 2407 Amic.

705 2421 884 2484 Erfurt.
987 2419 1070 2468 47.
1109 2418 1248 2469 deam
1286 2421 1586 2470 maiestatem
1622 2420 1677 2469 Ε.
1700 2421 1875 2483 ΕνῙω-ε.
1977 2419 2061 2471 48.
2099 2428 2183 2471 ant
2217 2421 2376 2492 intulit
2410 2422 2523 2486 quid
2548 2430 2642 2474 *ant
2674 2418 2721 2470 λ.
2795 2424 2959 2475 intulit
2987 2430 3066 2474 ant

705 2487 882 2539 Dabcd.
972 2485 1057 2535 49.
1093 2493 1434 2539 testamentum
1470 2488 1519 2537 F.
1626 2487 1711 2537 50.
1747 2488 1891 2553 etiam
1925 2486 2106 2552 ABFGr.
2177 2495 2226 2537 et
2257 2489 2852 2556 DEabcaeAEae-[emoxon.
2872 2493 3065 2543 vindob.

709 2555 797 2605 Pro
833 2554 1019 2604 semine
1051 2557 1104 2603 in
1137 2555 1188 2604 B.
1225 2562 1294 2605 est
1326 2555 1524 2615 femine,
1557 2557 1610 2605 in
1640 2556 1691 2605 G.
1726 2556 1984 2605 foeminae.
2089 2555 2169 2605 51.
2208 2555 2397 2619 aliquos
2434 2557 2613 2607 multos
2648 2560 2703 2609 Ε.
2716 2559 2890 2623 Erssm.
2917 2560 3063 2611 Occu.

711 2620 795 2673 52.
832 2630 882 2673 et
915 2621 1278 2686 inexplicabiles
1314 2622 1530 2673 tramites
1565 2622 1813 2673 sciderunt
1844 2623 1987 2687 ABEr.
2019 2622 2260 2685 (Vindob.)
2281 2623 2457 2690 Errurt.
2525 2627 2743 2678 tramites
2777 2633 2824 2677 et
2861 2626 3063 2691 inexpli-

712 2689 895 2741 cabiles
931 2690 1210 2740 exciderunt
1242 2684 1288 2737 λ.
1365 2697 1413 2739 et
1449 2690 1812 2755 inexplicabiles
1849 2691 2096 2742 sciderunt
2131 2693 2182 2743 F.
2263 2701 2311 2742 et
2344 2692 2695 2746 inestimabiles
2730 2696 2949 2748 tramites
2984 2707 3064 2745 ex·

713 2757 933 2809 ciderunt
969 2760 1019 2809 G.
1088 2757 1306 2808 tramites
1343 2765 1391 2806 et
1427 2758 1790 2821 inexplicabiles
1825 2758 2075 2809 sciderunt
2108 2760 2311 2811 Debcde.

710 2892 820 2943 siol.
857 2892 1005 2944 Stoic.
1032 2893 1070 2954 l,
1099 2891 1149 2943 8.
1189 2892 1370 2954 uenag.
1408 2893 1467 2943 ad
1504 2891 1643 2956 Βίας.
1678 2894 1836 2944 Laert.

709 2961 832 3021 vlu,
862 2959 959 3010 135
988 2975 1096 3025 sqq.
1148 2960 1214 3009 De
1240 2960 1598 3011 Platonicorum
1630 2962 1722 3012 deo
1760 2963 1835 3012 in·
1858 2989 1869 2998 ,

712 3042 950 3093 corporeo
998 3043 1040 3077 r.
1077 3029 1306 3092 interprr.
1364 3028 1424 3079 ad
1463 3029 1561 3080 Cic.
1610 3029 1681 3079 De
1727 3029 1835 3079 Nat.

710 3095 856 3147 Deor.
881 3097 920 3153 1,
963 3095 1042 3145 12.
1104 3096 1222 3146 Plat.
1262 3096 1383 3146 Tim.
1420 3111 1468 3160 p.
1499 3095 1582 3147 51.
1617 3101 1671 3147 Α.
1698 3097 1835 3159 Diog.

708 3162 866 3214 Laert.
903 3163 988 3222 ΙΙΙ,
1026 3163 1106 3213 77.
1179 3164 1364 3213 Maxim.
1402 3165 1510 3226 Tyr.
1558 3164 1762 3214 Dissert.
1797 3165 1835 3213 1.

708 3225 836 3299 περὶ
879 3228 978 3278 τοῦ
1011 3225 1095 3283 τίς
1130 3223 1159 3277 ὃ
1193 3224 1325 3284 θεὸς
1356 3225 1497 3279 κατὰ
1533 3225 1802 3279 Πλάτωνα
1812 3245 1835 3289 ,·

707 3299 860 3348 ΑΙοίιι.
909 3298 1073 3348 Doctr.
1126 3297 1245 3347 Plat.
1295 3312 1400 3362 cap.
1454 3298 1531 3348 10.
1584 3298 1725 3364 Apul.
1773 3300 1835 3349 de

707 3365 879 3427 Dogm.
918 3365 1038 3414 Plat.
1066 3365 1106 3425 1,
1130 3365 1177 3413 5.
1217 3366 1290 3415 Ct‘.
1328 3365 1503 3417 Minue.
1537 3366 1642 3416 Fel.
1669 3367 1831 3416 octav.

709 3447 814 3496 cap.
856 3430 934 3482 19.
972 3439 1018 3481 et
1054 3432 1119 3482 ibi
1156 3432 1386 3498 interprr.

778 3517 827 3564 b.
864 3530 955 3579 qua
1003 3515 1242 3579 Epicurus
1295 3525 1344 3573 et
1379 3512 1694 3582 Pythagoras]
1764 3515 1833 3582 De

705 3583 901 3648 Epicuri
937 3583 996 3633 de
1033 3584 1124 3633 deo
1161 3585 1391 3648 opinione
1425 3599 1465 3632 v.
1503 3583 1639 3645 Diog.
1670 3586 1832 3637 Laert.

703 3652 763 3713 X,
803 3648 915 3700 139.
965 3650 1063 3701 Cic.
1103 3651 1172 3701 De
1217 3653 1322 3703 Nat.
1370 3650 1514 3700 Deor.
1553 3650 1591 3712 1,
1633 3651 1697 3701 10
1722 3667 1828 3716 sqq.

703 3718 895 3770 Lucret.
945 3718 996 3779 V,
1048 3719 1143 3768 157
1177 3732 1285 3783 sqq.
1340 3718 1409 3767 De
1458 3718 1754 3781 Pythagorae
1788 3734 1828 3769 v.

700 3786 840 3849 mog.
874 3787 1033 3836 Laert.
1069 3785 1189 3846 Vlll,
1227 3785 1292 3834 25
1320 3800 1395 3849 sq.
1435 3800 1542 3835 eum
1580 3787 1828 3851 interprr.,

701 3854 827 3905 Plnt.
861 3854 932 3903 De
969 3853 1133 3902 Placit.
1175 3852 1352 3902 Philus.
1392 3852 1452 3914 ΙΙ,
1489 3852 1536 3905 3.
1573 3852 1622 3904 6.

768 3939 801 3986 i.
839 3952 932 4001 qua
967 3927 1208 3986 Heraclito
1244 3937 1396 3988 visum
1437 3934 1533 4001 est]
1601 3939 1651 3987 V.
1691 3939 1829 4002 Diog.

701 4003 863 4053 Laert.
901 4004 979 4064 lx,
1016 4004 1045 4052 7
1071 4020 1178 4069 sqq.
1243 4004 1365 4055 Plut.
1405 4005 1472 4055 De
1509 4005 1673 4056 Placit.
1709 4006 1825 4057 Phi-

703 4069 896 4134 losopb.
933 4069 973 4130 l,
1011 4070 1059 4120 3.

768 4154 814 4202 k.
853 4161 901 4203 et
936 4152 1168 4204 Platonici
1218 4154 1413 4219 quidem
1460 4165 1706 4207 curantem
1745 4172 1824 4208 re-

699 4216 832 4283 rum]
871 4221 918 4271 V.
947 4220 1066 4271 Plat.
1095 4222 1216 4270 Tim.
1236 4237 1283 4287 p.
1307 4221 1389 4271 28.
1419 4223 1557 4286 Apul.
1575 4224 1636 4278 de
1656 4224 1824 4287 nogm.

700 4287 819 4338 Plat.
861 4288 898 4349 l,
934 4287 980 4338 5.
1019 4289 1094 4339 Cf.
1130 4289 1302 4340 Minue.
1350 4290 1452 4339 Fel.
1500 4290 1663 4342 Octav.
1719 4308 1825 4358 cap·

703 4355 785 4408 19.
821 4365 869 4406 et
901 4356 1116 4407 Lactant.
1165 4357 1282 4407 inst.
1316 4357 1418 4409 Div.
1453 4357 1540 4421 111,
1578 4360 1659 4409 17.
1714 4375 1824 4412 cum

699 4424 1061 4491 interpretibus.

766 4510 799 4560 1.
835 4512 1076 4562 neminem
1104 4501 1328 4562 humanis
1349 4508 1522 4581 rebus]
1549 4503 1824 4582 ἀλειτούρ-

695 4591 883 4644 γητον.
938 4580 985 4629 V.
1022 4580 1158 4642 Diog.
1195 4580 1353 4632 Laert.
1388 4582 1442 4646 X,
1480 4583 1561 4634 77.
1598 4598 1709 4634 cnm
1743 4583 1823 4633 in-

697 4654 871 4712 terprr.
898 4649 1085 4700 Lueret.
1126 4647 1162 4710 Ι,
1191 4647 1377 4716 60sq‘q.
1417 4658 1466 4701 et
1497 4651 1560 4712 ll,
1596 4650 1820 4715 Msssqq.

1941 2894 2040 2944 Cic.
2078 2895 2138 2944 tle
2174 2895 2281 2945 Nat.
2316 2895 2460 2945 neor.
2500 2896 2538 2956 1,
2554 2895 2618 2945 37
2645 2911 2753 2961 sqq.
2790 2897 2866 2946 Ci.
2889 2897 3061 2949 Minue.

1940 2961 2040 3010 Fel.
2080 2962 2241 3012 Octav.
2278 2963 2310 3011 l.
2348 2962 2379 3013 l.
2417 2977 2527 3013 cam
2564 2965 2790 3028 interprr.

2009 3045 2072 3078 m.
2109 3024 2330 3095 variant]
2385 3031 2457 3080 De
2492 3031 2567 3081 bis
2592 3039 2641 3081 et
2674 3031 2916 3082 similibus
2952 3033 3062 3097 pbi-

1939 3096 2259 3161 losophorum
2295 3098 2356 3147 cle
2392 3098 2571 3149 maudo
2609 3099 2798 3163 placitis
2834 3099 2896 3149 ef.
2936 3100 3060 3149 Plut-

1938 3165 1999 3213 cle
2035 3164 2201 3216 Placit.
2232 3165 2413 3216 Philus.
2440 3165 2500 3225 11,
2528 3165 2575 3215 4.
2616 3166 2714 3217 Cic.
2740 3167 2885 3217 Tusc.
2920 3166 3061 3228 1,29.

1936 3231 2073 3282 Plato
2110 3233 2232 3282 Tim.
2271 3247 2318 3297 p.
2351 3232 2435 3282 41.
2471 3234 2608 3297 Apul.
2646 3234 2707 3284 de
2733 3233 2904 3297 Dogm.
2942 3236 3064 3286 Plat-

1936 3299 1975 3358 l,
2001 3298 2051 3349 8.
2087 3301 2201 3350 Seu.
2229 3300 2426 3351 Consol.
2464 3302 2525 3350 ad
2556 3300 2719 3364 Polyb.
2756 3317 2864 3366 cap.
2895 3301 2978 3351 20.
3017 3309 3066 3353 et

1934 3366 2038 3415 Nat.
2078 3368 2277 3426 Quaest.
2309 3367 2394 3426 ΙΙΙ,
2421 3367 2504 3418 29.
2541 3368 2803 3433 Philargyr.
2845 3370 2906 3420 ad
2942 3370 3061 3419 Ver-

1934 3432 2017 3495 gil.
2055 3434 2231 3496 Georg.
2268 3435 2328 3494 ΙΙ,
2365 3434 2414 3485 6.
2450 3435 2572 3485 Plin.
2598 3436 2656 3486 Η.
2690 3436 2812 3496 N..l‚
2842 3437 2887 3486 1.
2926 3438 3059 3502 Lipe.

1936 3500 2145 3563 Physiot.
2173 3503 2322 3552 Stoic.
2347 3503 2409 3562 ll,
2435 3501 2516 3552 20.
2541 3503 2652 3562 (vol.
2671 3504 2743 3562 lv,
2770 3517 2818 3568 p.
2835 3504 2933 3554 951
2952 3519 3062 3569 sqq.

1888 3602 1895 3606 ·
1935 3568 2010 3617 ed.
2050 3569 2224 3629 Vesci.)
2258 3569 2439 3619 Tatian.
2477 3571 2610 3621 Orat.
2648 3571 2707 3620 ad
2745 3572 2916 3622 Graec.
2954 3588 3062 3637 cap.

1932 3634 2016 3684 41.
2066 3636 2216 3685 Clem.
2253 3636 2505 3688 Alexandr.
2553 3653 2602 3702 p.
2639 3638 2755 3688 711.
2809 3639 2884 3688 ed.
2938 3639 3062 3690 Pott.

1932 3701 2103 3753 Minue.
2143 3704 2242 3754 Fel.
2281 3704 2442 3754 Oetav.
2479 3720 2585 3769 cap.
2614 3704 2696 3756 34.
2732 3706 2911 3756 arnob.
2948 3707 3061 3757 Λᾶν.

1929 3770 2056 3820 Natt.
2095 3770 2154 3831 ll,
2190 3770 2272 3821 56.
2331 3773 2546 3824 Lactant-
2584 3772 2699 3823 lnst.
2738 3773 2835 3823 Div.
2872 3774 2938 3836 ll,
2979 3775 3059 3824 10.

1933 3852 2042 3888 cum
2077 3839 2306 3903 interprr.

1998 3920 2048 3957 n.
2087 3914 2221 3956 vetus
2257 3905 2651 3971 instrumentum]
2688 3908 2885 3959 Sacram
2931 3910 3058 3960 scri·

1929 3981 2120 4038 pturam
2142 3974 2338 4038 saepius
2354 3977 2706 4026 instrumentum
2738 3986 2891 4027 vocat.
2942 3977 3055 4027 Λᾶν.

1931 4042 2064 4090 Prax.
2104 4056 2209 4106 cap.
2236 4040 2318 4091 20.
2355 4042 2763 4102 „instrumentum
2800 4044 3057 4109 utriusque

1929 4110 2256 4160 testamenti.“
2318 4109 2427 4160 adv.
2465 4109 2607 4160 Herc.
2634 4111 2708 4170 w,
2736 4111 2760 4160 1
2801 4111 3058 4173 „Alteram

1929 4177 2129 4227 alterius
2149 4177 2473 4239 instrumenti,
2500 4178 2576 4228 vel
2603 4179 2732 4242 quod
2760 4179 2917 4242 magis
2943 4179 3057 4229 nani

1928 4251 2004 4293 est
2037 4245 2216 4306 dicere,
2251 4244 2581 4312 testamenti.⁴‘
2629 4245 2702 4297 Cf.
2739 4260 2863 4312 quae
2888 4247 3059 4297 -adno-

1929 4312 2017 4361 tari
2054 4327 2203 4377 snpra
2236 4312 2315 4362 ad.
2352 4325 2458 4377 cap.
2500 4312 2579 4363 18.

1994 4394 2039 4429 o.
2066 4379 2354 4430 «novitiolam
2390 4375 2693 4445 paraturam}
2762 4380 2862 4432 ct·
2886 4380 3056 4431 adnot.

1925 4447 1987 4498 atl
2021 4446 2091 4497 De
2125 4451 2346 4513 spectac.
2382 4461 2489 4513 cap.
2525 4449 2574 4499 4.

1988 4529 2042 4580 p.
2078 4516 2138 4566 acl
2183 4515 2553 4581 philosophicas
2597 4515 2862 4567 sentemiu
2910 4513 3057 4566 adnl-

1923 4579 2221 4650 teraverunt]
2255 4583 2538 4635 Haereticos
2558 4584 2811 4647 significat,
2835 4597 3052 4648 quornm

1921 4651 2222 4716 patriarchas
2246 4651 2573 4719 philosophos
2594 4652 2713 4703 alibi
2732 4651 2867 4703 (licit.
2902 4652 3058 4703 ffl-
