3263 5311
1004 422 1084 467 D}
1126 421 1457 469 Vllfllflfflss
1501 421 1809 471 Vm&

2456 404 2587 477 805

193 576 368 637 'cum
407 570 488 635 sit
527 588 750 637 nomen
794 570 1126 639 secundnm
1166 579 1473 646 naturum,
1525 572 1863 637 commun‘u
1917 579 2013 635 est
2066 580 2128 637 et
2164 572 2265 637 lex
2304 590 2432 639 non
2474 591 2583 636 ve-

237 672 394 735 landi
436 671 569 735 eius
612 670 714 751 qui
755 670 916 735 inter
957 672 1119 735 viros
1152 672 1318 754 virgo
1347 682 1469 748 est,
1515 673 1845 739 secundum
1877 672 2283 755 disciplinam,
2324 692 2430 737 cur
2459 693 2584 739 non

234 771 696 854 praeiudicatum
756 772 836 834 sit
885 773 1139 854 proinde
1193 783 1255 837 et
1306 773 1652 841 ‘mulierem
1705 773 1992 854 virginem
2054 792 2297 837 omnem
2338 775 2584 841 muiiere

233 873 534 939 mannate
574 872 867 936 contineri
897 873 1207 937 consortio
1237 875 1532 949 nominis,
1576 884 1646 939 ut
1672 874 2045 941 contineatur
2072 882 2136 936 et
2163 874 2583 939 communion·

233 972 429 1054 legis?
516 972 586 1035 Si
627 974 794 1054 virgo
837 974 1050 1041 mulier
1089 990 1216 1039 nou
1258 985 1386 1050 est,
1428 994 1541 1038 nec
1582 975 1675 1039 vir
1712 975 1965 1039 investis
1994 984 2107 1038 est.
2180 975 2247 1038 Si
2276 993 2399 1039 non
2428 994 2579 1057 ope-

231 1076 385 1139 ritur
426 1075 623 1154 virgo,
667 1074 801 1155 quis
847 1075 1061 1141 mulier
1100 1094 1227 1141 non
1270 1076 1381 1152 sit,
1444 1077 1750 1157 opedam
1802 1077 2083 1152 investis,
2148 1076 2288 1156 quia
2327 1076 2418 1139 vir
2456 1094 2583 1143 non

233 1176 332 1241 sit.
411 1174 700 1241 Eiusdem
742 1175 1094 1256 virginitatis
1136 1195 1324 1257 aequa
1366 1177 1448 1240 sit
1486 1179 1677 1241 vania.
1762 1178 1935 1241 Sicut
1986 1178 2248 1257 virgines
2303 1195 2428 1241 non
2469 1195 2579 1243 co·
2616 1210 2627 1223 ·

233 1284 450 1357 guntur
491 1276 710 1351 velari,
755 1277 835 1339 ita
875 1277 1048 1357 pueri
1089 1297 1213 1341 non
1257 1277 1568 1341 iubeantur
1605 1279 1875 1342 revelari.
1942 1279 2062 1341 Cur
2104 1297 2175 1341 ex
2218 1286 2389 1358 parte
2431 1279 2575 1343 ''de-

231 1377 562 1443 finitionem
602 1377 861 1457 apostoli
903 1379 1285 1459 agnoscimus
1328 1379 1663 1443 absolutam
1707 1370 1861 1443 circa
1903 1398 2142 1443 omnem
2187 1380 2409 1454 virum,
2469 1398 2583 1445 nec
2670 1423 2681 1431 ·

238 1478 691 1543 ‘retractamus‘
745 1497 928 1560 quare
985 1498 1114 1543 non
1165 1488 1228 1543 et
1284 1498 1537 1560 puerum
1598 1481 1949 1555 nominarit,
2017 1500 2088 1543 ex
2148 1488 2318 1561 parte
2381 1490 2579 1547 eutem

231 1579 734 1660 praevaricamur,
777 1598 965 1661 aeque
1009 1580 1278 1643 absoluta
1325 1601 1393 1645 ea
1435 1582 1589 1644 circe
1634 1601 1871 1645 omnem
1902 1579 2259 1645 mulierem?
2324 1580 2389 1643 Si
2417 1582 2576 1663 quis,
2596 1588 2887 1658 mannas.

231 1680 449 1761 inquit,
514 1680 926 1745 contentiosus
983 1691 1107 1755 est,
1182 1700 1297 1745 nos
1343 1683 1520 1745 talem
1562 1683 2052 1747 consuetudinem
2095 1700 2220 1747 non
2262 1682 2576 1758 habemus,

232 1797 424 1863 neque
465 1781 717 1845 ecclesia
759 1782 876 1845 dei.

987 1781 1265 1847 Ostendit
1306 1783 1750 1847 contentionem
1804 1783 2060 1863 aliquam
2100 1782 2178 1845 de
2219 1783 2334 1847 ista
2378 1786 2579 1865 specie

230 1883 419 1947 ruisse
460 1882 536 1945 ad
578 1901 755 1962 quam
799 1883 1252 1964 extinguendam
1298 1893 1426 1949 toto
1470 1884 1825 1965 compendio
1870 1902 2017 1947 usus
2050 1893 2174 1956 est,
2216 1903 2411 1964 neque
2453 1887 2577 1951 vir·

230 1984 426 2064 ginem
465 1983 817 2058 nominans,
878 1991 944 2046 ut
997 1985 1346 2047 ostenderet
1399 1984 1784 2049 dubitandum
1842 1985 1917 2047 de
1958 1985 2202 2047 velanda
2246 2003 2369 2049 non
2415 2004 2576 2062 esse,

231 2093 294 2147 et
331 2103 569 2147 omnem
612 2084 928 2154 nominans
969 2085 1310 2159 mufierem,
1371 2103 1506 2147 cum
1549 2087 1926 2148 nominasset
1966 2086 2274 2165 virginem.
2375 2086 2476 2149 Sic
2516 2095 2579 2151 et

230 2186 348 2267 ipsi
391 2184 684 2249 Corinthii
728 2185 1163 2249 intellexerunt.

1269 2185 1461 2247 Hodie
1505 2186 1761 2266 denique
1803 2186 2060 2265 virgines
2102 2204 2243 2249 suas
2287 2186 2580 2255 Corinthii

229 2286 441 2349 velant.
525 2285 722 2359 ⁹Quid
763 2286 1076 2351 docuerint
1116 2287 1376 2367 apostoli
1420 2287 1573 2367 ¹⁰qui
1616 2287 1952 2351 didicerunt
1998 2286 2400 2367 ”approbant

398 2387 712 2449 Videamus
758 2406 947 2462 nunc,
1012 2406 1088 2449 an
1133 2387 1289 2450 sicut
1328 2395 1574 2449 naturae
1618 2396 1679 2449 et
1722 2406 1936 2450 causae
1978 2397 2321 2466 argumenta
2366 2387 2578 2467 virgini
2615 2401 2815 2459 capax.

231 2506 470 2569 quoque
513 2498 852 2568 competere
894 2487 1394 2563 memoavimus,
1439 2490 1518 2550 ita
1563 2489 1738 2553 etiam
1769 2486 2114 2569 discipliuae
2144 2488 2578 2553 ecclesiasticae

229 2588 600 2672 praescripta
656 2590 729 2651 de
783 2589 1034 2652 muliere
1082 2589 1176 2652 'in
1230 2589 1516 2669 virginem
1569 2589 1930 2672 'spectant·.
2016 2589 2150 2651 Non
2215 2590 2580 2671 permittitur
2605 2563 2659 2659 xi

229 2690 462 2754 mulieri
505 2690 568 2753 in
613 2692 860 2754 ecclesia
903 2690 1130 2771 loquib,
1188 2691 1295 2753 sed
1338 2709 1449 2753 nec
1491 2691 1744 2766 docere,
1802 2710 1915 2754 nec
1966 2692 2264 2771 tinguere,
2324 2710 2437 2752 nec
2478 2693 2575 2753 of·

226 2793 417 2867 terre,
460 2810 571 2855 nec
613 2792 792 2858 ullius
834 2792 1018 2856 virilis
1063 2792 1357 2867 muneris,
1405 2791 1660 2855 ³nedum
1703 2793 2086 2855 sacerdotalis
2132 2792 2310 2854 officii
2347 2779 2575 2855 sortem

227 2944 282 2995 6.
316 2945 568 2996 mulierem
617 2946 737 2996 delet
780 2946 824 2995 V.
861 2946 916 2996 D.
950 2948 1002 2996 in
1033 2945 1226 2997 Hisceil.
1268 2946 1478 2996 observo.
1524 2945 1620 2995 Vol.
1636 2946 1716 2995 111.
1752 2952 1860 2995 tom.
1879 2945 1916 2996 1.
1950 2961 1996 3008 p.
2018 2942 2101 2995 48.
2219 2944 2267 2994 7.

2323 2945 2575 2996 diffinitio·

226 3028 340 3064 nem
373 3014 529 3064 Alica.
608 3012 659 3063 8.
694 3021 1012 3064 retractemus
1047 3015 1113 3073 d„
1151 3029 1210 3063 ez
1230 3015 1642 3064 consummamini.
1712 3013 2036 3063 detractcmus
2068 3012 2278 3064 ABCobc.
2357 3013 2406 3063 9.
2443 3015 2575 3078 quod

224 3080 453 3143 Rigaltius
486 3083 538 3130 in
569 3082 804 3131 addendis
838 3097 952 3132 suae
985 3082 1220 3131 editionis.
1315 3080 1393 3130 10.
1431 3081 1547 3145 quid
1580 3080 1837 3140 didicerint
1869 3080 1957 3132 AB.
2051 3079 2129 3130 11.
2166 3081 2490 3144 approbantes
2527 3083 2574 3133 d.

366 3149 482 3213 Cap.
521 3147 598 3198 ΙΧ.
671 3149 716 3199 1.
754 3148 801 3197 in
838 3150 990 3218 delent
1025 3149 1094 3211 3„
1134 3156 1176 3198 et
1213 3149 1537 3212 10⁸..5001590n

227 3228 292 3265 ne
328 3215 425 3266 duo
457 3215 599 3278 Aac„
639 3223 684 3266 ct
717 3217 829 3267 libri
862 3217 1069 3270 Rhe-eni
1102 3231 1274 3267 omnes.

297 3365 340 3399 c.
376 3344 722 3415 retractamus]
774 3348 904 3400 Libri
956 3357 1140 3401 veteres
1175 3350 1356 3400 babent

222 3418 554 3478 damam,
604 3418 733 3482 quod
782 3417 1024 3468 vindicare
1058 3418 1219 3468 studet
1253 3419 1350 3468 Lu-

221 3484 335 3536 dov.
358 3484 418 3533 de
444 3483 489 3533 le
504 3484 658 3534 Cei-da
682 3485 892 3548 positum
918 3500 1006 3549 pro
1030 3492 1348 3546 retractamus,

221 3553 438 3604 afferens
474 3550 634 3601 locum
670 3553 738 3602 Ad
771 3553 913 3602 Uxor.
952 3551 1010 3612 u,
1033 3551 1064 3601 2
1119 3553 1197 3602 ubi
1237 3567 1351 3617 pars

219 3620 484 3680 librorum,
520 3619 607 3669 sed
631 3634 726 3670 non
747 3620 1023 3681 meliorum,
1062 3620 1204 3670 hebet
1225 3621 1353 3680 „de-

219 3694 426 3738 tractate
460 3696 509 3737 et
544 3696 702 3737 exerta
722 3689 957 3738 sententis
978 3687 1103 3738 est.“
1158 3687 1246 3737 Cui
1269 3701 1350 3736 ex-

219 3755 478 3819 plicationi
527 3756 734 3805 fortasse
782 3756 908 3807 favet
957 3755 1056 3805 Vet.
1094 3755 1252 3806 Gloss.
1303 3755 1351 3803 in

214 3829 344 3884 Aug.
381 3821 488 3872 Maii
524 3826 658 3873 Auct.
695 3822 850 3874 Ciass.
901 3832 1018 3873 tom.
1056 3824 1125 3872 Vt.
1177 3837 1223 3886 p.
1250 3821 1351 3872 520

215 3890 518 3953 „Deo-accat,
555 3898 789 3952 retractat,
834 3891 1077 3942 recusat.“

293 3957 414 4021 Cap.
451 3957 527 4008 lx.
592 3973 633 4007 a.
671 3954 934 4023 spectent]
976 3959 1186 4022 Reposui
1223 3955 1350 4008 indi-

219 4025 449 4141 cativuzm.
519 4025 595 4075 ct.
632 4026 816 4077 adnott.
852 4026 912 4077 ad
947 4026 1030 4077 tib.
1064 4027 1135 4076 Ad
1163 4025 1351 4091 Martyr.

219 4107 339 4156 cap.
399 4129 413 4143 .

293 4161 344 4209 h.
379 4159 487 4211 Non
524 4161 818 4224 permittitur
851 4160 1041 4212 mulieri
1079 4161 1126 4210 in
1146 4158 1352 4211 ecclesia

213 4226 388 4293 loqui]
440 4229 655 4279 Moribus
690 4228 920 4278 Romanis
964 4237 1212 4293 receptum
1263 4235 1354 4289 est,

213 4302 274 4346 nt
314 4295 525 4347 feminee
560 4296 779 4347 civilibus
816 4296 990 4346 officiis
1025 4311 1119 4346 non
1148 4298 1354 4359 fungen-

211 4371 324 4423 tur,
361 4379 459 4414 non
495 4365 605 4429 quia
643 4379 740 4414 non
775 4364 954 4414 hebent
981 4364 1228 4425 iudicium,
1263 4363 1352 4414 sed

212 4444 290 4481 ne
328 4439 497 4482 contra
534 4433 773 4496 pudorem
825 4444 971 4481 sexus
1005 4439 1350 4494 congruentem

209 4497 446 4550 virilibus
467 4500 642 4550 officiis
663 4514 719 4550 se
738 4500 1054 4550 immisceant.
1093 4500 1352 4565 Propterea

208 4580 339 4618 vero
390 4567 596 4620 ecclesie
645 4582 838 4632 quoque
892 4566 953 4616 ab
989 4566 1205 4617 virilibus
1244 4581 1353 4617 mu-

209 4634 429 4687 neribus
491 4636 809 4687 removendas
875 4634 1078 4686 censuit.
1153 4631 1354 4688 ‘Etenim

1643 3146 1692 3197 2.
1728 3155 1949 3212 spectent
1985 3149 2060 3199 cd.
2098 3155 2190 3198 tres
2235 3149 2454 3200 Vaticani.
2525 3147 2575 3200 3.

1453 3348 1663 3413 spostoli
1698 3349 1856 3400 edicto
1893 3351 2192 3400 continetur:
2228 3350 2489 3410 „Mulieres
2527 3354 2575 3404 in

1452 3418 1657 3468 ccclesia
1696 3419 1827 3482 ioqui
1864 3417 2032 3467 noio.“
2086 3419 2224 3477 Quod
2246 3419 2437 3469 verbum
2466 3435 2576 3472 cum

1452 3484 1516 3535 sit
1550 3486 1794 3546 generale,
1831 3485 2198 3550 comprehendit
2221 3487 2381 3536 omnia
2405 3489 2576 3550 virilis,

1453 3553 1502 3602 in
1550 3552 1728 3620 quibus
1775 3560 1889 3603 sunt
1947 3560 1993 3603 et
2047 3554 2380 3604 sacerdotalis.
2469 3556 2576 3610 Nou

1452 3622 1747 3683 permittitur
1801 3621 1990 3671 mulieri
2058 3621 2105 3671 in
2160 3622 2367 3673 ecclesia
2423 3623 2576 3688 loqui,

1453 3694 1568 3750 puta
1606 3703 1695 3738 nec
1728 3689 1982 3749 sciscitari,
2021 3703 2110 3738 nec
2144 3689 2421 3754 disputare3
2463 3707 2575 3742 nam

1452 3755 1574 3804 baec
1609 3756 1813 3805 virilium
1850 3764 1963 3806 sunt
1986 3770 2237 3805 munerum
2261 3766 2306 3806 et
2323 3759 2433 3807 viris
2467 3767 2576 3809 tsn-

1453 3831 1554 3871 tnm
1591 3823 1938 3874 conceduntur.
1998 3825 2093 3872 Sed
2130 3837 2221 3873 nec
2256 3825 2448 3886 docere,
2486 3841 2577 3877 nec

1451 3891 1688 3951 tinguere,
1742 3905 1832 3940 nec
1879 3892 2071 3950 offerre,
2126 3905 2250 3955 quae
2301 3906 2418 3941 sane
2464 3900 2579 3944 sunt

1452 3957 1612 4006 officis
1631 3958 1899 4008 sacerdotis
1924 3973 2009 4008 seu
2034 3958 2291 4020 praesidis,
2327 3967 2408 4010 aut
2430 3976 2575 4024 prae-

1451 4024 1597 4086 positi
1635 4026 1885 4074 ecciesiae.
1935 4025 2115 4076 Auctor
2150 4026 2365 4084 Quaestt.
2405 4044 2461 4079 ex
2477 4030 2575 4080 Vct.

1454 4092 1583 4141 Test.
1622 4093 1818 4151 Quaest.
1855 4091 1983 4142 XLV.
2020 4101 2136 4143 tom.
2161 4094 2230 4142 iv.
2270 4093 2564 4159 Opp.Augu·

1451 4160 1563 4208 stini
1601 4159 1863 4211 absurdum
1901 4175 2011 4211 esse
2063 4160 2130 4210 ait
2176 4160 2337 4211 dicere
2386 4165 2575 4216 mulieri

1454 4226 1616 4276 datum
1654 4243 1783 4289 esse,
1836 4235 1888 4279 ut
1934 4228 2338 4291 quemadmodum
2389 4232 2456 4281 vir
2502 4234 2575 4283 sic

1452 4303 1501 4344 et
1535 4297 1640 4359 ipsa
1678 4297 1836 4359 imago
1892 4296 1967 4346 dei
2016 4297 2080 4348 sit
2125 4295 2402 4349 dominandi
2454 4301 2573 4350 iure.

1450 4363 1745 4422 „Quomodo
1781 4365 1909 4415 enim
1944 4371 2107 4428 potest
2140 4365 2199 4415 de
2231 4365 2432 4416 muliere
2460 4367 2579 4430 dici,

1452 4430 1564 4494 quia
1599 4432 1758 4492 imago
1794 4432 1871 4482 dei
1918 4440 2010 4493 est,
2055 4448 2199 4497 quem
2248 4441 2436 4483 consui
2482 4434 2574 4484 do-

1452 4498 1602 4548 minio
1639 4499 1723 4548 viri
1759 4501 2023 4550 subiectam
2060 4508 2108 4550 et
2144 4500 2339 4550 nuliam·
2362 4503 2575 4552 auctori-

1451 4572 1598 4616 tatem
1622 4563 1842 4618 babere?
1889 4568 1988 4618 Nec
2022 4568 2149 4618 enim
2186 4568 2362 4618 docere
2398 4577 2577 4632 potest,

1453 4647 1545 4686 nec
1579 4635 1718 4686 testis
1754 4649 1881 4700 esse,
1919 4650 2077 4701 neque
2100 4635 2245 4687 iidem
2271 4636 2448 4700 dicere,
2486 4652 2579 4689 ne-

2664 2565 2786 2666 εἲς..

2596 2665 2615 2709 1
2625 2667 2737 2710 Tim.
2750 2663 2802 2721 n.
2815 2667 2881 2711 12.
