3263 5311
1189 447 1667 492 uococsricmi.
2485 437 2613 502 227

256 610 316 665 et
358 597 666 680 quomodo
711 615 869 660 nunc
911 597 1124 660 astutia
1168 597 1474 669 suadendi,
1499 616 1657 660 nunc
1699 598 1915 663 duritia
1974 601 2274 665 saeviendi
2332 603 2405 665 ad
2463 623 2615 667 con-

255 700 560 765 stantianr
583 706 852 761 nostram
897 698 1263 761 deiciendam
1308 706 1610 779 operetur.
1719 699 1823 762 Ille
1881 700 2103 764 scilicet
2146 703 2395 783 spiritus
2434 704 2618 768 ¹dae-

253 803 569 866 moniacae
613 809 674 863 et
714 798 1010 879 angelicae
1050 798 1421 880 paramrae⁴,
1467 801 1566 880 qui
1609 810 1819 863 noster
1857 801 1937 863 ob
1966 801 2285 865 divortium
2314 806 2623 869 aemulus·

255 913 318 967 et
363 902 444 964 ob
489 902 589 966 dei
633 902 881 980 gratiam
923 900 1157 963 invidus
1201 900 1275 963 de
1307 900 1608 964 mentibus
1642 901 1895 965 vestris¹
1933 902 2218 966 adversus
2248 905 2402 968 ’nos
2433 926 2618 987 proe-

253 1005 435 1067 liatur
477 994 708 1065 occulta
754 1002 1145 1083 inspiratione
1187 1002 1507 1064 modulatis
1555 1010 1615 1065 et
1658 1003 1999 1065 subornatis
2043 1005 2116 1066 ad
2161 1024 2399 1068 omnem
2443 1026 2620 1087 quam

257 1107 328 1167 in
368 1104 698 1185 primordio
743 1104 946 1165 exorsi
989 1114 1238 1166 sumust
1281 1110 1344 1164 et
1383 1103 1678 1167 iudicandi
1721 1105 2169 1185 perversitatem
2215 1115 2276 1169 et
2317 1107 2623 1170 saeviendi

259 1206 657 1285 iniquitatem.
765 1202 912 1266 Nam
967 1203 1105 1267 licet
1159 1204 1438 1275 subiecta,
1480 1206 1562 1267 sit
1610 1204 1788 1267 nobis
1845 1213 1970 1268 tota
2030 1207 2118 1269 vis
2163 1208 2519 1270 daemonum
2562 1217 2625 1273 et

263 1306 561 1369 eiusmodi
591 1307 635 1339 ¹⁰
650 1306 1003 1385 spirituum,
1049 1306 1087 1337 ¹¹
1107 1314 1171 1367 ut
1210 1324 1466 1386 nequam
1495 1306 1747 1369 ¹'tamen
1794 1315 1854 1368 et
1894 1306 2049 1371 servi
2080 1308 2296 1371 ¹⁸metu
2336 1328 2620 1374 nonnun-

261 1425 445 1488 quam
490 1406 970 1469 ”contumaciam
1014 1407 1297 1481 miscent,
1344 1416 1404 1469 et
1444 1406 1678 1470 laedere
1722 1408 1981 1487 gestiunt
2022 1428 2175 1489 quos
2220 1411 2363 1475 alias
2406 1431 2624 1475 veren-

261 1518 385 1572 tur.
475 1508 696 1571 Odium
740 1508 900 1569 enim
944 1509 1120 1570 etiam
1163 1510 1343 1571 timor
1385 1510 1427 1542 ¹⁸
1437 1508 1645 1589 spirat.
1743 1508 2161 1589 Praeterquam
2208 1520 2268 1573 et
2310 1512 2627 1594 desperata

264 1608 541 1672 condicio
588 1628 798 1671 eorum
843 1629 916 1671 ex
955 1609 1477 1689 praedamnatione
1511 1609 1788 1673 solatium
1817 1620 2051 1691 reputat
2078 1612 2360 1677 fruendae
2388 1615 2628 1679 interim

267 1710 654 1789 malignitatis
698 1710 773 1772 de
814 1728 1044 1789 poenae
1088 1709 1314 1772 morah.
1412 1710 1489 1772 Et
1549 1719 1742 1777 tamen
1787 1712 1830 1745 ¹⁸
1846 1713 2205 1793 adprehensi
2269 1715 2628 1795 subiguntur

271 1820 340 1874 et
382 1810 710 1873 condicioni
767 1831 911 1874 suae
959 1812 999 1844 ¹⁷
1012 1812 1353 1885 succidunt,
1422 1821 1481 1874 et
1536 1831 1688 1893 quos
1753 1813 1829 1875 de
1883 1813 2204 1894 longinquo
2262 1826 2626 1898 oppugnant,

265 1913 351 1975 de
401 1913 677 1993 proximo
736 1912 1071 1974 obsecrant.
1169 1913 1370 1992 Itaque
1415 1913 1602 1975 ¹⁸cum
1658 1914 1783 1976 vice
1839 1914 2242 1978 rebellantium
2288 1919 2626 1997 ergastulo-

271 2013 435 2076 rum¹
479 2015 604 2076 sive
651 2032 954 2076 carcerum
1009 2013 1100 2074 vel
1154 2014 1523 2077 metallorum
1579 2015 1673 2077 vel
1729 2017 1847 2078 hoc
1888 2034 2073 2096 genus
2116 2017 2386 2097 poenalis
2431 2021 2625 2084 servi-

269 2168 325 2218 8.
362 2167 677 2218 daemonicae
712 2164 807 2229 Ass.
857 2168 1047 2219 vindob.
1166 2168 1215 2217 9.
1252 2184 1335 2217 ros
1371 2169 1635 2231 praeliatur
1669 2166 1784 2234 Αφ.
1878 2184 1967 2220 nos
2003 2170 2304 2234 praeliantur
2335 2169 2434 2235 Αβ.
2542 2174 2630 2229 10.

275 2237 533 2300 spirituum
569 2230 875 2287 ABDEFGM.
911 2236 1100 2285 Pmnelii
1128 2237 1253 2297 libri,
1290 2238 1467 2299 Errat-t.
1507 2237 1655 2287 Oxou.
1700 2238 1888 2287 Vindob.
1975 2237 2175 2302 spiritus
2211 2242 2356 2303 abces.
2466 2241 2543 2291 11.
2582 2250 2633 2291 et

279 2318 487 2367 nequam
520 2298 566 2350 2.
716 2301 794 2353 12.
845 2310 1004 2352 tamen
1055 2311 1102 2352 et
1149 2304 1271 2353 servi
1306 2304 1548 2354 ABDEFG.
1594 2306 1783 2355 Vindob.
1830 2305 2004 2369 Errat-t.
2044 2307 2192 2356 Oxou.
2299 2316 2458 2358 tamen
2504 2310 2631 2360 servi

255 2367 489 2433 Δλιιῶειίεῖ.
526 2371 717 2423 Havete.
839 2370 917 2420 13.
956 2379 1084 2420 metu
1119 2371 1324 2422 ABDEG.
1360 2373 1533 2436 Erfurt.
1573 2374 1722 2422 Oxou.
1812 2380 1989 2423 metum
2039 2368 2120 2422 Fa.
2162 2375 2400 2435 (vindob.)
2483 2377 2632 2428 metui

281 2440 463 2501 obedes.
497 2439 686 2489 fluere.
809 2437 887 2487 14.
927 2439 1253 2488 contumaciae
1286 2434 1333 2486 λ.
1430 2441 1729 2489 coutumacia
1768 2441 1855 2491 FG.
1977 2439 2054 2490 15.
2103 2442 2307 2506 inspirat
2351 2438 2398 2491 λ.
2440 2445 2633 2497 Haverc.

284 2506 395 2556 nox
421 2522 505 2570 pro
540 2515 878 2570 praeterquam
917 2513 965 2556 et
997 2509 1047 2555 in
1066 2511 1100 2570 Ι.
1122 2514 1190 2556 eat
1209 2507 1497 2572 Praeterque
1532 2516 1598 2567 et,
1635 2509 2100 2559 inea.1laverc.vero
2122 2508 2459 2575 Praeterquam
2481 2512 2630 2578 quod,

282 2589 346 2623 ει
378 2577 641 2624 coniectura
673 2574 850 2624 Latinii
884 2580 926 2624 et
962 2574 1113 2624 Fulvii
1150 2574 1321 2624 Ursini.
1430 2573 1509 2624 16.
1545 2576 1773 2639 apprensi
1812 2577 1860 2625 F.
1907 2577 2124 2637 Vindob.,
2170 2593 2256 2642 pro
2291 2594 2430 2629 more.
2551 2580 2633 2631 17.

275 2642 536 2693 succinunt
569 2660 608 2693 e.
677 2648 853 2706 parent
888 2650 1030 2705 atque
1065 2641 1330 2692 succedunt
1361 2637 1409 2691 λ.

1535 2641 1612 2694 18.
1650 2643 1764 2693 dum
1801 2644 1900 2694 vice
1936 2652 2286 2708 repugnantum
2324 2647 2395 2695 vel
2432 2646 2500 2708 (et
2532 2649 2633 2700 Ha-

177 2705 192 2718 *
275 2711 417 2769 uere.)
454 2710 796 2760 rebellantium
829 2704 875 2756 λ.
917 2711 1106 2760 [iovem.
1195 2709 1307 2760 dum
1345 2725 1481 2761 more
1517 2710 1799 2786 bellantium
1836 2712 1886 2762 F.
1968 2727 2113 2776 quom
2160 2714 2315 2764 vicere
2348 2714 2635 2766 bellantium

285 2775 484 2827 vindob.

285 2911 430 3028 ¹hiet-u
466 2911 635 2960 eodem
670 2912 791 2962 libro
829 2914 875 2962 iu
911 2927 1064 2975 agone
1103 2913 1229 2963 Petri
1252 2913 1408 2977 Apse-

309 2991 442 3027 .m¹:
488 3010 529 3032 ι)

290 3040 356 3094 δὲ
408 3038 676 3103 duamur
717 3041 806 3094 καὶ
845 3062 972 3102 τους
1025 3040 1177 3114 ἀμφ’
1219 3042 1407 3102 αὐτὸν,

285 3108 368 3166 ὥς
395 3103 714 3172 &Ueioui
737 3127 794 3164 τε
811 3107 981 3164 abror
1012 3110 1104 3164 καὶ
1138 3115 1235 3175 τῆς
1271 3107 1414 3168 ἰδίας·

281 3175 553 3298 ffl‘lff‘f‘
571 3174 1237 3301 3522‘3‘22122‘525325322
1253 3179 1415 3317 '‘’Zssssi

288 3317 428 3383 ponit
460 3317 790 3370 Tertullianus
827 3319 1172 3384 in-Scorpiaco
1209 3335 1314 3384 cap.
1352 3318 1410 3369 11

291 3384 428 3449 „Tpsi
464 3385 672 3450 denique
718 3387 970 3451 praesides
1010 3401 1116 3437 cum
1155 3387 1414 3437 cohortan-

293 3462 373 3503 tur
416 3454 658 3515 negationi
732 3453 912 3512 „Serva
962 3455 1170 3504 animam
1218 3451 1415 3504 tuam!“

290 3521 490 3580 dicunt,
545 3529 594 3569 et
663 3521 810 3580 „Noli
859 3523 1065 3572 animam
1119 3529 1248 3571 tuam
1299 3536 1417 3586 per·

281 3584 477 3637 dere!“
512 3588 754 3647 (Herald.)

363 3654 410 3704 d.
446 3652 727 3721 paraturae]
766 3656 838 3707 Cl'.
875 3657 1098 3707 adnotata
1124 3656 1182 3706 ad
1208 3656 1275 3706 De
1295 3655 1419 3719 Spe-

287 3730 415 3773 ctae.
453 3723 619 3786 eap.4.

367 3804 412 3838 e.
449 3785 694 3856 aemulus]
744 3790 817 3841 Cl'.
853 3805 976 3854 quae
1022 3791 1311 3841 adnotavere
1361 3789 1423 3840 ad

291 3857 368 3907 De
401 3856 532 3919 Fuga
569 3858 617 3906 in
654 3858 899 3908 Pet-secut.
936 3873 1043 3922 cap.
1059 3857 1106 3907 2.

365 3923 401 3973 l.
437 3924 498 3974 de
533 3925 774 3975 mentibus
808 3924 1001 3989 vestris]
1072 3926 1319 3990 Tanquam
1368 3939 1425 3975 ex

293 4007 430 4042 arce.
467 3991 682 4055 (Rigalt.)
1411 4047 1424 4062 ι

368 4074 414 4121 g.
451 4058 499 4108 in
535 4059 809 4123 primordio
827 4061 988 4111 exorsi
1015 4053 1208 4126 sumus]
1246 4060 1297 4109 ln
1321 4060 1423 4124 pri-

257 4132 263 4136 ’
293 4126 493 4177 {nordio
530 4128 642 4177 libri
679 4127 1020 4177 collocavimus
1057 4136 1105 4178 et
1139 4129 1251 4178 inde
1282 4141 1423 4177 exor-

289 4193 430 4245 dium
474 4195 814 4256 disputationis
849 4204 1044 4246 nostrae
1082 4197 1302 4245 fecimus.

368 4262 416 4310 lt.
453 4263 514 4311 de
549 4277 737 4326 poenae
772 4260 952 4327 mora.]
1001 4263 1244 4313 immundi
1278 4263 1425 4326 spiri-

293 4338 380 4379 tus
412 4330 624 4380 scientes
659 4332 896 4380 reservari
944 4344 999 4380 se
1035 4332 1094 4380 ad
1132 4344 1339 4395 poenam
1377 4331 1424 4380 in

295 4397 426 4447 diem
462 4398 627 4448 indicii
679 4398 908 4448 solatium
958 4407 1195 4463 quaerunt
1239 4412 1426 4462 poena-

285 4479 404 4515 rum
443 4466 491 4516 in
526 4467 633 4530 ipsa
665 4464 746 4515 illa
785 4480 922 4516 mora
957 4467 1211 4529 temporis,
1263 4473 1316 4515 ut
1350 4465 1426 4514 in-

289 4534 437 4583 terim
471 4547 588 4584 sese
623 4533 848 4599 expleant
897 4533 1152 4596 omnigena
1188 4534 1428 4583 bonorum

291 4601 562 4654 afflictione
608 4608 660 4652 et
703 4602 929 4652 fruantur
981 4600 1274 4664 malignitate
1322 4615 1427 4651 sua.

281 4667 656 4737 (Bauer-camp.)
726 4670 828 4732 „De
863 4683 1053 4733 poenae
1089 4668 1261 4720 mora“
1297 4668 1346 4718 h.
1384 4681 1426 4717 e.

1510 2913 1623 2963 dum
1660 2927 1816 2978 poena
1853 2927 2038 2963 moram
2088 2914 2258 2972 habet,
2312 2913 2425 2964 dum
2478 2929 2637 2979 poena

645 2973 701 3025 ἴα
733 2973 831 3043 μὲν
860 2976 1256 3059 λιζταροῦντας,
1311 2976 1412 3028 τὸν
1510 2980 1747 3032 differtur.
1783 2981 1852 3030 De
1881 2981 2257 3045 praepositionis
2293 2982 2350 3030 de
2385 2985 2425 3031 vi
2454 2983 2640 3032 instru-

1515 3048 1710 3098 mentali
1765 3048 1834 3097 vel
1896 3048 2076 3098 causali
2134 3049 2194 3098 cf.
2245 3048 2406 3099 adnot.
2442 3050 2522 3100 -ad
2569 3049 2639 3099 De

1514 3117 1733 3180 Spectac.
1771 3131 1875 3180 cap.
1897 3115 1979 3166 25.

1583 3183 1614 3232 i.
1653 3183 1991 3234 rebellantium
2028 3179 2408 3249 ergastulorum]
2470 3184 2641 3235 Dicere

1514 3259 1742 3316 poterant
1777 3251 2035 3302 Nationes:
2090 3250 2141 3300 Si
2188 3260 2318 3301 tanta
2366 3260 2522 3301 vestra
2560 3260 2636 3303 est

1516 3321 1564 3370 in
1601 3318 1722 3369 deos
1759 3327 1980 3380 nostros,
2017 3332 2140 3383 quos
2176 3319 2439 3369 daemonas
2476 3320 2641 3370 existi-

1518 3388 1689 3447 matis,
1737 3394 1981 3450 potestas,
2031 3393 2083 3435 ut
2129 3399 2215 3435 eos
2251 3395 2397 3450 prout
2430 3386 2644 3438 lubentia

1518 3462 1593 3504 est
1627 3455 1860 3516 subigatis
1896 3461 1944 3502 et
1966 3453 2101 3502 vobis
2137 3467 2310 3517 parere
2347 3456 2530 3516 cogatis
2566 3456 2643 3506 in-

1518 3521 1714 3583 gratiis,
1769 3521 1850 3584 qui
1885 3521 1938 3570 nt
1974 3528 2026 3570 ut
2060 3522 2203 3572 tantis
2238 3535 2321 3570 vos
2359 3523 2644 3573 calamitati·

1521 3590 1614 3638 bus
1651 3594 1891 3656 premant,
1944 3595 2102 3637 tantas
2138 3589 2379 3639 concitent
2414 3589 2645 3641 adversus

1522 3670 1607 3705 vos
1653 3654 2045 3719 persecutionum
2095 3663 2436 3721 tempestates,
2488 3657 2646 3721 iisque

1522 3736 1673 3785 saepe
1720 3737 1802 3772 vos
1856 3719 2106 3772 obruant?
2174 3723 2452 3787 Respondet
2501 3725 2648 3785 igitur

1524 3790 1869 3850 Tertullianus,
1907 3789 2032 3841 idem
2072 3791 2291 3840 accidere
2325 3790 2457 3853 qood
2489 3804 2648 3855 quau-

1526 3857 1687 3921 doque
1723 3860 1770 3907 in
1810 3856 1975 3918 ltalia,
2009 3857 2229 3921 Scythia,
2266 3857 2646 3918 Lacedaemone,

1527 3925 1644 3974 alibi
1703 3925 1931 3986 contigit,
1984 3932 2062 3985 ut,
2116 3924 2523 3988 quemadmodum
2579 3926 2651 3978 ibi

1525 3992 1652 4042 servi
1701 3993 1930 4042 adversus
1981 3992 2206 4042 dominos
2253 4007 2385 4042 arma
2421 4007 2650 4058 sumpse-

1523 4067 1639 4111 runt
1664 4073 1855 4126 *eosque
1890 4060 2035 4109 etiam
2071 4061 2209 4110 iustis
2242 4061 2441 4124 praeliis
2478 4062 2650 4125 latiga-

1527 4135 1655 4186 runt‚
1686 4129 1756 4180 ‚ita
1794 4128 2057 4177 daemones
2093 4129 2383 4192 quandoque
2421 4130 2649 4181 adversus

1525 4196 1856 4256 Christianos,
1902 4196 1950 4244 in
1997 4209 2202 4259 quorum
2250 4203 2488 4259 potestate
2523 4205 2652 4257 sunt,

1526 4265 1795 4326 insurgant,
1829 4261 1973 4327 a'tqoe
2002 4276 2088 4312 eos
2115 4265 2257 4312 etiam
2293 4264 2653 4314 incursionibus

1527 4331 1629 4381 suis
1666 4330 1976 4394 aliquomodo
2012 4339 2193 4380 vexent.
2263 4331 2513 4394 Ergastula
2561 4332 2653 4393 igi-

1530 4405 1636 4457 tur,
1690 4411 1942 4458 carceres,
1990 4398 2186 4447 metalla
2233 4398 2347 4448 dicit
2391 4412 2558 4449 servos
2605 4398 2656 4447 in

1531 4463 1817 4528 ergastulis,
1870 4465 2146 4515 carceribus
2182 4479 2239 4515 ac
2272 4466 2483 4516 metallis
2518 4477 2656 4514 com-

1531 4533 1740 4598 peditos.
1809 4532 1952 4581 Addit
1986 4540 2071 4592 „et
2103 4532 2197 4581 hoc
2231 4546 2383 4595 genus
2433 4531 2658 4596 poenalis

1530 4600 1772 4651 servitutis
1786 4595 1840 4658 ,“
1878 4599 1990 4663 quia
2026 4613 2083 4648 eo
2121 4599 2497 4648 detrudebantur
2531 4599 2659 4647 servi

1531 4669 1742 4732 neq'uam
1776 4674 1822 4716 et
1856 4680 2064 4730 poenam
2102 4666 2385 4716 commen-iti.
2421 4664 2659 4728 (flerald.)

2228 4747 2336 4798 15*
