3263 5311
2505 410 2626 476 183

1207 426 1689 512 {Potoessrlcmn

279 571 559 658 ’κόσμον
604 574 1259 636 accommodaveruntb.
1345 574 1668 638 Invisibilis
1714 583 1839 649 est,
1899 576 2012 638 etsi
2055 577 2349 653 videatur3
2393 578 2626 640 incom-

278 676 735 758 prehensibilis,
779 676 893 738 etsi
935 693 1046 756 per
1088 676 1333 755 gratiam
1375 686 1920 757 repraesentetur⁶3
1975 678 2456 754 inaestimabilia,
2515 679 2628 741 etsi

278 778 549 862 humanis
590 777 942 839 ²¹’sensibus
987 778 1353 840 aestimetur.
1440 777 1616 840 'ldeo
1658 797 1848 859 ,verus
1891 785 1951 840 et
1991 785 2191 841 tantus
2233 778 2421 841 ⁴est³.
2511 779 2626 841 Ce-

278 887 470 940 terum
513 878 675 957 quod
716 878 901 940 videri
944 879 1401 953 “communitetu
1448 878 1609 959 quod
1638 879 2091 959 comprehendi,
2138 879 2298 959 quod
2327 880 2630 943 aestimari

276 987 505 1060 potest,
562 979 761 1042 minus
819 987 913 1042 est
969 986 1030 1054 et
1072 982 1259 1044 oculis
1303 980 1519 1060 quihus
1565 989 1915 1061 occupatur,
1982 990 2044 1043 et
2094 982 2366 1044 manibus
2411 982 2634 1062 quibus

279 1081 765 1154 contaminem-⁸,
825 1088 886 1141 et
930 1081 1208 1144 sensibus
1252 1081 1469 1164 quihus
1515 1081 1840 1143 invenitur:
1899 1082 2061 1162 quod
2104 1101 2244 1143 vero
2289 1083 2628 1148 inmensum

282 1191 399 1256 est,
445 1182 563 1245 soli
608 1181 723 1243 sibi
765 1191 973 1246 notum
1020 1191 1133 1244 est.
1236 1181 1401 1243 ‘Hoc
1441 1181 1601 1262 quod
1646 1191 1772 1256 est,
1830 1181 2042 1244 ''deuin
2098 1182 2398 1245 aestimari
2440 1182 2625 1257 facist,

280 1284 415 1346 dum
461 1282 763 1345 aestimari
817 1302 940 1345 non
984 1284 1191 1363 capit‘.
1300 1282 1421 1344 ⁸Ita
1485 1302 1622 1345 eum
1680 1284 1770 1344 vis
1830 1284 2247 1364 magnitudinis
2301 1293 2362 1346 et
2417 1294 2629 1346 notum

276 1384 616 1447 hominihus
660 1384 877 1446 'obicit
917 1393 978 1445 et
1019 1384 1308 1466 ignotum.
1395 1383 1471 1446 Et
1511 1384 1660 1446 haec
1703 1385 1854 1447 ¹⁰est
1896 1403 2127 1447 summa
2171 1384 2366 1447 delicti
2409 1386 2626 1452 nolen-

274 1486 421 1548 tium
463 1503 898 1564 recognoscere
942 1504 1118 1565 quem
1163 1485 1437 1565 ignorare
1481 1504 1603 1546 non
1647 1493 1923 1564 possunt.
1991 1486 2180 1547 Vultis
2226 1506 2298 1548 ex
2343 1488 2627 1568 operibus

279 1587 316 1618 ¹¹
331 1587 523 1665 ipsius
578 1594 670 1647 tot
724 1605 794 1647 ac
848 1586 1097 1659 talibus»,
1165 1586 1378 1665 quihus
1440 1586 1888 1660 continemur,-
1914 1587 2185 1667 ¹²quihus
2241 1589 2626 1662 sustinemur,

281 1688 491 1766 quihus
547 1686 943 1761 oblectamur,
1013 1687 1055 1720 ¹³
1070 1688 1244 1749 etiam
1301 1687 1516 1768 quihus
1573 1697 1968 1762 exterremur,
2037 1688 2213 1750 vultis
2272 1708 2343 1751 ex
2399 1690 2629 1752 animae

279 1788 466 1869 ipsius
498 1788 835 1850 testimonio
862 1787 1405 1869 ¹“conprobemus‘P
1468 1790 1635 1862 Quae
1663 1788 1802 1850 licet
1829 1808 2065 1852 carcere
2094 1790 2365 1871 corporis
2394 1809 2628 1872 pressa,

274 1889 409 1952 licet
447 1889 922 1951 institutionibus
966 1890 1165 1970 pravis
1197 1890 1731 1970 ¹⁵circumscripta,
1777 1889 1914 1952 licet
1955 1890 2299 1953 lihidinibus
2334 1891 2448 1954 ¹⁰et
2475 1910 2625 1954 con-

278 1991 685 2072 cupiscentiis
696 1990 1023 2070 evigorata,
1071 1990 1207 2052 licet
1248 1983 1414 2054 falsis
1460 1990 1585 2052 deis
1631 1991 1970 2053 exancillata
1984 1991 2033 2066 Β,
2093 2013 2227 2054 cum
2283 2001 2479 2055 tamen
2521 2013 2624 2056 re-

277 2144 320 2194 2.
356 2159 557 2195 cosmon
595 2144 756 2194 ABFG.
801 2144 991 2194 Vindob.
1064 2158 1282 2193 cosmum
1319 2145 1370 2194 Ε.
1407 2144 1584 2207 Errare.
1702 2144 1794 2195 2b.
1832 2145 2078 2194 sensibilis
2116 2163 2153 2197 e.
2272 2144 2318 2194 3.
2357 2147 2478 2198 adeo
2517 2148 2625 2198 (ἶσα.

276 2213 319 2262 4.
356 2223 427 2263 est
463 2229 554 2263 οπι.
589 2207 636 2258 λ.
760 2211 807 2260 5.
848 2213 1170 2261 communiter
1204 2227 1290 2261 οπι.
1328 2206 1375 2258 λ.
1503 2211 1549 2261 6.
1593 2213 1696 2262 Hoc
1731 2213 1860 2276 quod
1899 2222 1972 2263 est
2005 2211 2391 2264 ABDEFGebcde.
2435 2215 2627 2265 Vindob.

278 2282 441 2344 Erfurt.
513 2280 618 2328 Hoc
654 2280 893 2343 estquod
929 2274 994 2342 λῙ.
1034 2281 1221 2329 Haverc.
1360 2279 1409 2328 7.
1447 2280 1590 2330 deum
1626 2279 1675 2327 A
1678 2275 2053 2346 φΒῦΕλ-αὸοάεῙ.
2105 2283 2291 2331 Haverc.
2339 2282 2626 2347 Erfurteusis

280 2349 400 2398 liber.
481 2344 607 2397 1)ηηῖ
641 2348 709 2408 (h.
744 2362 784 2396 e.
822 2346 1097 2424 Dominum)
1132 2345 1229 2408 Αβ.
1313 2346 1560 2396 dominum
1600 2349 1651 2398 G.
1734 2348 1941 2398 divinum
1986 2350 2176 2399 Vindob.
2258 2348 2369 2398 dum
2408 2350 2458 2398 F.
2576 2348 2640 2399 8.-

282 2415 345 2463 lta
389 2416 507 2465 enim
545 2418 647 2466 abc.
738 2414 888 2463 Tanta
939 2415 1064 2464 enim
1113 2416 1244 2465 Fulv.
1284 2415 1493 2465 Ursinus.
1633 2415 1682 2465 9.
1732 2416 1908 2465 obiecit
1954 2417 2152 2466 Dabcde.
2203 2416 2424 2480 Bonyarr.
2477 2418 2625 2468 Oxou.

286 2482 357 2532 10.
391 2491 461 2532 est
493 2500 582 2533 οπι.
621 2499 661 2533 c.
783 2481 861 2530 11.
898 2482 1016 2545 ipsis
1052 2490 1123 2531 tot
1158 2496 1214 2531 ec
1250 2482 1426 2532 talibus
1462 2484 1516 2533 D.
1588 2483 1727 2533 istius
1763 2491 1834 2532 tot
1870 2498 1926 2532 ec
1960 2485 2027 2542 (et
2061 2481 2135 2542 F.)
2171 2483 2349 2533 talibus
2384 2485 2473 2534 FG.
2519 2486 2626 2534 Vin·

280 2552 380 2600 deb.
481 2551 560 2600 12.
598 2550 776 2614 quibus
812 2551 1110 2598 sustinemur
1145 2565 1234 2599 om.
1254 2566 1293 2599 e.
1402 2549 1481 2600 13.
1518 2558 1566 2600 et
1601 2551 1776 2616 quibus
1805 2559 2112 2601 exterremur
2145 2552 2197 2600 F.
2268 2553 2410 2601 etiam
2450 2552 2624 2616 quihus

276 2632 545 2669 exercemur
590 2619 768 2683 ΕνῙιιιι.
911 2617 989 2667 14.
1041 2618 1414 2681 comprobemus
1462 2614 1635 2669 orn-2.
1782 2619 1861 2669 15.
1910 2620 2231 2683 circumsepta
2267 2619 2318 2670 F.
2462 2619 2540 2670 16.
2576 2626 2625 2670 et

274 2684 599 2749 AflEfGabcd.
636 2687 813 2750 Effert.
849 2687 1055 2736 Ambror.
1128 2702 1187 2735 sc
1219 2684 1541 2753 (ΑφΒφΠφ.
1588 2687 1801 2747 vindob.)
1827 2692 1887 2750 es.
1921 2690 2109 2738 Havero.

345 2819 391 2867 h.
437 2821 599 2869 Graeci
637 2835 812 2870 nomen
850 2820 1030 2870 mundo
1063 2812 1274 2886 κόσμον
1308 2837 1390 2870 ec-

284 2885 796 2953 commodaveruntJV.
818 2888 962 2937 Varro
984 2904 1059 2951 ap.
1078 2889 1230 2937 Valer.
1248 2888 1390 2937 Proh.

282 2953 517 3015 invergit.
550 2954 653 3003 Σοὶ.
673 2956 742 3015 vt,
756 2954 838 3005 31.
886 2955 1007 3004 Plin.
1047 2956 1101 3004 Η.
1117 2956 1171 3005 N.
1196 2956 1254 3015 ll,
1276 2956 1325 3015 4,
1342 2954 1389 3004 3.

350 3036 389 3070 c.
439 3036 525 3082 per
559 3023 747 3082 gretiam
784 3019 1198 3094 repraesentetur]
1241 2992 1392 3072 'Forte

273 3087 527 3151 legendum
572 3076 943 3153 repr-elimetur,
998 3099 1049 3139 ιιι
1101 3090 1393 3168 respondent

269 3171 356 3206 suo
404 3157 629 3221 opposito
684 3160 1162 3222 incomprehensibili,
1221 3165 1269 3206 et
1320 3158 1392 3207 sic

268 3224 389 3274 idem
443 3226 565 3285 erit,
630 3225 761 3288 quod
825 3226 1250 3289 comprehenditur
1306 3239 1395 3288 per

265 3294 479 3354 gratiam,
515 3292 706 3342 scilicet
740 3291 870 3352 ndei,
926 3294 1031 3356 spei
1069 3301 1116 3342 et
1164 3292 1392 3353 caritatis,

261 3362 349 3420 vel,
396 3363 436 3410 si
474 3361 648 3420 mavis,
686 3361 1022 3420 eucharistiae,
1076 3360 1156 3409 ubi
1212 3374 1391 3424 corpus

262 3427 334 3478 dei
405 3435 786 3478 contrectamus.
871 3428 1204 3478 Verumtamen
1272 3427 1388 3477 nihil

262 3497 555 3545 mutandum.
609 3496 697 3555 (Lu
747 3494 940 3556 Cerds.)
1040 3496 1132 3545 Per
1188 3496 1389 3557 gretiam

259 3563 530 3613 hominibus
606 3576 661 3612 se
719 3570 1052 3640 repraesentat
1114 3563 1234 3612 deus
1303 3577 1393 3628 per

256 3626 481 3681 inondum
529 3644 713 3690 suum,
761 3644 904 3693 quem
954 3631 1002 3679 ιιι
1054 3638 1389 3680 ornamentum

254 3700 512 3750 maiestatis
550 3712 681 3747 sune
718 3698 968 3761 expressit.

314 3767 359 3816 d.
415 3767 533 3817 ldeo
595 3779 735 3814 verus
789 3772 838 3814 et
882 3772 1044 3815 tantus
1090 3760 1204 3829 est]
1276 3764 1389 3814 ldeo

248 3848 383 3884 verns
419 3844 495 3885 est
534 3833 658 3898 quia
696 3832 896 3891 videtur,
948 3846 1037 3897 per
1072 3834 1272 3894 gratiam
1309 3846 1389 3880 re-

250 3910 592 3964 praesentatur
640 3907 691 3950 et
724 3900 947 3949 humenis
981 3900 1206 3950 sensibus
1241 3901 1391 3948 aesti-

256 3978 417 4021 matur.
475 3970 691 4027 Tantus,
729 3968 840 4030 quie
876 3967 1192 4017 nihilominus
1227 3966 1390 4016 invisi·

250 4036 358 4087 hilis
393 4046 485 4098 est,
546 4035 1065 4113 incomprehensibilis
1108 4042 1157 4084 et
1191 4034 1391 4084 inaesti-

252 4105 452 4157 mobilis.
538 4105 682 4153 Haec
727 4103 871 4164 igitur
922 4102 1232 4165 intelligenda
1279 4107 1393 4151 suut

248 4163 366 4220 κατ’
407 4164 562 4222 ἄλλο.
608 4169 855 4231 (Hereld.)

311 4255 351 4289 e.
406 4233 805 4299 contaminatur]
876 4237 977 4287 Hoc
1027 4243 1102 4286 est
1160 4236 1386 4299 tangitur.

247 4306 623 4358 Contaminstus
665 4312 931 4364 contectus,
966 4304 1275 4355 intaminatus
1311 4305 1388 4354 ιιι-

242 4380 411 4426 teetus.
448 4369 680 4438 (Rigalt.)
715 4371 880 4423 Gloss.
915 4372 1014 4423 Vet.
1051 4371 1098 4421 in
1132 4376 1246 4433 Aug.
1279 4370 1387 4420 unii

238 4442 430 4494 Auctor.
472 4444 644 4493 Class-
692 4447 812 4490 tom.
847 4439 921 4501 vl,
956 4455 1007 4504 p.
1026 4438 1127 4489 518
1171 4439 1387 4502 „Contu-

237 4525 443 4574 mare,
513 4507 859 4570 contingere.“
943 4509 1224 4559 menmium
1280 4506 1387 4571 peri

240 4592 387 4629 sensu
435 4575 703 4641 usurpavit
734 4574 1073 4626 Ambros.1)e
1108 4575 1225 4625 inst.
1259 4574 1387 4636 virg.

242 4645 625 4712 cep.16„,Ne
666 4657 868 4708 quaeso,
904 4643 1133 4705 tetigeris,
1168 4657 1231 4693 ne
1266 4648 1390 4693 etta·-

1490 2822 1737 2872 m'neverir
1772 2836 1895 2886 quse
1931 2828 2043 2870 sunt
2091 2820 2228 2868 istius
2276 2818 2488 2879 saeculi,
2535 2819 2623 2869 sed

1493 2902 1688 2951 semper
1724 2890 1770 2936 in
1809 2888 2029 2951 psalmis,
2079 2888 2126 2935 ιιι
2164 2886 2436 2948 hymniset
2469 2888 2623 2935 canti-

1493 2956 1584 3004 bus
1633 2955 1966 3019 spiritualibus
2013 2954 2226 3003 obducas
2280 2962 2325 3002 te
2374 2952 2433 3001 ab
2480 2953 2623 3003 huius

1491 3022 1675 3072 saeculi
1711 3010 2128 3072 couversatione.“

1561 3090 1594 3138 s.
1636 3091 1737 3139 Hoc
1771 3090 1901 3154 quod
1930 3097 2019 3147 est,
2057 3090 2199 3137 deum
2224 3087 2466 3136 aestimari
2488 3082 2624 3152 fucit]
2717 3136 2724 3143 „

1492 3156 1712 3220 Explicet
1725 3156 2051 3207 Tertullianus
2089 3156 2334 3220 quomodo
2362 3155 2481 3204 dens
2509 3169 2626 3204 sen-

1468 3225 1635 3274 -sibus
1670 3225 1849 3275 nostris
1887 3225 2168 3274 aestimetur
2210 3237 2266 3272 ec
2302 3222 2624 3285 comprehen-

1496 3293 1652 3342 datur.
1685 3292 1846 3351 .Quod
1883 3299 1957 3341 est
1981 3293 2286 3349 immensum,
2325 3290 2495 3354 inquit,
2531 3290 2626 3339 sihi

1494 3360 1590 3411 soli
1639 3368 1802 3409 notum
1866 3367 1967 3419 est,
2023 3374 2113 3408 nec
2170 3366 2332 3423 potest
2383 3356 2489 3421 cupi
2543 3364 2627 3408 sut

1495 3428 1843 3492 comprehendi
1879 3428 1972 3478 nisi
2010 3427 2069 3475 ab
2108 3426 2307 3476 infinito.
2354 3426 2507 3490 Atque
2532 3426 2625 3476 hoe

1494 3497 1656 3560 ipsum
1709 3495 1852 3545 deum
1926 3495 2168 3545 aestimari
2223 3493 2336 3543 facit
2391 3495 2439 3543 id
2493 3493 2624 3558 quod

1496 3571 1598 3623 est,
1668 3563 1716 3612 id
1763 3570 1866 3623 est,
1940 3563 2053 3611 hinc
2106 3561 2515 3625 deprehendimus
2566 3576 2624 3611 ee

1496 3631 1837 3691 cognoscimus
1874 3631 2015 3680 deum
2055 3644 2165 3678 esse
2202 3630 2507 3685 immensum,
2546 3629 2622 3678 in-

1494 3698 1980 3762 comprehensibilem
2027 3705 2073 3746 et
2122 3697 2384 3754 infinitum,
2436 3696 2547 3759 quia
2596 3709 2623 3743 ι

1492 3766 1637 3815 nobis
1673 3764 2019 3830 comprehendi
2067 3771 2209 3828 atque
2244 3762 2487 3812 aestimari
2523 3774 2623 3812 non

1493 3841 1671 3896 potest.
1707 3832 1943 3894 (Herald)

1560 3914 1604 3962 g.
1642 3899 1755 3949 dum
1792 3900 2035 3949 aestimari
2071 3912 2167 3947 non
2206 3891 2373 3961 cepit]
2420 3896 2471 3944 V.
2499 3909 2626 3960 quse

1493 3967 1785 4017 adnotarero
1851 3967 1912 4016 ud
1963 3965 2032 4016 De
2089 3966 2218 4026 Fuga
2277 3966 2323 4014 ιιι
2377 3964 2621 4014 Persecut-

1494 4050 1547 4085 ce
1622 4035 1666 4083 1.

1551 4049 1610 4151 lh.
1660 4096 1968 4166 exsncillate]
2022 4101 2067 4150 h.
2106 4114 2148 4149 e.
2199 4098 2390 4148 servitio
2444 4098 2620 4149 dedite.

1492 4170 1633 4235 Apul.
1672 4168 1741 4219 De
1777 4169 1945 4231 Dogm.
1973 4168 2092 4217 Plet.
2117 4167 2155 4226 Ι,
2177 4166 2291 4225 13,
2296 4174 2472 4225 ,cetere
2491 4165 2619 4215 enim
2729 4154 2734 4161 ⁴

1490 4236 1710 4287 membra
1746 4237 1963 4289 ancillari
2008 4242 2058 4285 et
2101 4202 2374 4284 subservire
2422 4232 2622 4297 cepitist‘

1491 4306 1563 4355 Cf.
1600 4304 1724 4355 Non.
1760 4318 1804 4356 s.
1840 4320 1881 4354 v.
1917 4304 2221 4353 Aneittantur.
2255 4316 2303 4365 p.
2328 4300 2396 4349 70
2428 4315 2506 4364 sq.
2542 4299 2620 4349 ed.

1489 4372 1636 4422 Herc.
1704 4366 2619 4429 smoh.sev.Nau.V11,13„an-

1489 4442 1700 4491 silletum
1733 4438 1909 4488 servuli
1962 4436 2248 4501 peribundis
2284 4403 2620 4495 trepidationi-

1488 4507 1581 4557 hus
1616 4505 1884 4556 imitatusf‘
1967 4505 2128 4556 Gloss.
2161 4502 2264 4552 Vct.
2302 4492 2618 4566 ,.Ἐργομω-

1485 4566 1646 4630 κεῦω,
1695 4575 1908 4635 ancillor,
1963 4573 2177 4629 educto,
2212 4534 2438 4618 adulor-‘⁶
2506 4565 2618 4616 Sul-

1486 4657 1611 4693 mes.
1645 4641 1708 4692 sd
1742 4642 1938 4707 Scriptt.
1976 4640 2099 4690 Hist.
2135 4640 2249 4697 Aug.
2284 4648 2337 4699 p.
2363 4632 2505 4684 427.
