3263 5311
3232 2 3246 232 l

696 391 824 457 746
1187 407 1392 460 untur}
1437 405 1705 450 sernum
1742 401 2076 449 nonanus
2118 401 2512 448 renum-uam

1485 481 1498 492 ¹
2597 490 2641 524 ο

430 575 668 631 comtes.
697 553 1052 639 ’agui-ent&
1088 557 1214 619 ⁴vel
1256 559 1311 619 si
1352 557 1529 619 etiam
1571 575 1734 618 nunc
1760 557 1929 622 locus
1956 564 2053 618 est
2076 555 2244 620 vocis
2272 554 2463 616 inim:
2509 553 2771 616 &ascite
2798 561 2863 614 et
2892 554 3045 615 ntul-
3243 579 3245 672 ⁴

697 659 1040 742 tiplicamini
1059 706 1076 733 ‚
1122 659 1181 719 id
1227 665 1351 732 est,
1400 657 1451 719 si
1495 658 1760 722 nondum
1806 657 1918 719 alia
1945 675 2075 718 vox.
2101 656 2476 737 supervenit,
2522 653 2787 734 Tempus
2832 656 2951 716 iam
2988 654 3049 716 iu
3244 677 3245 686 ¹

698 763 946 825 collecto
992 778 1165 834 esse,
1210 767 1471 832 restare,
1514 766 1585 822 ut
1625 767 1688 820 et
1728 757 1831 838 qui
1872 775 2095 820 uxores
2138 757 2434 820 ‘habeant
2458 764 2757 836 tamquam
2788 773 2913 817 nou
2941 755 3048 816 ha-

695 864 906 926 bentes
938 869 1162 940 agant.
1261 859 1479 939 Utique
1533 860 1693 921 enim
1738 859 2165 921 continentiam
2220 858 2493 920 indicens
2518 866 2608 924 ‚et
2661 873 3048 936 compescens

696 955 1106 1036 concubitum,
1154 960 1538 1023 seminarium
1583 960 1858 1040 generis„
1900 959 2252 1022 ‘abolefecit
2292 959 2555 1022 Crescite
2582 958 2728 1020 illud
2758 966 2824 1019 et
2848 957 3048 1019 multi·

697 1064 1015 1146 plicamiui.
1075 1063 1181 1124 Ut
1223 1062 1441 1143 opinor
1482 1069 1711 1135 autem,
1786 1062 1960 1124 unius
2004 1068 2066 1123 et
2118 1059 2390 1123 eiusdem
2447 1059 2543 1121 dei
2599 1065 2857 1140 utraque
2908 1076 3043 1138 pro·

694 1165 988 1228 nuntiatio
1030 1164 1128 1225 ⁷et
1167 1163 1487 1242 dispositio
1533 1170 1657 1236 est,
1705 1133 1806 1242 qui
1849 1162 2007 1225 'tum
2051 1161 2293 1242 quidem
2335 1162 2397 1223 in
2441 1160 2773 1241 primordio
2810 1177 3043 1221 semen-

695 1275 820 1329 tem
874 1265 1114 1346 generis
1171 1265 1371 1327 emisit
1423 1263 1670 1325 indultis
1722 1264 2139 1343 coniugiorum
2192 1263 2476 1337 habenis,
2544 1263 2738 1324 donec
2792 1260 3046 1324 mundm

694 1368 1056 1450 repleretur,
1123 1367 1319 1428 donec
1356 1383 1548 1427 novae
1586 1365 1943 1446 disciplinae
1985 1364 2231 1427 materia
2273 1364 2611 1445 proficeret.
2642 1373 2651 1388 '
2697 1361 2875 1426 Nunc
2914 1379 3051 1423 vero

694 1468 844 1531 'sub
906 1465 1371 1531 extremitatibus
1445 1474 1817 1546 temporum·
1885 1466 2304 1546 ”compressit
2369 1465 2532 1545 quod
2598 1464 2635 1497 ¹¹
2657 1464 2950 1526 emiserat
2998 1471 3065 1538 et,

698 1570 1050 1632 ¹'revocavit
1090 1568 1254 1649 quod
1296 1568 1656 1643 indulserat,
1699 1568 2003 1630 nou'sine
2038 1567 2269 1629 ratione
2300 1564 2803 1646 ²⁸prorogationis
2834 1564 2900 1625 in
2930 1562 3053 1644 pri-

695 1670 933 1734 mordio
991 1679 1051 1733 et
1107 1667 1692 1748 ¹‘'repastinationis·¹
1742 1670 1805 1731 in
1850 1668 2081 1732 ultimo.
2176 1667 2431 1747 Semper
2486 1666 2651 1729 initia
2708 1665 3053 1727 “laxantia

694 1772 1019 1854 Propterea
1064 1771 1107 1804 ¹⁸
1120 1771 1328 1832 silvam
1372 1771 1506 1850 quis
1549 1770 1809 1832 instituit
1850 1779 1916 1838 et
1953 1788 2221 1833 crescere
2264 1770 2439 1842 sinit,
2514 1778 2583 1830 ut
2624 1777 2904 1847 tempore
2946 1786 3057 1829 suo

696 1873 738 1906 ¹⁷
751 1873 976 1935 caedat.
1044 1871 1199 1934 Silva
1243 1878 1369 1932 erat
1408 1878 1578 1933 vetus
1624 1871 1943 1951 dispositio
1963 1919 1979 1944 ‚
2025 1890 2177 1964 quae
2222 1872 2348 1933 ¹⁸ab
2393 1869 2697 1950 evangelio
2740 1886 2905 1931 novo
2950 1867 3055 1929 de-

384 1961 683 2067 QQQJQ'
696 1977 987 2053 putatur⁸,
1033 1972 1095 2033 in
1139 1987 1258 2050 quo
1307 1980 1368 2032 et
1411 1972 1641 2034 securis
1687 1971 1813 2034 '’ad
1856 1973 2086 2035 radices
2122 1974 2344 2053 posita.
2424 1971 2528 2034 Sic
2569 1981 2631 2034 et
2659 1970 2919 2052 Oculum
2948 1986 3055 2049 pro

385 2101 517 2145 nom
523 2081 690 2158 ξιψ
700 2073 932 2136 ”oculo
977 2080 1040 2134 et
1078 2072 1317 2134 dentem
1358 2092 1470 2153 pro
1516 2072 1695 2134 dente
1737 2073 1854 2136 iam
1900 2074 2101 2136 senuit
2140 2092 2210 2135 ex
2240 2091 2359 2152 quo
2389 2071 2655 2134 iuvenuit
2693 2072 2917 2133 Malum
2946 2087 3055 2150 pre

691 2175 737 2208 ²¹
749 2175 905 2240 malo
951 2192 1127 2237 nemo
1171 2174 1394 2236 reddat.
1463 2175 1615 2237 Puto
1662 2184 1860 2237 antem
1904 2175 2138 2237 ”etiam
2181 2175 2245 2236 in
2273 2175 2562 2238 humanas
2592 2172 3056 2235 constitutiones

693 2285 870 2357 atque
913 2275 1149 2338 decreta
1192 2275 1534 2356 posteriora
1575 2276 1851 2356 pristinis
1893 2276 2249 2358 praevalere.

696 2464 745 2515 3.
783 2465 991 2526 figurant
1028 2463 1075 2513 Β.
1179 2465 1228 2513 4.
1266 2463 1395 2528 quod
1432 2465 1474 2513 si
1511 2465 1601 2514 BD.
1674 2471 1756 2514 aut
1789 2466 1832 2515 si
1868 2468 1969 2515 abc.
2085 2463 2133 2514 5.
2172 2463 2380 2513 habeant
2411 2462 2463 2514 A.
2534 2462 2715 2512 habent
2744 2461 2943 2525 reliqui.
3010 2461 3057 2511 6.

696 2531 933 2584 abolescit
968 2531 1144 2582 BDabc.
1251 2531 1297 2580 Ἰ.
1337 2539 1383 2580 et
1421 2532 1675 2596 dispositio
1714 2549 1800 2582 om.
1815 2533 1865 2582 A,
1966 2530 2014 2581 8.
2053 2540 2168 2581 tunc
2203 2532 2381 2582 BDabc.
2474 2528 2522 2580 9.
2562 2544 2669 2580 cum
2706 2530 2889 2579 BDabc.
2982 2527 3053 2578 10.

696 2600 969 2663 compenslt
1006 2599 1055 2647 B.
1091 2615 1150 2649 m.
1165 2614 1238 2664 pr.
1312 2600 1608 2663 compescit·
1581 2600 1665 2648 ·B.
1700 2616 1761 2650 m.
1791 2615 1883 2651 sec.
1984 2598 2070 2648 ·.11
2110 2600 2373 2648 demiserat
2404 2594 2519 2663 Δφ.
2600 2597 2861 2647 remieem
2894 2597 3060 2647 Hilde-

694 2670 917 2720 brundus.
1004 2665 1083 2716 12.
1119 2667 1362 2717 revocabit
1396 2667 1448 2718 Β.
1530 2667 1611 2716 13.
1649 2668 2012 2733 propagationis
2045 2669 2226 2719 BDubc.
2324 2667 2401 2717 1-1.
2440 2666 2782 2731 pastinationis
2816 2665 2904 2715 Aa.
2984 2664 3059 2714 15.

693 2736 931 2795 laxantur,
968 2736 1089 2785 flues
1127 2735 1490 2785 contrahuntur.
1539 2735 1802 2798 Propterea
1842 2736 2017 2786 BDubc.
2067 2737 2153 2786 Pto
2190 2735 2411 2785 laxantur
2446 2737 2563 2784 inst.
2593 2741 2659 2783 est
2696 2733 2909 2782 laxatur.
2982 2731 3058 2783 t&

694 2804 839 2854 silvas
876 2804 985 2867 quis
1020 2803 1235 2852 instituet
1267 2804 1319 2853 B.
1417 2802 1494 2851 17.
1533 2805 1717 2852 caedat.
1766 2802 1959 2853 Silverit
1991 2804 2044 2854 A.
2116 2804 2284 2853 caedat
2318 2802 2502 2852 silvam.
2552 2810 2656 2851 erat
2690 2801 2877 2850 BDebc.
2952 2814 3061 2850 cue·

695 2872 796 2923 dat.
843 2871 958 2920 Erat
993 2871 1083 2920 los.
1110 2872 1330 2934 Scaliqer.
1439 2870 1604 2920 18:511
1641 2871 1818 2922 BDabc.
1924 2870 2001 2920 19.
2039 2870 2100 2922 ad
2135 2871 2324 2921 radices
2360 2870 2532 2933 posita.
2585 2869 2668 2919 Sic
2700 2870 2753 2918 Δ.
2826 2868 2892 2917 ad
2931 2867 3059 2918 radi-

697 2953 801 2989 cem
839 2938 1048 2997 (radices
1085 2940 1152 2996 d.)
1190 2938 1379 2988 arboris
1413 2938 1572 3001 posita
1611 2946 1700 2988 est.
1758 2939 1841 2988 Sic
1872 2939 2059 3003 reliqui.
2181 2937 2264 2988 20.
2301 2938 2443 2987 oculo
2481 2937 2624 2987 dente
2659 2938 2709 2988 A.
2830 2934 2921 2985 21.
2960 2951 3061 2986 ma-

694 3006 795 3056 lum
834 3006 885 3055 A.
989 3004 1070 3054 22.
1109 3006 1251 3055 etiam
1290 3007 1547 3055 humanam
1586 3007 1978 3057 constitutionem
2014 3014 2157 3071 atque
2192 3006 2439 3055 decretum
2477 3013 2647 3070 postea
2681 3008 2911 3067 (postera
2934 3004 3056 3054 m.

699 3074 931 3134 Ursinus.)
966 3074 1143 3124 BDabc.
1177 3074 1308 3123 Fulv.
1349 3074 1558 3123 Ursinus.
1664 3132 1679 3145 .

762 3210 815 3260 b.
851 3209 893 3258 si
930 3207 1088 3258 adhuc
1133 3208 1249 3271 typi,
1306 3206 1454 3258 futuri
1501 3206 1706 3257 alicuius
1741 3224 1823 3258 sa·
1996 3207 2212 3257 &Nunc
2237 3221 2368 3266 vero,
2404 3202 2496 3255 sub
2526 3204 2918 3256 extremitatibus
2940 3216 3057 3256 ten-

698 3283 962 3336 eramenta,
1014 3282 1280 3338 supersunt
1327 3289 1450 3338 quos
1486 3277 1681 3339 nuptiae
1714 3284 1824 3325 tuae
1925 3223 2126 3339 porum]
2164 3275 2234 3324 ct.
2274 3275 2435 3323 adnot.
2471 3272 2530 3322 ad
2568 3272 2692 3322 Natt-
2731 3273 2773 3331 l,
2807 3273 2852 3322 1.

696 3340 929 3406 figurent]
992 3342 1074 3392 Sic
1108 3342 1284 3404 legitur
1320 3342 1366 3391 in
1406 3345 1686 3406 exemplari,
1735 3358 1823 3392 ne·-
1994 3343 2040 3392 d.
2078 3336 2495 3406 repastinationis]
2550 3340 2695 3389 Liber
2728 3312 2980 3403 A’gobardi
3016 3350 3061 3391 et

696 3425 793 3475 que
827 3411 968 3460 aliter
1002 3409 1117 3471 legit
1155 3409 1472 3472 Hieronymus
1508 3410 1725 3473 Epistola
1762 3411 1823 3461 ad
1925 3409 2159 3472 Rigaltins
2212 3411 2561 3474 pastinationis.
2654 3407 2769 3457 Λᾶν.
2828 3408 3059 3459 ”arcion-

695 3479 976 3529 Geruntiam
1027 3478 1086 3526 de
1121 3476 1439 3538 Monogamia.
1512 3478 1673 3541 Typos
1725 3479 1827 3529 sive,
1928 3476 2338 3540 ll,18‚.iuterim
2376 3475 2654 3527 com'missio
2690 3476 2907 3525 iniuriae
2934 3486 3059 3527 meta

696 3546 878 3606 figuras
915 3551 1160 3607 nuncupat
1191 3552 1494 3594 sacramenta
1530 3545 1825 3607 futurorum,
1926 3546 2040 3596 vicis
2076 3547 2237 3595 statim
2291 3558 2580 3594 occursurae
2628 3547 3057 3608 repastinante!

697 3612 833 3674 sigua
873 3626 1030 3672 sacra,
1074 3612 1209 3671 signa
1248 3627 1274 3660 a
1313 3612 1404 3661 deo
1443 3613 1709 3675 praemissa
1749 3614 1825 3663 fu·
1927 3613 1996 3663 De
2033 3612 2174 3663 Cultu
2214 3613 2340 3662 Fem.
2382 3612 2442 3671 ΙΙ,
2460 3611 2556 3668 9,
2560 3625 2676 3671 ,non
2710 3615 3059 3676 repastinante

653 3679 794 3735 „turi
840 3679 1064 3729 alicuius.
1109 3678 1322 3741 (Rigalt.)
1404 3679 1544 3738 Quod
1592 3681 1826 3743 Rigaltius
1924 3680 2327 3742 (liberAgobardi
2363 3688 2411 3729 et
2432 3679 2507 3728 ed.
2532 3678 2703 3741 Rigalt.
2744 3680 3059 3744 behemper-

697 3747 907 3797 affirmat
941 3747 988 3796 in
1014 3747 1273 3809 exemplari
1295 3748 1550 3807 Agobardi,
1588 3764 1684 3813 quo
1709 3763 1825 3798 usus
1918 3749 2228 3814 pastinantes)
2266 3748 2530 3797 divitiarum
2561 3756 2831 3796 vestrarum
2872 3757 2926 3798 et
2959 3748 3059 3796 ele-

696 3815 949 3878 erat,-legi
988 3814 1119 3878 quod
1155 3814 1319 3874 edidit,
1357 3815 1469 3864 huic
1496 3816 1717 3866 officiunt
1751 3825 1824 3866 ts·
1927 3818 2194 3879 gantiarum
2246 3815 2421 3867 usum?
2530 3814 2601 3863 De
2636 3815 2823 3865 Paenit.
2864 3828 2977 3878 cap.
3000 3814 3051 3863 11

697 3883 926 3934 stimonia
963 3882 1194 3947 Stephani
1219 3882 1394 3931 Baluzii
1432 3883 1825 3944 etilildebrandi,
1925 3893 2013 3946 „et
2047 3884 2286 3935 bisulcum
2324 3882 2504 3946 aliquid
2542 3882 2673 3931 aeris
2706 3883 2780 3931 vel
2820 3882 2947 3933 sen-i
2972 3896 3059 3932 ιιι-

698 3953 781 4015 qui
819 3951 946 4001 idem
984 3949 1102 4000 illud
1139 3950 1310 4000 sedulo
1349 3951 1670 4001 contulerunt.
1729 3951 1825 4002 Sed
1927 3951 2100 4014 guibus
2134 3948 2540 4015 repastinandisss

695 4019 827 4067 salva
864 4026 938 4068 est
973 4018 1259 4067 emendatio.
1342 4018 1488 4068 Verba
1530 4018 1823 4082 Hieronymi,
1993 4034 2037 4067 a.
2077 4033 2201 4082 quae
2236 4017 2295 4068 ab
2332 4016 2576 4078 evangelio
2614 4030 2740 4065 novo
2771 4010 3061 4081 deputatur]

695 4099 822 4149 quae
867 4085 1104 4146 significat
1151 4085 1401 4146 lugemus,
1457 4094 1616 4136 extant
1665 4086 1819 4149 Epist.
1924 4086 2095 4135 Franc.
2117 4085 2281 4135 lunius
2334 4086 2554 4149 mutare
2590 4083 2951 4146 interpretatur
2983 4084 3059 4131 bic

695 4152 758 4202 ad
794 4152 1108 4214 Aget-achiam
1158 4167 1267 4216 pag.
1293 4153 1410 4203 745.
1464 4154 1540 4203 ed.
1577 4152 1819 4203 Benedict.
1925 4168 2015 4217 per
2048 4151 2344 4212 circumcidi,
2381 4151 2594 4216 purgari,
2631 4151 2790 4200 caedi.
2846 4151 2953 4201 Sed
2980 4164 3057 4199 erb

693 4225 811 4269 tom.
839 4220 908 4268 lv.
945 4221 1068 4282 „sed
1104 4228 1150 4268 et
1186 4222 1233 4270 in
1272 4235 1450 4279 aream,
1487 4234 1629 4284 quam
1647 4221 1820 4270 Petrus
1922 4227 2012 4270 rat.
2060 4222 2134 4270 Ait
2169 4223 2296 4271 enim
2318 4219 2637 4269 Mosaieorum
2674 4218 2924 4268 libr‘orun
2958 4219 3055 4267 di·-

693 4287 950 4351 apostolus
997 4288 1339 4350 iuterpretatur
1384 4290 1469 4338 sub
1516 4294 1620 4351 typo
1660 4288 1819 4337 eccle·
1922 4288 2235 4351 positionem,
2270 4297 2528 4351 postquam
2548 4286 2799 4335 advenerit
2817 4284 3054 4341 ueniet.

693 4355 816 4414 siae,
851 4353 955 4403 Noe
991 4368 1099 4403 cum
1136 4356 1291 4403 tribus
1315 4355 1428 4403 tiliis
1449 4355 1684 4416 singulas,
1721 4370 1820 4405 non
1924 4356 2036 4405 inde
2072 4356 2293 4419 deputari
2328 4355 2488 4404 statim
2540 4355 2789 4418 incepisse
2824 4362 3055 4403 mere--

693 4421 855 4481 binas,
891 4436 1066 4472 uxores
1101 4422 1415 4471 introduxit.“
1469 4422 1621 4471 Verba
1658 4436 1821 4487 „quos
1922 4424 2154 4487 Deputure
2187 4430 2348 4472 autem
2372 4421 2624 4471 familiare
2670 4428 2750 4471 est
2784 4420 3053 4471 Tertullu—

694 4490 893 4553 nuptiae
912 4498 1022 4538 tuae
1045 4488 1288 4550 figurent“
1324 4488 1673 4553 interpretare:
1709 4491 1821 4554 qui-
1924 4505 1988 4540 no
2023 4490 2255 4551 verbum3
2314 4491 2374 4540 οῖ.
2408 4476 2587 4539 ‘'aduot.
2641 4489 2702 4539 ad
2758 4489 2832 4539 De
2882 4486 3063 4539 uehi.

693 4556 788 4605 bus
835 4557 1030 4619 nuptiae
1080 4563 1190 4605 tuae
1243 4557 1600 4618 respondeant,
1655 4558 1720 4606 ita
1766 4564 1822 4607 ut
1925 4570 2031 4623 cap.
2050 4557 2099 4607 9.
2298 4584 2309 4589 -

691 4623 792 4685 typi
828 4637 937 4675 esse
972 4637 1134 4675 revera
1170 4623 1362 4687 possint
1396 4625 1600 4674 censeri.
1636 4656 1646 4663 -
