3263 5311
1165 447 1242 491 ΒΕ
1286 445 1651 491 univocum.
2460 436 2582 498 769

227 597 404 660 alium
448 603 688 677 praeter
727 596 904 658 deum
949 615 1290 676 agnoscere.
1401 598 1418 630 ’“
1433 597 1525 662 Sit
1578 616 1740 660 nunc
1793 607 1964 678 pater
2017 607 2228 661 noster
2267 600 2582 676 Abrabam,

226 699 336 760 ²sit
389 707 450 760 et
500 695 742 759 Paulus.
840 698 909 760 ln
966 698 1296 778 evangelio,
1363 699 1589 778 inquit,
1658 717 1769 779 ego
1827 718 1935 761 vos
1994 700 2284 779 generavi.
2384 701 2888 770 Etiamicor.1v‚15.

225 800 491 862 Abrabae
536 798 634 860 ³te
675 797 858 860 filium
904 799 1135 861 exhibe.
1202 799 1336 861 Non
1380 794 1539 861 enim
1568 799 1919 881 ⁴passivusb
1968 800 2072 861 tibi
2116 819 2337 863 census
2378 811 2475 864 est
2516 803 2579 867 in

224 902 348 963 illo.
418 901 658 962 Certum
701 908 938 980 tempus
984 908 1104 974 est,
1152 919 1269 980 quo
1318 909 1456 963 tuus
1500 908 1670 982 pater
1714 909 1825 963 est.
1894 901 1959 963 Si
2005 902 2163 963 enim
2209 921 2279 963 ex
2322 903 2434 964 fide
2477 904 2581 966 tilii

226 1003 613 1081 ‘deputamur
639 999 938 1076 Abrahae,
983 1011 1051 1063 ut
1091 1000 1404 1081 apostolus
1435 1000 1641 1076 docet,
1686 1002 1892 1064 dicens
1924 1003 1998 1064 ad
2022 1002 2288 1075 Galatas,
2336 1003 2576 1083 Cogno-

226 1104 392 1167 scitis
435 1119 681 1183 nempe,
726 1102 862 1182 quia
904 1103 1004 1182 qui
1049 1120 1120 1163 ex
1164 1089 1309 1176 fide,
1357 1103 1454 1165 isti
1500 1112 1644 1165 sunt
1672 1104 1775 1167 filii
1809 1104 2109 1178 Abrabae,
2155 1105 2393 1184 quando
2438 1124 2572 1167 cre-
2597 1117 2834 1171 catina.

227 1205 377 1266 didit
416 1203 708 1266 Abraham
752 1203 897 1276 deo,
971 1212 1032 1266 et
1087 1204 1430 1283 deputatum
1487 1204 1618 1267 ‘test
1675 1205 1730 1266 ei
1788 1205 1847 1267 in
1906 1204 2245 1267 iustitiam?
2332 1206 2581 1286 Opinor,

229 1305 422 1367 adhuc
461 1304 523 1366 in
567 1304 971 1384 monogamia,
1019 1305 1154 1385 quia
1185 1305 1245 1366 in
1276 1304 1731 1370 circumcisione
1758 1307 2045 1369 nondum.
2109 1307 2339 1380 Quodsi
2368 1316 2580 1389 postea

224 1408 290 1468 iu
334 1415 651 1486 utrumque
693 1413 954 1469 mutatus
1001 1413 1126 1482 est,
1186 1414 1245 1467 et
1288 1406 1349 1468 in
1410 1406 1722 1486 digamiam
1778 1428 1889 1488 per
1930 1409 2174 1471 ancillae
2218 1407 2579 1471 concubina-

225 1517 387 1581 tum,
455 1514 516 1569 et
570 1507 632 1568 in
687 1506 1199 1569 circumcisionem
1242 1525 1353 1587 per
1395 1509 1734 1572 testamenti
1787 1510 2184 1590 signaculum,
2242 1527 2362 1571 non
2406 1516 2580 1590 potes

225 1608 392 1670 illum
435 1617 666 1689 patrem
711 1626 1035 1688 agnoscere
1090 1608 1208 1670 nisi
1254 1618 1394 1671 tunc
1436 1627 1568 1671 cum
1613 1610 1728 1671 deo
1787 1609 2067 1685 eredidit,
2135 1601 2430 1690 siquidem
2474 1629 2579 1673 se-

229 1710 486 1770 cundum
530 1709 705 1772 fidem
748 1710 907 1771 filius
952 1710 1082 1771 eius
1128 1729 1223 1783 ea,
1269 1728 1392 1771 non
1437 1711 1763 1771 secundum
1811 1729 2069 1772 carnem.
2142 1711 2260 1773 Aut
2288 1713 2337 1773 si
2368 1718 2579 1791 poste-

225 1810 449 1873 riorem
490 1811 781 1872 Abraham
824 1819 1052 1891 patrem
1097 1811 1435 1890 ⁷sequeris,
1481 1811 1540 1872 id
1586 1821 1679 1873 est
1718 1797 2057 1892 digamum,
2114 1812 2313 1891 recipe
2357 1819 2417 1873 et
2459 1812 2579 1873 cir-

228 1913 574 1974 cumcisum.
687 1911 753 1972 Si
810 1909 987 1971 reicis
1053 1910 1501 1985 circumcisum,
1570 1930 1712 1992 ergo
1784 1911 2086 1975 recusabis
2143 1920 2204 1974 et
2259 1912 2577 1992 digamum.

225 2014 388 2075 Duas
433 2012 863 2093 dispositiones
910 2011 1038 2072 eius
1080 2010 1237 2073 binis
1283 2014 1440 2074 inter
1484 2032 1551 2074 se
1593 2013 1793 2074 modis
1848 2014 2116 2077 diversas
2162 2014 2416 2078 miscere
2457 2032 2581 2076 non

226 2113 480 2193 poteriS.
547 2112 859 2192 ⁸Digamus
904 2126 1036 2173 cum
1082 2113 1533 2176 circumcisione
1579 2132 1717 2176 esse
1764 2133 1941 2175 orsus
1987 2123 2110 2188 est,
2156 2113 2581 2194 ”monogamus

226 2232 364 2276 cum
406 2214 897 2295 praeputiatione.
982 2214 1218 2294 Recipis
1264 2214 1607 2294 digamiam,
1655 2215 1897 2276 admitte
1942 2223 2002 2277 et
2045 2211 2579 2278 circumcisionem.

226 2314 444 2376 Tueris
486 2315 1049 2396 praeputiationem,
1098 2315 1346 2377 teneris⁸
1378 2325 1437 2377 et
1465 2316 1898 2394 monogamiae.
1965 2316 2129 2377 Adeo
2160 2328 2355 2376 autem
2390 2316 2579 2377 ¹⁰mo-

227 2415 468 2495 nogami
512 2414 777 2477 Abrahae
814 2416 971 2478 filius
1003 2416 1158 2490 ¹¹es,
1206 2416 1361 2477 sicut
1405 2426 1474 2478 et
1506 2416 1892 2496 praeputiati,
1940 2425 2004 2478 ut
2035 2416 2089 2477 si
2118 2415 2581 2490 circumcidaris,

227 2518 346 2579 iam
392 2517 649 2578 non-sis
692 2518 882 2589 filine,
949 2516 1084 2596 quia
1128 2534 1248 2578 non
1293 2516 1415 2578 eris
1461 2536 1529 2579 ex
1576 2517 1724 2591 fide,
1792 2517 1899 2579 sed
1957 2536 2025 2579 ex
2082 2515 2386 2598 signaculo
2444 2517 2581 2578 fidei

227 2618 292 2680 in
335 2618 806 2699 praeputiatione
850 2617 1216 2680 iustificatae.
1286 2617 1538 2681 ¹²Habes
1568 2619 1938 2699 apostolum,
1986 2620 2150 2681 disce
2181 2637 2313 2681 cum
2340 2618 2578 2681 Galatis.

223 2720 487 2781 Proinde
531 2720 644 2782 etsi
690 2720 1002 2799 digamiam
1046 2720 1206 2781 ¹³tibi
1251 2720 1552 2793 intuleris,
1599 2739 1722 2782 non
1768 2741 1834 2783 es
1879 2721 2037 2783 illius
2072 2720 2392 2782 ¹⁴Abrabae
2422 2719 2579 2781 filius

226 2821 399 2882 cuius
442 2821 592 2883 fides
635 2821 696 2881 in
741 2822 1115 2900 monogamia
1158 2822 1504 2901 praecessit.
1603 2822 1749 2882 Nam
1798 2821 1911 2882 etsi
1956 2828 2163 2900 postea
2209 2827 2378 2900 pater
2419 2820 2576 2880 mul-

225 2930 421 2982 tarum
466 2923 772 2984 nationum
817 2930 1217 3001 nuncupatur,
1288 2923 1393 2983 sed
1452 2940 1653 2983 earum
1712 2940 1861 3001 quae
1919 2940 1988 2982 ex
2046 2921 2161 2983 fide
2207 2921 2576 3001 ¹“digamiam

223 3023 621 3103 praecedente
665 3022 769 3083 filii
810 3021 1108 3084 habebant
1161 3021 1470 3102 deputari‘¹
1513 3022 1803 3083 Abrahae.
1888 3021 2115 3082 Exinde
2159 3040 2260 3082 res
2305 3021 2577 3083 viderint.

223 3122 398 3185 Aliud
431 3133 569 3187 sunt
598 3125 849 3204 figurae,
896 3123 1051 3185 aliud
1083 3125 1309 3184 formae
1324 3136 1366 3184 ⁶.
1428 3123 1597 3185 Aliud
1629 3123 1950 3202 imagineS‚
1996 3121 2150 3183 aliud
2183 3122 2579 3184 definitiones.

221 3225 523 3305 Imagines
568 3233 878 3286 transeunt
920 3225 1301 3305 adimpletae,
1350 3225 1728 3286 definitiones
1772 3232 2123 3305 permanent
2152 3221 2578 3303 adimplendae.

223 3326 523 3406 Imagines
589 3326 980 3406 prophetant,
1048 3326 1426 3388 definitiones
1490 3325 1837 3403 gubernant.
1952 3324 2107 3398 Quid
2176 3323 2425 3403 digamia
2482 3322 2580 3384 illa

219 3427 496 3490 Abrahae
540 3428 858 3505 portendat
898 3427 1057 3488 idem
1117 3427 1430 3506 apostolus
1485 3426 1527 3458 ¹⁶
1541 3427 1751 3487 edocet
1805 3426 2227 3506 interpretator
2272 3424 2581 3504 utriusque

219 3528 599 3602 testamenti,
647 3527 801 3589 sicut
841 3524 998 3589 idem
1046 3538 1249 3588 semen
1295 3534 1567 3589 nostrum
1613 3527 1675 3588 in
1705 3527 1868 3589 Isaac
1896 3534 2167 3588 vocatum
2205 3526 2578 3589 determinat.

221 3631 294 3692 Si
340 3649 409 3691 ex
452 3628 636 3691 libera
668 3628 785 3703 esf,
834 3630 907 3692 ad
931 3628 1099 3691 Isaac
1130 3629 1519 3706 ¹⁷pertinen5,
1565 3629 1662 3691 hic
1706 3637 1863 3691 certe
1909 3647 2094 3690 unum
2137 3627 2579 3689 matrimonium

366 3748 479 3813 Cap.
517 3748 589 3798 Vl.
665 3750 709 3798 1.
747 3749 826 3799 Sic
861 3751 965 3807 Abs
1046 3749 1096 3798 2.
1131 3750 1202 3798 sic
1236 3749 1359 3799 ABG.
1452 3747 1499 3798 3.
1536 3757 1583 3797 te
1621 3766 1709 3799 om.
1733 3752 1777 3799 b.
1864 3748 1912 3797 4.
1950 3764 2125 3812 passus
2161 3748 2246 3798 AB.
2336 3747 2382 3796 5.
2423 3746 2577 3810 depu-

219 3827 385 3868 temur
419 3816 570 3867 Aaou.
675 3816 723 3867 6.
761 3826 836 3866 est
870 3833 959 3867 om.
993 3817 1145 3867 asca.
1260 3815 1306 3865 7.
1345 3830 1550 3880 sequere
1597 3825 1673 3865 sat
1721 3825 1794 3865 est
1840 3816 1925 3866 AB.
2014 3830 2068 3865 se
2105 3814 2271 3878 quaeri
2308 3821 2383 3861 sat
2418 3822 2493 3861 est
2531 3812 2577 3861 G.

219 3885 447 3950 sequeris
485 3889 537 3933 ut
583 3892 631 3934 et
664 3901 711 3935 α.
825 3883 871 3935 8.
909 3884 1135 3945 Digamus
1184 3898 1291 3933 cum
1344 3885 1390 3943 (a
1427 3885 1522 3940 ab.)
1569 3883 1937 3933 circumcisione
1986 3896 2095 3931 esse
2144 3895 2288 3930 onus
2322 3887 2395 3928 est
2441 3880 2576 3929 abed.

219 3956 344 4004 liber
380 3949 635 4002 Glernenlis.
706 3952 880 4014 digami
919 3967 943 4000 a
981 3952 1207 4013 (digamia
1249 3951 1315 4011 C.)
1353 3950 1721 4000 circumcisione
1757 3963 1956 4000 seorsus
1995 3957 2068 3997 est
2100 3948 2223 3997 ABG.
2316 3946 2363 3996 9.
2404 3960 2578 3995 mono—

218 4021 382 4085 gamia
417 4019 504 4069 AB.
576 4028 624 4068 et
659 4020 961 4081 monogamia
1003 4020 1047 4069 C.
1155 4019 1234 4069 10.
1273 4018 1608 4079 monogamiae
1641 4018 1728 4067 AB.
1848 4016 1927 4066 11.
1964 4024 2039 4065 est
2071 4015 2158 4065 AB.
2268 4011 2345 4064 12.
2383 4013 2578 4063 Habeas

216 4088 346 4139 ABG.
458 4085 537 4136 13.
574 4086 666 4135 iam
705 4087 788 4136 tibi
823 4088 1033 4137 Aecabc.
1157 4086 1233 4136 14.
1271 4087 1488 4136 Abrahae
1525 4085 1654 4134 illius
1700 4100 1788 4135 om.
1823 4082 1974 4135 Aaou.
2098 4082 2174 4131 15.
2212 4081 2418 4143 digamia
2453 4080 2578 4131 ABG.

223 4154 308 4205 16.
346 4152 487 4204 docet
519 4154 607 4204 AB.
708 4153 784 4204 17.
824 4155 1088 4218 pertinens,
1125 4154 1203 4205 bic
1240 4161 1369 4204 certe
1405 4155 1474 4204 cd.
1518 4153 1761 4203 Vaticanus
1792 4167 1931 4201 ms.
2000 4151 2217 4214 pertines
2252 4156 2301 4199 et
2335 4148 2415 4198 bic
2449 4156 2581 4197 certe

216 4222 313 4274 AB.
387 4221 616 4285 pertines,
655 4221 732 4271 hic
770 4229 899 4272 certe
933 4223 1120 4285 reliqui.

295 4319 344 4371 b.
379 4317 622 4382 passivus]
661 4323 709 4371 V.
746 4322 806 4372 de
843 4321 936 4372 boc
963 4321 1195 4372 vocabulo
1228 4335 1350 4385 quae
1451 4320 1521 4369 De
1557 4328 1800 4370 structura
1827 4318 1952 4368 verbi
1974 4320 2141 4368 habere
2161 4331 2268 4367 cum
2297 4316 2481 4366 infinito
2510 4314 2574 4363 cl'.

219 4387 447 4439 adnotavi
485 4390 542 4439 ad
582 4390 648 4438 De
685 4390 876 4440 Corona
915 4404 1019 4453 cap.
1042 4388 1090 4439 8.
1453 4388 1614 4437 adnot.
1654 4388 1711 4436 ad
1751 4387 1817 4436 De
1853 4387 1979 4448 Fuga
2019 4387 2065 4434 in
2094 4385 2335 4435 Persecut.
2373 4379 2581 4446 cap.12.

293 4470 333 4505 c.
373 4452 576 4521 teneris]
622 4458 670 4505 V.
710 4471 835 4521 quae
870 4457 1089 4509 adnotavi
1126 4457 1185 4506 ad
1221 4456 1349 4520 Apo·
1379 4484 1396 4495 .
1523 4469 1565 4503 e.
1603 4451 1833 4516 formae]
1869 4453 2034 4515 Leges.
2102 4452 2175 4502 Cf.
2213 4454 2375 4501 adnot.
2413 4449 2473 4498 ad
2509 4448 2580 4497 De

219 4524 324 4584 103.
364 4538 470 4586 cap.
496 4523 543 4572 3.
1454 4521 1625 4571 ldolol.
1668 4536 1772 4584 cap.
1802 4520 1880 4569 18.

223 4620 232 4629 ·
290 4590 337 4639 d.
376 4591 619 4640 habebant
667 4586 911 4655 deputari]
967 4591 1351 4655 Deputure-Ter-
1524 4590 1555 4638 f.
1594 4589 1645 4637 Si
1683 4601 1737 4636 ex
1774 4587 1929 4638 libera
1966 4583 2043 4652 es]
2080 4586 2131 4636 Si
2168 4599 2222 4634 ex
2252 4584 2404 4634 libera
2424 4580 2577 4631 Abra-

216 4658 428 4708 tulliano
465 4658 513 4707 in
553 4672 641 4707 usu
679 4665 768 4708 est·
801 4673 891 4722 pro
927 4658 1137 4721 simplici
1170 4665 1350 4722 putore.
1453 4657 1545 4706 bae
1579 4669 1729 4705 uxore
1766 4661 1905 4705 natus
1943 4670 2011 4704 es.

296 4743 615 4788 Taurunum
636 4756 738 4790 οη.
755 4756 832 4789 n.
857 4756 1055 4790 onaan.
1093 4743 1218 4787 Tom.
1244 4741 1280 4786 Ι.
2202 4736 2269 4786 49
