3263 5311
1152 445 1230 488 DE
1272 447 1688 491 monotaimus.

2505 433 2588 501 85

241 592 432 656 tabis?
521 590 657 654 Non
700 562 942 673 opinor,
986 593 1107 655 nisi
1150 596 1202 656 si
1247 594 1424 674 quis*
1467 604 1525 659 et
1568 598 1642 658 de
1688 598 1913 659 turario
1948 596 2360 662 dissimulabit.
2447 601 2582 665 Sci-

238 694 364 756 licet
404 695 485 755 ad
527 694 680 755 alios
724 694 998 774 pervenit
1035 695 1371 775 procuratio
1417 697 1759 776 sanguinis,
1825 697 1898 757 ad
1942 698 2091 759 alios
2135 701 2410 763 odorum.
2497 703 2582 777 Si,

237 805 545 874 antequam
604 794 761 854 idola
818 790 891 856 in'
935 795 1169 858 saeculo
1227 804 1461 871 essent,
1518 797 1613 858 his
1673 797 1969 859 mercibus
2027 798 2218 860 adhuc
2273 800 2582 864 informis¹
2669 850 2676 855 .

234 894 565 957 idololatria
611 894 1065 974 transigebatur,
1114 897 1165 958 si
1208 906 1271 958 et
1310 916 1467 959 nunc
1509 897 1634 958 fere
1680 897 1811 958 sine
1841 897 2001 958 idolo
2033 917 2185 977 opus
2214 900 2582 966 idololatriae

232 995 521 1057 incendiis
582 995 837 1056 odorum
891 1006 1298 1077 perpetratur,
1355 998 1473 1058 ”et
1517 997 1713 1076 quid¹¹¹
1765 998 2009 1059 maioris
2056 1019 2271 1078 operae
2324 1009 2386 1062 et
2439 1022 2581 1082 erga

231 1096 543 1158 daemonia
586 1097 866 1158 turarius.
951 1096 1099 1157 Nam
1140 1097 1367 1159 facilius
1411 1098 1451 1130 ²¹
1466 1098 1596 1159 sine
1639 1097 1799 1159 idolo
1843 1099 2196 1175 idololatria,
2241 1121 2414 1180 quam
2445 1105 2579 1167 sine

230 1197 492 1258 ²²turarii
535 1215 755 1257 merce.
840 1196 1036 1276 Ipsius
1081 1197 1216 1258 fidei
1268 1199 1690 1260 conscientiam
1744 1218 2152 1278 perrogemus.

2235 1201 2426 1274 ²²Quo
2472 1224 2578 1266 ore

232 1297 607 1359 mirisuanm
651 1297 943 1370 tum-ius,
1014 1297 1124 1357 ”si
1180 1300 1548 1379 per‘templa
1591 1300 1898 1374 transibit,
1972 1319 2089 1380 quo
2136 1320 2242 1363 ore
2283 1304 2576 1366 fumantes

228 1417 355 1459 aras
402 1399 667 1478 despuet
710 1406 772 1459 et
811 1399 1202 1473 exsufflabit·,
1247 1400 1461 1478 quibus
1505 1402 1638 1481 ipse
1682 1400 2036 1482 prospexit?
2083 1401 2212 1473 Qua
2244 1404 2575 1471 constantia

227 1499 591 1560 exorcizabit
630 1498 903 1560 alumnos
949 1518 1131 1573 suoS,
1190 1500 1404 1579 quibus
1462 1501 1705 1563 domum
1748 1520 1917 1563 suam
1959 1502 2351 1565 ”cellarium0
2392 1523 2569 1583 prae-

226 1599 383 1661 stat?
425 1600 532 1661 Ille
581 1598 819 1679 quidem
861 1600 912 1662 si
957 1600 1273 1663 excluserit
1315 1601 1711 1675 daemonium,
1754 1621 1877 1663 non
1921 1602 2036 1664 sibi
2077 1602 2304 1682 placeat
2331 1604 2405 1665 de
2433 1605 2567 1668 lide.

223 1699 426 1780 Neque
494 1700 658 1761 enim
732 1700 1035 1763 inimicum
1100 1702 1369 1762 exclusit.

1453 1702 1646 1764 Facile
1714 1702 1919 1765 debuit
1972 1703 2046 1763 de
2101 1722 2174 1763 eo
2231 1705 2566 1782 impetrare,

224 1820 399 1880 quem
444 1800 715 1879 quotidie
755 1802 965 1880 pascit.
1046 1802 1215 1863 Nulla
1256 1802 1433 1880 igitur
1474 1822 1594 1875 ιιι-ε,
1638 1803 1797 1864 nulla
1836 1803 2155 1882 professio,
2201 1805 2358 1865 nulla
2398 1806 2566 1867 ²⁸ne-

222 1903 493 1980 gotiatio,
539 1920 691 2005 quae
735 1902 873 1981 quid
915 1909 1018 1963 aut
1058 1902 1416 1964 instruendis
1460 1911 1562 1965 aut
1601 1904 1928 1966 formandis
1972 1904 2150 1965 idolis
2180 1905 2565 1982 administrat,

222 2022 425 2064 carere
488 2001 718 2082 poterit
770 2002 937 2064 titulo
981 2003 1383 2077 idololatriae3

1439 2003 1555 2064 nisi
1614 2003 1666 2063 si
1718 2003 1875 2064 aliud
1918 2005 2161 2066 omnino
2205 2005 2564 2088 interprete-

220 2122 355 2165 mur
395 2103 850 2177 ”idololatr-ian,
895 2122 1071 2182 quam
1112 2105 1450 2166 famulatum
1494 2104 1792 2165 idolorum
1835 2104 2240 2167 colendorum.

388 2205 547 2266 Male
599 2203 779 2265 nobis
834 2205 910 2266 de
962 2196 1416 2269 necessitatibus
1470 2204 1762 2268 humanae
1817 2205 2230 2269 exhibitionis·
2275 2207 2559 2289 supplau·
2590 2216 2812 2270 cap.1n.

217 2373 299 2425 20.
335 2383 385 2424 et
421 2374 542 2439 qnid
578 2390 678 2438 ego.
747 2376 918 2441 ecquid
953 2379 1065 2429 libri
1098 2393 1268 2428 omnes.

1383 2377 1464 2428 21.
1502 2379 1608 2428 siue
1658 2368 1809 2427 idolo'
1841 2378 2113 2428 idololatria
2167 2381 2211 2429 b.
2259 2395 2319 2429 ez
2351 2383 2565 2431 emenda-

216 2444 339 2492 tione
365 2444 431 2492 Lo
452 2444 643 2492 Ccrdae.
691 2442 796 2492 sine
832 2444 1105 2494 idololatria
1139 2447 1307 2509 reliqui
1334 2461 1505 2496 euiucs.
1587 2446 1669 2495 22.
1691 2445 1899 2494 turarius
1914 2448 1983 2506 A„
2018 2448 2290 2511 ubicumque
2324 2449 2443 2497 nillil
2478 2451 2565 2498 ad·-

215 2521 451 2560 notaemo.
561 2508 644 2559 23.
683 2512 725 2559 si
760 2526 846 2575 per
877 2512 1059 2562 ABcw.
1130 2527 1217 2575 per
1253 2515 1475 2563 Latinius.

1315 2579 1395 2633 25.
1436 2579 1686 2630 cellarium
1719 2582 1835 2631 ABb.
1908 2581 2154 2632 cellariam
2187 2584 2375 2648 reliqui.

1344 2648 1665 2700 idololatriam
1700 2649 1887 2714 reliqui.

215 2587 403 2626 mantes
437 2579 531 2628 alii
560 2593 625 2626 ex
654 2581 974 2643 propositione
1008 2579 1212 2642 Ripullii.

216 2646 486 2707 negociatio
520 2642 657 2709 ΑβΒ.
762 2644 847 2698 27.
884 2641 1193 2697 idololatrian
1220 2648 1276 2699 A.

215 2780 355 2829 uafro
375 2795 423 2844 p.
437 2779 570 2830 293:
596 2779 801 2830 usus
827 2780 945 2840 snm
971 2781 1048 2831 ΕΤ
1072 2782 1128 2832 81
1157 2782 1348 2832 VOLET

213 2847 384 2896 Parta
428 2848 615 2898 {nr-:M
657 2847 1031 2901 CONLlBERTA
1066 2849 1204 2898 ALIO
1240 2850 1347 2899 NE-

208 2915 359 2965 lum.

274 2984 319 3032 k.
369 2983 465 3032 nisi
504 2983 546 3031 si
582 2977 717 3046 quis]
772 2982 874 3032 Nisi
909 2983 951 3032 si
986 2983 1094 3046 quis
1131 2991 1179 3033 et
1212 2990 1346 3032 tura-

204 3051 333 3099 rium
381 3065 497 3100 esee
546 3050 609 3098 ab
656 3049 860 3099 ccclesia
909 3052 1164 3099 arcendum
1201 3051 1349 3099 dissi·-

210 3118 399 3166 mnlare
424 3117 652 3166 voluerit.
691 3118 844 3167 Causa
868 3118 993 3166 enim
1027 3119 1346 3181 redemptoris

210 3192 259 3234 et
290 3187 460 3234 turarii
502 3185 670 3233 eadem
708 3192 798 3245 est,
829 3200 919 3234 nec
945 3186 1104 3234 minus
1128 3188 1178 3232 ni
1203 3185 1347 3235 idolis

212 3254 492 3315 procuratio
525 3253 777 3312 sanguinis
812 3266 953 3316 quam
991 3252 1207 3301 odorum.

276 3319 309 3368 l.
344 3321 511 3368 adhuc
545 3316 793 3383 informis]
844 3320 1100 3368 informem
1139 3320 1345 3367 idolola-

209 3387 345 3435 triam
383 3387 535 3443 dicit,
586 3399 708 3449 quae
744 3387 849 3436 sine
885 3387 980 3435 ulla
1021 3388 1204 3444 forma,
1241 3388 1345 3435 siue

209 3461 361 3503 statua
398 3463 489 3503 ant
524 3456 696 3514 ligura,
735 3455 842 3503 sine
878 3455 1007 3503 idolo
1043 3455 1343 3514 transigeba-

208 3527 300 3580 tur,
332 3522 449 3571 solo
487 3522 675 3570 scilicet
708 3522 910 3570 odorum
942 3522 1180 3580 incendio,
1217 3536 1345 3569 mer-

210 3589 342 3638 cibus
377 3588 621 3648 Arabicis,
653 3597 779 3640 ture.
826 3589 1041 3652 (Rigalt.)
1088 3589 1161 3638 Cf.
1196 3603 1341 3652 supra

208 3671 312 3720 ap.
348 3656 398 3705 3.
1047 3667 1053 3674 ·

271 3739 336 3772 m.
386 3731 438 3772 et
476 3721 618 3786 quid]
675 3723 738 3772 lta
774 3723 1109 3785 corrigendum
1146 3726 1341 3772 omnino

206 3800 322 3839 erat.
395 3791 525 3840 Nam
562 3790 746 3853 vulgata
795 3793 960 3855 ecquid
1012 3806 1099 3853 per
1135 3793 1341 3839 interro-

204 3859 456 3920 ‘ationem⁴
487 3872 687 3907 sensnm
725 3860 868 3921 plane
905 3859 1101 3910 invertit.
1152 3859 1201 3906 Si
1237 3859 1342 3905 sine

206 3924 357 3980 idolo,
392 3926 481 3982 ait,
517 3926 629 3974 solo
667 3926 786 3974 turis
822 3927 1043 3975 incendio
1071 3925 1342 3974 idololatria

205 3993 505 4053 transigitur,
542 3995 778 4055 sequitur,
816 3999 864 4041 ut
898 3994 1107 4042 turarins
1141 3993 1212 4041 vel
1251 3992 1339 4040 ali-

206 4059 326 4121 quid
373 4061 574 4108 maioris
622 4075 800 4123 operae
853 4068 901 4110 et
933 4061 1077 4109 officii
1114 4061 1254 4108 etiam
1295 4060 1341 4108 in

204 4126 320 4187 ipsa
367 4126 617 4176 daemonia
656 4142 794 4187 esse,
842 4141 995 4191 eoque
1033 4128 1182 4190 magis
1219 4128 1340 4176 vitu-

200 4193 456 4256 perandus
488 4196 812 4257 intellegatur.

274 4273 326 4307 n.
364 4259 568 4325 despuet
604 4271 665 4310 et·
688 4258 983 4327 exsufflabit]
1026 4261 1340 4323 Contemptus

199 4327 451 4378 vocabula.
520 4330 591 4379 Ad
628 4330 756 4380 Natt.
806 4329 845 4388 1,
879 4328 927 4378 6.
978 4329 1341 4394 „iniquissimae

200 4403 424 4457 repertae
458 4412 571 4448 cum
608 4400 717 4447 suis
752 4398 1020 4446 machaeris
1047 4405 1094 4446 et
1116 4395 1341 4460 patibulis

202 4468 248 4510 et
303 4462 531 4515 leonibus
578 4463 923 4530 despuuntur-,⁶⁶
1002 4463 1120 4514 lbid.
1170 4464 1208 4523 l,
1261 4463 1337 4512 10.

205 4529 453 4586 „colentes
502 4540 552 4584 et
582 4530 911 4597 'dapmnum
965 4530 1258 4582 honorantes
1295 4537 1341 4579 et

203 4593 549 4654 hcecseutes.“
602 4599 796 4652 Arnob.
831 4598 941 4647 Δάν.
974 4598 1099 4649 Natt.
1136 4598 1219 4658 lll,
1260 4598 1339 4648 15.

201 4665 455 4734 υᾶθφυὲιίε
500 4683 603 4723 nos
652 4673 715 4718 ut
760 4664 963 4716 rude-:⁴
1028 4665 1192 4718 Hinut.
1241 4664 1339 4715 Fet.

1580 2513 1661 2563 24.
1697 2529 1793 2578 qno
1838 2528 1922 2562 ore
1961 2515 2198 2563 fumantes
2231 2515 2412 2565 ABGal».
2445 2516 2564 2633 ἐπὲ-

1435 2783 1591 2834 Oclav.
1631 2797 1735 2846 cap.
1773 2781 1820 2831 8.
1868 2782 2083 2846 „templa
2132 2791 2183 2831 ut
2219 2783 2358 2832 busta
2394 2784 2561 2847 despi-

1434 2853 1581 2908 ciunt,
1618 2849 1737 2899 deos
1773 2852 2014 2911 despuunt,
2068 2850 2222 2898 rident
2257 2851 2449 2907 sacrn,¹‘
2499 2849 2559 2901 ad

1433 2932 1574 2981 quem
1614 2917 1772 2965 locum
1814 2916 1971 2964 llesid.
1995 2917 2230 2964 Heraldns
2258 2931 2304 2979 p.
2329 2916 2388 2964 71
2420 2916 2560 2979 plura

1433 2986 1650 3046 exempla
1713 2982 1880 3030 attulit.
1965 2983 2032 3030 De
2089 2983 2233 3031 verbo
2289 2986 2556 3046 exsufflare,

1432 3052 1560 3115 qnod
1599 3050 1853 3100 Christiani
1889 3051 2152 3111 scriptores
2188 3052 2383 3112 proprie
2415 3066 2559 3100 usur-

1432 3127 1548 3183 pant
1583 3118 1643 3166 de
1680 3118 1968 3167 contumelia
2005 3117 2050 3165 in
2088 3117 2347 3164 daemonas
2385 3125 2431 3165 et
2465 3118 2558 3166 im-

1431 3187 1642 3236 mundos
1688 3185 1889 3248 spiritus
1937 3185 2104 3233 iactata
2165 3199 2258 3248 qua
2318 3185 2560 3249 expellant

1431 3270 1534 3308 eos,
1574 3255 1648 3302 his
1685 3261 1817 3301 utere
1850 3252 2097 3314 exemplis.
2135 3252 2378 3311 Angustia.
2407 3253 2557 3314 Epist.

1431 3321 1604 3371 ctxll.
1645 3320 2043 3382 „blasphematur
2084 3319 2323 3368 hereditas
2363 3320 2558 3379 Christi,

1429 3391 1703 3451 exsufflatur
1749 3389 1984 3449 baptisma
2032 3386 2260 3440 Christi.‘·
2311 3394 2357 3436 et
2408 3386 2555 3450 paule

1429 3464 1595 3519 postea
1636 3457 1917 3516 „exsufflata
1964 3454 2315 3503 sacramentn.“
2366 3455 2464 3503 Vita
2502 3455 2554 3504 S.

1429 3523 1661 3586 Fulgentii
1705 3523 1982 3582 „Christum
2019 3535 2179 3583 regem
2218 3521 2556 3572 miserabiliter

1427 3589 1814 3654 exsufflaveralf‘
1881 3588 2017 3637 Verbi
2067 3590 2314 3652 exsufflare
2353 3597 2400 3638 et
2434 3604 2552 3652 pro·

1427 3659 1531 3720 pria
1590 3666 1638 3706 et
1700 3657 1928 3706 translata
1996 3656 2342 3714 significatione
2405 3657 2553 3718 positi

1426 3725 1641 3787 exempla
1702 3724 1848 3772 multa
1907 3723 2183 3786 suppeditat
2229 3722 2297 3770 Du
2345 3722 2552 3783 cangius

1428 3793 1586 3842 Gloss.
1626 3791 1744 3839 Med.
1784 3800 1829 3838 et
1867 3791 1954 3838 lnl'.
1993 3792 2089 3838 Lat.
2128 3805 2167 3836 s.
2193 3805 2234 3837 v.
2272 3789 2549 3852 Exsufflere.

1495 3874 1540 3908 o.
1588 3855 1862 3918 cellarium]
1921 3858 2037 3906 Nam
2092 3857 2273 3905 dixerat
2320 3857 2547 3918 alumnos,

1427 3941 1549 3990 qnos
1586 3925 1799 3988 quotidie
1834 3925 2001 3987 pascit.
2057 3923 2226 3972 isidor.
2264 3923 2423 3984 Origg.
2458 3924 2548 3985 XV,

1426 3989 1483 4043 5:
1513 3994 1933 4055 „Pl-emptuarium
1972 3992 2147 4040 dictum
2186 4006 2243 4040 eo
2280 3991 2408 4054 quod
2439 3991 2549 4040 inde

1425 4062 1696 4110 necessaria
1734 4061 1870 4108 victui
1907 4067 2209 4122 promuntur,
2244 4059 2290 4106 ld
2329 4066 2401 4107 est
2432 4073 2548 4121 pro-

1426 4131 1670 4178 feruntur:
1721 4128 1991 4186 Cellarinm,
2043 4126 2170 4189 quod
2218 4127 2263 4174 iu
2313 4142 2369 4174 eo
2407 4126 2547 4176 colli·

1425 4205 1597 4259 gantur
1631 4195 1890 4244 ministeria
1918 4208 2188 4242 mensarum
2215 4194 2284 4241 vel
2314 4209 2436 4257 quae
2460 4209 2547 4242 ne-

1427 4264 1636 4313 cessaria
1671 4263 1809 4312 victui
1847 4261 2159 4323 supersunt.“
2210 4263 2366 4312 Gloss.
2397 4263 2549 4310 Grae-

1426 4332 1639 4379 co-lmt.
1701 4329 2026 4388 „Cellarium,
2087 4327 2380 4393 rapeiovf‘
2448 4329 2548 4376 Vet-

1424 4397 1662 4458 Beseript.
1695 4397 1837 4445 Orbis
1874 4411 1977 4460 cap.
2008 4394 2087 4445 42.
2127 4396 2436 4458 Campaniam
2471 4394 2548 4443 di-

1426 4467 1489 4514 cit
1523 4466 1763 4516 cellarium
1803 4463 2018 4512 Romae.“
2089 4463 2187 4512 Vita
2209 4467 2257 4511 S.
2280 4462 2402 4512 Galli
2439 4474 2556 4522 cape

1428 4532 1506 4581 11.
1543 4532 1649 4592 „De
1685 4545 1827 4594 parvo
1864 4531 2051 4580 cellario
2096 4543 2271 4594 panem
2308 4529 2547 4589 integrum

1424 4599 1674 4649 famulanti
1711 4596 1975 4661 porrexit.“

1493 4666 1610 4730 Cap.
1634 4664 1736 4715 x11.
1796 4678 1840 4714 a.
1877 4656 2202 4726 exhibitionis]
2244 4660 2317 4711 Cf.
2353 4673 2459 4724 cap.
2493 4656 2543 4708 6.
