3263 5311
450 998 557 1055 cap.
578 994 701 1065 {nm

735 401 902 466 278.
1245 416 1446 468 emm
1493 414 1754 458 sermm
1800 412 2131 457 stonsnrts
2176 412 2595 479 mutinam-

734 588 977 652 semper
1029 573 1256 630 aestuat
1306 576 1558 637 carcer·,
1624 564 1699 628 de
1754 563 1971 627 vestris
2028 582 2269 644 semper
2322 563 2555 627 metalla
2616 566 2950 648 suspirant,
3004 569 3080 633 de

734 671 952 735 vestris
996 669 1040 703 ¹²
1052 685 1288 749 semper
1341 666 1567 729 bestiae
1621 665 1996 746 saginantur,
2071 664 2146 727 de
2199 666 2417 728 restris
2472 684 2712 747 semper
2761 670 3077 732 munau-ii

734 773 1050 835 noxiorum
1075 786 1282 849 greges
1305 764 1602 848 pascunt¹.
1659 766 1846 829 Nemo
1876 766 1995 828 illic
2012 765 2406 840 Christianus,
2451 765 2494 799 ¹³
2506 767 2622 829 nisi
2652 767 2826 848 plane
2857 778 3081 834 tanum

735 872 1140 944 Christianus,
1187 876 1290 931 aut
1331 869 1384 932 si
1430 876 1492 930 et
1532 867 1722 941 aliud,
1768 869 1884 929 iam
1926 884 2050 928 non
2095 866 2489 930 Christianus.

905 974 1032 1034 Nos
1063 989 1206 1050 ergo
1236 970 1352 1032 soli
1380 970 1753 1032 innocentes.
1818 969 1974 1059 Quid
2002 968 2252 1043 mirum,
2299 969 2352 1030 si
2382 987 2631 1033 neeesse
2659 970 2800 1033 est?
2871 972 3079 1035 Enim-

729 1094 872 1138 vero
915 1091 1168 1137 necesse
1208 1079 1324 1134 est.
1389 1071 1828 1133 ¹1nnocentiam
1869 1070 1939 1133 'a
1982 1070 2097 1132 deo
2143 1069 2336 1132 edocti
2380 1079 2442 1132 et
2481 1071 2743 1151 perfecte
2787 1092 2921 1135 eam
2963 1092 3078 1135 no-

730 1179 960 1250 vimus,
1024 1184 1092 1237 ut
1132 1193 1165 1236 a
1209 1172 1472 1255 perfecto
1516 1172 1800 1252 magistro
1855 1171 2202 1246 revelatam,
2270 1181 2332 1234 et
2385 1171 2637 1234 fideliter
2690 1175 3078 1247 custodimus,

727 1288 798 1342 ut
840 1278 912 1340 ab
940 1270 1471 1355 ³iucontemptibili
1494 1273 1899 1354 ‘dispectore'
1936 1272 2323 1335 “mandatam
2388 1272 2573 1336 Vobis
2601 1283 2795 1337 autem
2824 1276 3079 1338 humana

729 1379 1100 1443 ‘aestimatio
1144 1375 1545 1440 innocentiam
1574 1373 1843 1448 tradidit,
1888 1374 2142 1436 humana
2177 1374 2319 1436 item
2348 1374 2708 1438 ”dominatio
2738 1376 3079 1457 imperavit3

729 1481 870 1544 inde
912 1480 1058 1541 ‘nec
1098 1479 1308 1559 plenae
1349 1495 1464 1539 nec
1506 1476 1655 1537 adeo
1684 1476 1982 1541 timendae
2011 1475 2161 1538 estis
2190 1474 2574 1556 ⁹disciplinae
2603 1476 2677 1538 ad
2706 1474 3078 1537 innocentiae

728 1582 1057 1645 veritatem.
1147 1579 1391 1640 ¹⁰Tanta
1434 1585 1526 1640 est
1568 1577 1880 1657 prudentia
1923 1576 2184 1639 hominis
2228 1577 2302 1638 ad
2338 1578 2379 1611 ¹¹
2394 1576 2921 1640 demonstrandum
2966 1575 3080 1637 bo·

730 1700 876 1747 num
920 1690 1135 1761 quanta
1179 1680 1500 1743 auctoritas
1544 1678 1615 1739 ad
1663 1678 2046 1758 exigendum3
2102 1686 2222 1740 tam
2267 1677 2308 1713 ¹⁸
2320 1678 2416 1740 illa
2460 1677 2632 1740 ¹'falli
2674 1676 2863 1740 facilis
2907 1695 3083 1757 quam

732 1785 847 1845 ista
903 1781 1220 1844 contemni.
1305 1781 1495 1860 Atque
1560 1779 1707 1840 adeo
1764 1778 1929 1858 quid.
1958 1778 2226 1859 plenius,
2286 1779 2567 1841 udicere:
2632 1779 2767 1841 Non
2822 1778 3081 1851 occides,

678 1938 684 1947 .
733 1884 861 1945 ¹⁸an
918 1883 1163 1945 docere:
1225 1881 1314 1944 Ne
1358 1879 1713 1943 “irascaris
1744 1877 2032 1959 quidem?
2121 1879 2278 1953 Quid
2332 1880 2686 1960 perfectius,
2760 1879 3082 1960 prohibere

731 1983 1115 2058 adulterium,
1161 2000 1235 2044 au
1280 1982 1456 2044 etiam
1486 1981 1615 2043 ”ab
1663 1981 1973 2042 oculorum
2012 1980 2277 2045 solitaria
2322 1980 2796 2062 concupiscentia
2824 1978 3084 2042 arcere?

736 2085 894 2158 Quid
950 2084 1273 2159 eruditius,
1337 2084 1412 2146 de
1474 2082 1794 2156 maleficio,
1861 2100 1936 2144 an
1992 2082 2110 2145 ¹⁸et
2161 2083 2236 2145 de
2290 2081 2631 2163 maliloquio
2677 2078 3085 2144 interdicere?

732 2185 889 2260 Quid
933 2183 1316 2260 instructius,
1374 2184 1651 2246 iniuriam
1693 2202 1818 2246 non
1860 2184 2239 2264 permittere,
2307 2202 2384 2245 an
2435 2202 2550 2245 nec
2601 2184 2788 2246 vicem
2830 2181 3085 2245 iniuriae

733 2284 1018 2350 sinen-eb?
1115 2285 1270 2348 Dum
1323 2294 1519 2348 tamen
1578 2286 1779 2348 sciatis
1834 2285 2017 2366 ipsas·
2057 2283 2272 2365 ¹⁹leges
2320 2276 2575 2366 'quoque
2635 2292 2866 2381 vestras
2930 2302 3087 2365 quac

637 2464 650 2476 ‘
733 2469 814 2522 12.
852 2474 994 2522 etiam
1030 2473 1214 2523 bestiae
1248 2468 1294 2520 λ.
1410 2472 1486 2523 13.
1526 2473 1616 2524 nisi
1656 2473 1749 2523 boc
1782 2481 1995 2531 tantum,
2032 2480 2115 2522 aut
2148 2467 2210 2537 21'.
2247 2472 2440 2526 flevere.

869 2541 986 2604 Cap.
1021 2541 1148 2592 XLV.
1240 2540 1413 2604 Capitis
1457 2542 1698 2606 inscriptio
1748 2543 1801 2590 in
1831 2540 2097 2591 ABDEGob.
2141 2542 2331 2593 Vindob.
2368 2543 2519 2592 Onon·
2556 2541 2731 2604 Erfurta
2777 2539 2983 2604 aliisque
3024 2545 3089 2589 est

726 2608 807 2659 nt:
842 2605 1212 2660 INNOCENTlA
1251 2607 1754 2660 CHRlSTlANORVM.
1898 2608 1941 2658 l.
1979 2607 2255 2659 innocentia
2273 2610 2327 2661 F.
2353 2609 2541 2663 Vindob·
2634 2607 2682 2658 2.
2718 2608 2858 2660 adeo
2880 2607 3085 2658 doctore

729 2685 778 2726 et
809 2670 854 2723 λ.
966 2674 1013 2725 3.
1052 2677 1359 2740 intemptibili
1392 2673 1439 2724 λ.
1515 2675 1874 2740 inconceptibili
1909 2676 1995 2726 Da.
2100 2676 2148 2727 4.
2186 2678 2459 2742 dispectore
2492 2676 2816 2740 molimur.
2842 2668 3082 2726 anuis.

725 2745 893 2795 Elnon.
932 2744 1135 2795 Gaudes.
1173 2745 1345 2808 Errare.
1389 2745 1579 2795 Vindob.
1622 2745 1863 2796 Vaticanus
1882 2759 2021 2794 unus.
2100 2744 2441 2808 dispensatore
2475 2747 2577 2795 sed.
2663 2742 2757 2793 deo
2791 2743 3004 2793 doctore
3034 2737 3081 2789 2.

727 2811 775 2861 5.
809 2819 1118 2876 praeceptam
1152 2806 1201 2859 λ.
1309 2811 1357 2861 6.
1394 2813 1680 2862 existimatio
1715 2829 1754 2862 e.
1824 2810 2043 2861 doctrina
2075 2807 2124 2858 λ.
2224 2812 2273 2862 ’1.
2310 2812 2552 2863 damn-tio
2590 2827 2635 2861 o.
2722 2810 2775 2861 8.
2810 2823 2903 2862 sec
2940 2810 3087 2875 plene

685 2881 694 2894 ‘
727 2878 849 2929 adeo
886 2895 929 2931 o.
1011 2879 1157 2944 plane
1195 2893 1283 2930 nec
1318 2879 1439 2929 adeo
1476 2881 1564 2930 FG.
1604 2881 1798 2929 vindob.
1913 2878 1962 2928 9.
1999 2893 2029 2928 o
2066 2878 2351 2946 discipliuae
2397 2880 2492 2929 ΒΕ.
2527 2879 2701 2942 Erfurt.
2739 2880 2890 2930 om
3008 2876 3086 2928 10.

728 2946 914 3006 Quanta
951 2956 1026 2997 est
1059 2945 1249 2998 flavere.
1331 2948 1517 3005 Quanta
1552 2942 1597 2993 λ.
1728 2947 1807 2996 11.
1845 2946 2273 2999 demonstrandum
2311 2947 2424 3012 quid
2471 2961 2583 2997 vere
2630 2942 2856 2996 bouum?
2903 2952 3085 3010 quanta

725 3013 875 3073 (tauta
908 3007 981 3074 λ)
1015 3009 1081 3076 λῙ.
1116 3015 1306 3066 flavere.
1377 3013 1809 3064 demonstrandum
1845 3014 2093 3064 veritatem
2130 3024 2303 3081 quanta
2343 3016 2492 3066 Oxou.
2602 3012 2682 3064 12.
2718 3014 2782 3063 ita
2808 3014 2861 3064 F.
2886 3014 3083 3064 Vindob.

729 3079 809 3131 13.
845 3082 949 3131 falli
985 3083 1175 3133 ontDu.
1285 3082 1364 3132 14.
1400 3083 1580 3132 dictum
1617 3090 1694 3131 est
1725 3076 1995 3145 λβηαυετο.
2046 3082 2130 3135 Pro
2167 3083 2358 3147 plenius
2396 3084 2446 3132 G.
2465 3084 2602 3132 babet
2635 3082 2792 3144 peius.
2902 3081 2988 3131 15.
3025 3094 3091 3130 an

609 3206 618 3214 ,
722 3161 836 3199 vero
870 3144 937 3212 λῙ.
978 3149 1169 3200 Heeerc.
1213 3187 1219 3196 .
1312 3148 1390 3199 16.
1429 3150 1653 3199 irasceris
1700 3165 1744 3199 a.
1888 3148 1967 3198 17.
2015 3149 2075 3198 ab
2123 3152 2376 3201 oculorum
2423 3149 2638 3199 solitaria
2687 3148 3089 3212 concupiscentis

722 3211 1065 3280 ABDEFRodes.
1105 3217 1279 3280 Ειτιινε.
1304 3217 1494 3267 Vindob.
1532 3218 1679 3267 oxon.
1718 3217 1906 3266 Poemelii
1940 3217 2066 3267 libri.
2137 3219 2198 3267 ab
2233 3217 2389 3267 oculis
2424 3216 2689 3267 solitariam
2727 3216 3087 3279 coucupiscen-

725 3283 839 3333 tium
879 3283 985 3332 Gbc.
1024 3282 1257 3332 Gorsiens.
1367 3281 1443 3332 18.
1482 3291 1529 3332 et
1563 3299 1652 3333 om.
1687 3284 1804 3334 Dat.
1841 3283 2032 3334 Haverc.
2143 3284 2221 3335 19.
2259 3285 2392 3346 leges
2429 3298 2622 3348 quoqne
2654 3283 3087 3348 ABDEFrAEer.

730 3350 878 3399 Oxou.
922 3350 1114 3399 Vindob.
1183 3363 1377 3413 quoque
1414 3349 1546 3412 leges
1582 3352 1740 3401 obedo.
1813 3350 1947 3413 leges
1985 3352 2035 3402 G.
2892 3351 2899 3358 “

795 3496 838 3531 e.
875 3479 944 3530 De
978 3482 1150 3531 vestris
1185 3495 1380 3547 semper
1426 3492 1614 3534 aestuat
1660 3480 1849 3551 carcer]
1954 3493 2005 3536 ut
2038 3487 2253 3549 saginata
2290 3486 2338 3535 in
2385 3499 2592 3551 poenam
2647 3486 2807 3535 carius
2857 3483 3090 3549 pereat.“

727 3547 801 3597 Cf.
825 3547 996 3598 Minue.
1022 3548 1171 3598 Felic.
1192 3549 1353 3599 Octav.
1372 3565 1476 3614 cap.
1496 3550 1578 3601 35.
1605 3553 1687 3600 tin.
1726 3551 1848 3611 „de-
1952 3554 2189 3615 (Hei-ald.)

725 3616 872 3680 nique
900 3614 960 3665 de
976 3623 1136 3665 vestro
1161 3629 1363 3665 numere
1394 3631 1562 3667 carcer
1578 3626 1848 3679 emesenam
2019 3621 2134 3685 Cap.
2173 3619 2299 3670 XLV.
2337 3636 2380 3670 a.
2417 3616 2715 3683 dispectore]
2752 3619 2802 3669 h.
2829 3633 2873 3668 e.
2902 3619 3087 3670 iudice.

725 3682 1026 3734 Christibnus
1063 3682 1129 3732 ibi
1165 3682 1328 3733 nullus
1357 3684 1447 3734 nisi
1473 3693 1556 3735 aut
1589 3701 1704 3736 reus
1730 3701 1847 3736 suae
1953 3687 2019 3737 De
2033 3689 2198 3738 Anima
2224 3702 2327 3752 cap.
2347 3688 2409 3738 15
2435 3690 2703 3752 „dispector
2720 3687 2882 3737 cordis
2902 3685 3091 3737 deus-“⁵

724 3750 975 3816 religionis
1011 3757 1094 3800 aut
1123 3751 1412 3817 profugus.“
1448 3752 1662 3803 Lactant.
1694 3752 1846 3804 lnstit.
1948 3756 2016 3807 Ad
2056 3756 2196 3805 Uxor.
2236 3756 2294 3814 ll,
2341 3755 2374 3805 8
2424 3755 2754 3819 „Dispectores
2806 3754 3084 3805 divinarum

728 3817 827 3868 Dis.
864 3818 915 3878 V,
950 3818 1000 3868 9.
1951 3823 2352 3873 sententiarum.“
2389 3822 2457 3872 De
2478 3823 2677 3872 Testim.
2696 3822 2896 3881 Animae
2918 3837 3033 3886 esp.
3054 3819 3091 3871 2

791 3886 826 3935 t.
854 3885 1113 3936 munerarii
1137 3886 1386 3936 noxiorum
1406 3900 1578 3949 greges
1601 3884 1846 3952 pascunt]
1950 3890 2110 3951 „Sunt
2142 3890 2223 3953 qni
2272 3889 2363 3940 etsi
2398 3891 2542 3940 deum
2591 3903 2686 3940 non
2736 3897 2948 3952 negent,
3008 3890 3089 3938 di·

721 3951 910 4016 Nempe
945 3953 1206 4004 munerarii
1252 3963 1300 4003 et
1345 3955 1425 4019 qui
1463 3969 1663 4005 munera
1713 3962 1850 4005 erant
1948 3964 2200 4022 spectarem
2243 3958 2387 4022 plane
2420 3964 2469 4007 et
2515 3957 2748 4006 arbitrum
2786 3965 2833 4006 et
2866 3957 3091 4006 iudicem

723 4017 897 4068 edituri
935 4020 1104 4069 noxios
1128 4020 1188 4070 ad
1216 4021 1426 4083 gladium
1454 4021 1758 4074 redimebant
1793 4037 1850 4072 ac
1950 4039 2048 4075 non
2082 4024 2305 4088 putent-‘⁸
2341 4025 2423 4074 Sic
2459 4026 2701 4089 dispicere,
2742 4023 2869 4087 quod
2903 4023 3093 4074 iudicis

720 4084 1023 4146 saginabant,
1059 4093 1110 4135 ut
1145 4095 1309 4137 esseut
1339 4088 1661 4139 robustiores.
1698 4089 1850 4139 Tacit.
1951 4099 2043 4151 est,
2090 4092 2219 4142 baud
2253 4093 2407 4142 mmet
2457 4099 2717 4155 usurpatur
2753 4105 2844 4155 pro
2893 4092 3091 4141 exami-

720 4149 846 4199 Hist.
896 4149 978 4201 lib.
1017 4151 1075 4202 ll.
1124 4148 1252 4219 [cap.
1292 4151 1429 4221 88.]:
1486 4155 1737 4219 „Singulis
1782 4156 1848 4206 ibi
1953 4172 2085 4218 nare,
2110 4158 2338 4209 iudicare.
2356 4160 2581 4222 Exempla
2599 4159 2811 4209 invenies
2830 4157 3089 4223 adseripte

721 4215 957 4268 militibus
992 4219 1208 4271 Vitellius
1243 4230 1439 4286 paratos
1482 4223 1619 4273 cibos
1655 4230 1707 4272 ut
1742 4223 1848 4287 gla-
1951 4226 2010 4276 ad
2050 4225 2116 4275 De
2152 4224 2345 4277 Corona
2381 4240 2487 4290 cap.
2526 4225 2574 4274 ⁵1.

721 4282 973 4350 disteriam
986 4285 1204 4347 saginam
1218 4288 1507 4339 dividebat.“
1544 4290 1845 4354 Cyprianus:
2016 4294 2063 4343 b.
2093 4308 2153 4344 sn
2181 4307 2272 4344 uec
2295 4294 2445 4344 vicem
2471 4293 2678 4343 iniuriae
2702 4293 2864 4343 sinere
2877 4288 2935 4354 r]
2979 4292 3095 4343 noe

719 4350 961 4412 „Paratur
1004 4353 1319 4414 gladiatorius
1369 4356 1534 4417 ludus,
1581 4365 1636 4408 ut
1681 4357 1844 4408 libidi·
1948 4368 2023 4410 est
2057 4360 2285 4412 iniuriam
2333 4375 2432 4411 uon
2480 4361 2678 4420 inferre,
2729 4360 2817 4409 sed
2867 4373 2965 4409 nec
3000 4373 3089 4409 re-

717 4432 832 4468 nem
868 4420 1136 4470 crudelium
1171 4420 1406 4473 luminum
1441 4425 1641 4485 sanguis
1677 4425 1844 4475 oblec-
1949 4428 2091 4477 terre.
2150 4429 2231 4479 Sic
2276 4427 2402 4478 libro
2455 4429 2565 4478 Adv.
2622 4426 2847 4477 Marcion.
2893 4424 2963 4484 ΙΙ,
3016 4424 3093 4475 20.

717 4492 801 4535 tet.
860 4485 1096 4552 Impletur
1132 4488 1180 4537 iu
1219 4502 1417 4540 succum
1467 4490 1588 4541 cibis
1625 4492 1844 4542 tortiori—
1948 4493 2189 4553 „Oculum
2214 4509 2304 4558 pro
2331 4494 2475 4545 oculo
2503 4494 2718 4558 reposcit
2740 4493 2861 4542 deus
2886 4501 3092 4551 noster,

719 4550 813 4603 bus
864 4567 1075 4618 corpus,
1129 4562 1177 4604 et
1229 4557 1388 4606 arrius
1441 4557 1622 4607 assidui
1673 4559 1843 4609 nitoris
1946 4560 2032 4610 sed
2068 4569 2118 4610 et
2150 4569 2309 4612 vester
2340 4565 2482 4612 siem
2514 4563 2765 4627 prohibens
2798 4559 3091 4611 ner-utem

727 4620 1060 4671 membrorum
1112 4619 1268 4671 moles
1320 4623 1519 4678 robusta
1555 4625 1845 4689 pinguescit,
1947 4628 2099 4689 magis
2136 4629 2357 4680 iniuriam
2382 4629 2547 4680 τεάν*
2584 4628 2704 4678 lbid.
2729 4641 2833 4691 esp.
2860 4625 2924 4676 ts
2965 4630 3095 4691 „in-
