3263 5311
1155 418 1230 459 ns
1274 417 1681 460 spec-racuus.
2503 400 2577 460 41

424 566 716 646 Superest
759 564 1381 644 illius²¹insignissimi
1448 565 1766 646 spectaculi
1828 566 1932 630 'ac
1991 563 2420 645 receptissimi·
2480 584 2583 626 re·
2639 582 2743 635 cap.
2773 580 2861 624 xn.

255 667 533 746 cognitio.
603 667 818 729 Munus
863 666 1081 728 dictum
1126 674 1220 728 est
1262 667 1332 729 ab
1379 666 1595 740 officio,
1640 666 1919 747 quoniam
1964 666 2219 728 officium
2250 666 2425 728 etiam
2452 685 2588 728 mu-

252 769 414 830 neris
479 787 705 829 nomen
772 775 884 826 est.
972 768 1242 843 Officium
1308 776 1504 829 autem
1558 768 1812 828 mortuis
1865 769 1980 829 hoc
2021 767 2354 847 spectaculo
2399 754 2590 829 facere

250 890 321 931 se
374 878 611 930 veteres
637 867 688 934 .³
701 868 1161 942 arbitrabantur,
1222 876 1608 948 posteaquam
1672 868 1813 930 illud
1878 867 2225 931 humaniore
2288 868 2592 930 atrocitate

251 979 753 1051 temperaverunt.
838 969 985 1031 Nam
1030 970 1200 1042 olim,
1258 968 1533 1049 quoniam
1591 968 1814 1030 animas
1869 970 2279 1031 defunctorum
2334 971 2591 1031 humano

247 1073 538 1151 sanguine
581 1070 896 1152 propitiari
939 1070 1226 1132 creditum
1270 1077 1414 1143 erat,
1468 1069 1771 1149 captivosb
1813 1070 1937 1131 ⁴⁸vel
1978 1071 2131 1132 malo
2173 1066 2410 1149 ingenio
2458 1090 2590 1132 ser-

247 1193 362 1234 vos
404 1173 649 1234 mercati
693 1172 755 1232 in
804 1162 1066 1252 exequiis
1108 1170 1507 1233 immolabant.
1566 1171 1785 1232 Postea
1826 1171 2044 1250 placuit
2082 1171 2436 1251 impietatem
2480 1191 2590 1232 vo-

251 1275 489 1353 luptate
527 1273 892 1335 adumbrare.
981 1274 1182 1352 Itaque
1227 1291 1379 1352 quos
1421 1279 1769 1351 paraverant
1810 1273 2019 1347 armis,
2082 1273 2297 1353 quibus
2354 1281 2493 1333 tunc
2535 1279 2595 1333 et
2672 1263 2675 1271 ’

260 1374 517 1454 qualiter
548 1382 827 1454 poterant
868 1373 1133 1437 eruditos
1177 1381 1403 1435 tantum
1446 1381 1513 1435 ut
1562 1372 1749 1435 occidi
1805 1373 2131 1447 discerent,
2197 1392 2335 1435 mox
2401 1373 2591 1434 edicto

263 1475 366 1536 die
405 1475 756 1536 inferiarum*
784 1474 940 1554 apud
1003 1475 1261 1537 tumulos
1328 1474 1649 1552 erogabant
1664 1486 1706 1535 ⁸.
1793 1474 1879 1536 lta
1942 1484 2193 1537 mortem
2258 1475 2593 1537 homicidiis

264 1575 736 1638 consolabantur.
822 1577 985 1639 Haec
1021 1576 1286 1638 ‘muneri
1328 1576 1527 1653 origo;
1572 1575 1681 1636 sed
1722 1575 2005 1656 paulatim
2038 1577 2297 1657 provecti
2341 1576 2414 1638 ad
2458 1584 2591 1637 tan-

265 1687 377 1738 tam
414 1678 687 1757 gratiam,
734 1677 806 1739 ad
849 1685 1124 1757 quantam
1168 1685 1228 1738 et
1268 1676 1702 1753 crudelitatem,
1766 1678 1901 1758 quia
1932 1677 2224 1739 “serarum
2276 1677 2594 1758 'voluptati

263 1778 401 1838 satis
446 1797 575 1838 non
605 1774 847 1867 ‘giebat‘k
894 1778 1013 1841 nisi
1056 1786 1115 1840 ct
1155 1778 1299 1840 seris
1344 1778 1595 1839 bumana
1642 1797 1893 1858 corpora
1924 1778 2371 1859 dissiparentur.
2419 1778 2594 1852 Quod

261 1898 394 1957 ergo
442 1880 702 1940 mortuis
746 1878 1038 1953 litabatur,
1084 1881 1288 1960 utique
1329 1879 1723 1960 parentationi
1768 1879 2172 1959 deputabatur.
2240 1881 2402 1954 Quae
2449 1899 2591 1960 spc-

1001 1981 1056 2042 ia
1098 1989 1211 2056 est,
1256 1980 1534 2061 quoniam
1578 1989 1640 2041 et
1681 1979 2007 2042 idololatria
2049 1982 2473 2061 parentationis
2503 1990 2598 2042 est

1001 2101 1161 2161 quam
1225 2081 1322 2142 illa
1384 2081 1638 2143 mortuis
1701 2082 2015 2143 ministrat.
2100 2082 2167 2143 In
2224 2091 2595 2144 mortuorum

1001 2182 1050 2244 ia
1113 2182 1500 2245 consistunt·.
1586 2183 1664 2249 Ut
1727 2191 1787 2244 et
1832 2182 2048 2261 ¹titulos
2090 2184 2592 2258 'consideremuS‚

1001 2302 1161 2360 :enus
1227 2283 1504 2345 editionis
1564 2283 1638 2345 ab
1702 2283 2030 2345 bonoribus
2092 2293 2461 2346 mortuorum
2522 2284 2595 2346 ad

1017 2392 1364 2465 quaesturas
1420 2385 1550 2447 dico
1596 2393 1657 2447 et
1696 2386 2074 2464 magistratus
2120 2394 2177 2446 et
2219 2386 2473 2447 flaminia
2537 2394 2598 2448 et

1001 2507 1068 2547 en
1112 2487 1371 2548 nominis
1415 2486 1666 2566 dignitas
1715 2485 2081 2548 idololatriae
2116 2488 2357 2549 crimine
2389 2472 2594 2549 tenea-2

260 2593 372 2661 tur,
417 2606 674 2648 necesse
720 2593 832 2662 est,
879 2588 1206 2670 '‘’quicquid
1250 2578 1566 2669 dignitatis.
1593 2588 1833 2650 nomine
1870 2588 2343 2665 administratur,
2427 2609 2594 2652 com-

1401 2765 1447 2809 εει
1482 2761 1532 2809 in
1550 2759 1713 2809 Aeco.
1784 2758 1829 2808 1.
1867 2758 2202 2815 insignissimis
2239 2759 2286 2808 Α.
2359 2760 2592 2822 indignis-

1404 2844 1447 2879 0.
1518 2835 1659 2890 atque
1714 2828 2031 2889 acceptissimi
2080 2828 2351 2890 Leopoldus.
2423 2843 2478 2876 ac
2512 2842 2594 2876 se-

1403 2895 1577 2944 benias.
1650 2894 1968 2956 acceptissimi
2013 2894 2121 2943 iibri
2157 2908 2327 2942 omnes.
2431 2893 2477 2943 3.
2516 2908 2597 2942 ar-

1401 2963 1498 3011 ?GD.
1606 2960 1675 3009 vcl
1714 2960 1825 3008 maii
1863 2968 2014 3008 status
2052 2961 2101 3009 E.
2172 2960 2240 3007 vet
2258 2994 2596 3010 ............

1437 3032 1485 3077 in
1521 3030 1639 3078 libro
1676 3028 1920 3089 Ayobardi.
2024 3026 2073 3075 5.
2112 3026 2295 3074 muneri
2330 3028 2418 3076 ΑΕ.
2490 3042 2596 3075 mn-

1401 3110 1482 3144 ¹um
1519 3096 1573 3145 D.
1613 3110 1671 3143 τι·
1706 3095 1823 3144 libro
1863 3095 2116 3143 Clementis.
2253 3093 2299 3142 7.
2337 3095 2598 3159 voluptatis

1412 3166 1529 3214 libro
1571 3163 1826 3213 Clementis.
1940 3162 1988 3212 9.
2026 3161 2327 3212 considerem
2358 3164 2408 3212 A.
2519 3162 2598 3212 10.

1479 3364 1597 3426 xm,
1652 3363 1733 3414 33.
1806 3363 2001 3415 Guther.
2047 3364 2124 3414 De.
2162 3363 2270 3413 iure
2307 3362 2509 3414 Manium
2562 3365 2599 3424 Ι,

1482 3432 1562 3482 27.
1611 3447 1659 3496 p.
1712 3431 1822 3481 164.
1880 3432 1976 3493 (ed.
2017 3430 2170 3496 Lips.)
2230 3432 2359 3496 Lips.
2406 3433 2598 3482 Satnrn.

1481 3500 1635 3549 Sei-m.
1673 3500 1711 3558 1,
1748 3498 1794 3550 8.

1550 3584 1592 3619 c.
1641 3564 1921 3633 erogabant]
1967 3567 2016 3617 V.
2054 3567 2210 3617 adnot.
2258 3567 2319 3616 ad
2354 3568 2599 3632 Scorpiac.

1484 3649 1596 3751 Ἥ.
1637 3704 1843 3752 ferarum
1881 3702 2107 3766 voluptati
2145 3702 2260 3751 satis
2296 3716 2392 3750 non
2435 3699 2600 3766 tiebat]

1485 3771 1566 3821 Sic
1601 3768 1907 3819 habet'vetus
1943 3770 2184 3833 exemplar
2215 3768 2466 3831 Agobardi.
2511 3770 2602 3819 Fe-

1485 3854 1566 3889 ras
1603 3846 1742 3886 vocat
1777 3839 1993 3886 homines
2028 3852 2164 3886 saeva
2201 3836 2447 3898 spectandi
2484 3852 2603 3887 con-

1486 3906 1739 3954 suetudine
1786 3907 2023 3955 efferatos.
2078 3905 2287 3966 (Rigalt.)
2357 3904 2427 3955 Cf.
2480 3906 2606 3955 Petr.
2669 3943 2677 3950 ,

1487 3974 1642 4023 Faber
1660 3974 1888 4046 Semestr.
1910 3973 1968 4033 n,
2002 3974 2052 4022 4.
2088 3973 2167 4037 qui
2204 3972 2327 4022 banc
2360 3972 2454 4022 loci
2481 3974 2603 4023 scri-

1489 4050 1677 4107 pturam
1716 4041 1857 4090 etiam
1893 4040 2108 4090 vindicat.

1558 4124 1600 4160 e.
1661 4108 1906 4158 daemonia
1952 4103 2243 4168 consistunt]
2296 4106 2445 4169 igitur
2492 4107 2603 4157 dum

1490 4178 1694 4227 mortuis
1731 4178 1982 4236 ministrat,
2022 4176 2255 4225 ministrat
2290 4175 2571 4224 daemoniis.

1439 4242 1442 4245 ’
1559 4246 1591 4294 i.
1642 4245 1701 4294 ad
1747 4245 1958 4293 honores
2003 4238 2273 4306 viventium]
2331 4243 2441 4291 Vide
2472 4243 2605 4307 Lips.

1489 4312 1677 4429 {tituil-n.
1737 4313 1893 4364 Scrm.
1940 4312 1978 4373 1,
2025 4311 2073 4362 9.
2121 4326 2169 4376 p.
2217 4310 2314 4362 895
2364 4326 2470 4375 sqq.
2533 4311 2604 4360 ed.

1524 4396 1606 4430 esa
1629 4415 1644 4428 .

1558 4464 1602 4509 g.
1642 4447 1847 4496 flaminia
1867 4454 1914 4497 et
1930 4441 2218 4510 sacerdotia]
2253 4446 2374 4497 Hinc
2409 4459 2607 4505 „sacer-

1491 4516 1677 4567 dotales
1714 4514 1845 4565 tud1“
1887 4514 2017 4588 ,pud
2070 4514 2187 4563 Ptin.
2235 4512 2471 4575 Epistj,
2508 4510 2605 4567 24„

1491 4590 1539 4632 et
1575 4583 1909 4647 „pontificales
1944 4581 2080 4632 ludi“
2115 4581 2243 4643 apud
2265 4582 2459 4629 Sueten.
2492 4580 2606 4639 Aug.

1493 4666 1599 4716 cap.
1636 4651 1718 4701 44.
1771 4651 1843 4701 Cf.
1880 4650 2002 4709 infra
2038 4660 2150 4722 cap.
2181 4645 2261 4695 30.
