3263 5311
1241 425 1315 468 ao
1360 424 1650 468 uniones
1696 425 1808 469 us.
1840 425 1881 468 1.
2613 410 2741 474 339

376 574 611 638 alienae
646 573 1098 635 'misericordiae
1128 574 1424 653 exponitis
1456 584 1560 637 aut
1588 576 1652 636 in
1683 574 2112 655 ¹”adoptionem
2143 573 2488 638 melioribus
2516 593 2740 655 paren-

379 675 579 748 tibus,
628 674 1041 736 obliviscimini
1085 682 1303 755 quanta
1344 675 1591 738 materia
1636 676 1844 737 incesti
1886 675 2479 750 ”sumministratun
2525 686 2743 756 quanta

380 776 627 838 occasio
685 774 921 840 casibus
984 774 1294 856 aperitur?
1382 775 1561 838 Plane
1616 795 1692 838 ex
1747 775 1939 856 aliqua
1981 775 2346 854 ”disciplina
2402 779 2739 840 severiores

378 881 490 938 aut
532 883 696 937 certo
741 883 1017 956 respectu
1061 876 1351 938 eiusmodi
1394 876 1724 938 ²'‘eventdm
1780 895 1814 937 a
1857 875 2100 938 libidine
2140 875 2535 956 ”temperatis
2580 897 2736 960 quo·

378 993 621 1056 cunque
662 975 829 1051 loco,
875 975 1035 1039 domi
1080 986 1182 1037 aut
1221 995 1502 1057 peregre,
1548 985 1615 1039 ut
1656 979 1778 1038 non
1809 977 2105 1057 dispersio
2138 977 2430 1043 seminum
2462 987 2522 1040 et
2552 979 2738 1041 saltus

379 1077 663 1156 ²¹*ubique
703 1075 999 1139 luxuriae‘
1040 1076 1446 1139 nescientibus
1491 1076 1648 1139 filios
1694 1078 1858 1151 edat,
1929 1096 2082 1157 quos
2140 1086 2240 1140 aut
2294 1078 2410 1157 ipsi
2453 1085 2734 1158 postmo-

384 1178 532 1239 dum
574 1187 852 1258 parentes
896 1187 996 1241 aut
1022 1178 1175 1240 ”alii
1219 1177 1380 1260 filii*
1422 1177 1764 1250 incursent,
1810 1177 2045 1258 quando
2091 1178 2267 1240 etiam
2297 1186 2554 1242 aetatum
2598 1197 2733 1240 mo-

378 1278 615 1340 deratio
670 1278 914 1341 libidine
972 1279 1207 1342 exclusa
1261 1278 1415 1340 ”sin
1516 1279 1909 1358 Quotcunque
1977 1278 2288 1353 adulteria,
2357 1287 2736 1359 quotcunque

378 1388 626 1458 stupra,
685 1389 1061 1459 quotcunque
1105 1378 1433 1459 publicatae
1474 1378 1790 1442 ”libidinis
1834 1398 2084 1443 errores
2099 1379 2135 1452 ¹,
2206 1380 2330 1441 sive
2385 1381 2600 1442 stativo
2644 1380 2736 1442 vel

379 1478 774 1542 ambulatorio
820 1479 1062 1556 titulo·,
1123 1488 1211 1542 tot
1252 1479 1556 1559 sanguinis
1600 1480 2008 1554 ”mixtiones,
2065 1487 2155 1541 tot
2199 1480 2579 1560 compagines
2626 1499 2731 1559 ge-

377 1581 579 1655 neriS,
625 1589 714 1641 tot
756 1580 894 1642 inde
940 1577 1225 1642 traduces
1260 1581 1333 1642 ad
1374 1581 1699 1653 incestum3
1745 1581 1900 1642 unde
1932 1581 2081 1642 adeo
2112 1580 2308 1643 mimis
2339 1588 2400 1642 et
2427 1580 2733 1654 comoedis

376 1691 868 1761 argumentorum
912 1700 1095 1744 venae
1137 1683 1356 1756 fluunt,
1417 1682 1573 1744 unde
1617 1683 1730 1744 ista
1773 1700 2010 1761 quoque
2053 1681 2185 1744 talis
2242 1689 2380 1742 ante
2435 1651 2734 1760 tragoedia

379 1783 610 1862 erupit,
678 1781 967 1844 Fusciano
1024 1785 1323 1862 praefecto
1383 1782 1525 1845 Urbi
1581 1782 1946 1844 ”iudicatam
2057 1782 2213 1843 Puer
2273 1781 2456 1843 nobili
2515 1800 2733 1861 genere

382 1935 465 1985 19.
507 1935 813 1998 adoptionem
850 1938 924 1985 ab.
998 1935 1246 2000 adoptio.,.
1281 1933 1395 2000 Aaep.
1422 1942 1462 1986 et
1480 1932 1577 1998 Αβ.
1684 1934 1762 1984 20.
1802 1935 2196 1984 subministratur
2228 1933 2547 1999 A(m.pr.)eb.
2649 1933 2730 1983 21.

376 2002 637 2066 disciplina
673 2003 939 2052 severiores
977 2006 1020 2052 b.
1091 2003 1343 2066 disciplina
1380 2004 1607 2053 meliores
1641 2017 1694 2065 γ.
1745 2001 2215 2066 disciplinamiores
2238 1999 2382 2066 Αφα.
2471 2000 2552 2051 22.
2591 2015 2733 2051 even·

374 2079 485 2120 tum
522 2072 601 2118 Aa.
683 2078 935 2119 eventuum
973 2071 1016 2119 b.
1134 2069 1214 2120 23.
1265 2071 1545 2134 temperatis
1593 2084 1881 2135 quocunque
1916 2067 2073 2131 Αβαὸ.
2157 2070 2436 2132 temperatis
2471 2105 2536 2118 .....
2554 2084 2584 2132 q
2618 2067 2733 2133 Αφ.

375 2136 466 2187 24.
504 2136 681 2199 ubique
718 2137 930 2188 luxuriae
965 2138 1291 2187 nescientibus
1327 2140 1404 2189 ab.
1475 2138 1653 2201 ubique
1669 2174 1760 2186 .......
1779 2137 2105 2186 nescientibus
2139 2133 2237 2198 Αρ.
2258 2143 2300 2185 et
2315 2134 2431 2199 Αφ.
2505 2134 2613 2185 ·25.
2652 2137 2734 2185 alii

376 2204 469 2254 filii
512 2205 759 2253 incursent
789 2217 843 2266 γ.
916 2204 995 2255 alii
1013 2242 1079 2254 .....
1107 2206 1352 2254 incursent
1388 2207 1460 2256 ab.
1534 2205 1614 2254 alii
1635 2242 1714 2254 .....
1736 2212 1844 2253 sent
1878 2202 1994 2268 Αφ.
2065 2203 2147 2252 alii
2165 2239 2284 2252 ........
2306 2212 2414 2254 seut
2447 2201 2542 2265 Αβ.
2651 2202 2733 2252 26.

376 2272 462 2321 sit.
512 2272 827 2334 Quotcunque
864 2272 1097 2323 adulteria
1134 2274 1208 2322 ab.
1291 2273 1355 2322 sit
1372 2271 1660 2321 ‚....dulteria
1698 2269 1810 2336 Αφ.
1890 2272 1969 2320 ait.
2019 2271 2058 2329 Q
2080 2307 2158 2319 ......
2178 2269 2411 2320 adulteria
2445 2268 2543 2330 Αβ.
2651 2269 2733 2320 27.

382 2338 597 2389 libidinis
631 2352 825 2389 errores
860 2340 957 2388 sive
992 2340 1160 2389 stativo
1196 2353 1250 2402 y.
1321 2339 1531 2389 libidinis
1547 2376 1643 2389 ......
1659 2340 1755 2389 sire
1777 2340 1944 2388 stativo
1963 2339 2039 2388 ab.
2111 2337 2325 2388 libidinis
2348 2355 2427 2387 .;....
2449 2337 2590 2387 tativo
2617 2335 2733 2402 Αφ.

384 2405 599 2455 libidinis
612 2442 761 2455 ......
778 2407 875 2457 sive
909 2408 1078 2456 stativo
1113 2404 1213 2469 Αβ.
1283 2408 1367 2457 Pro
1404 2421 1597 2456 errores
1629 2410 1785 2472 possis
1822 2413 1865 2456 et
1900 2418 2092 2467 genera.
2209 2403 2290 2455 28.
2327 2405 2608 2465 mixtiones,
2665 2413 2736 2454 tot

380 2474 693 2537 compagines
729 2476 803 2540 «ἠ.
887 2473 1140 2524 mixtiones
1160 2474 1460 2538 ....„pagines
1493 2472 1590 2538 Αβ.
1628 2483 1671 2525 et
1704 2472 1820 2538 Αφ.
1925 2471 2006 2524 29.
2044 2472 2264 2524 iudicata.
2304 2472 2428 2523 Puer
2465 2472 2613 2522 nobili
2650 2487 2738 2535 ge-

376 2555 499 2591 nere
533 2548 673 2592 natus
710 2557 808 2604 eye.
879 2542 1083 2591 iudicata
1119 2541 1369 2605 punitione
1403 2550 1598 2592 senatus
1633 2544 1714 2592 Aa.
1788 2541 1992 2591 iudicata
2020 2541 2268 2604 punitione
2295 2547 2457 2590 reatus
2495 2543 2538 2592 b.
2610 2540 2735 2590 iudi·

376 2617 484 2660 cata
521 2608 796 2671 cognitione
831 2617 1028 2660 senatus
1067 2610 1386 2675 Gomorredua.

1609 2757 1716 2795 cum
1756 2743 1974 2792 Pertinax
2010 2742 2164 2792 lactus
2201 2750 2291 2791 est.
2344 2742 2479 2792 Tune
2515 2740 2736 2792 Pertinax

1609 2810 1924 2860 interficiendi
1963 2809 2213 2859 Commodi
2264 2809 2607 2858 conscientiam
2644 2807 2732 2857 de-

1609 2876 1754 2926 latam
1791 2877 1884 2926 sibi
1921 2877 1980 2925 ab
2017 2877 2126 2924 aliis
2148 2890 2247 2925 non
2286 2874 2456 2937 sugit-‘⁶
2497 2875 2584 2923 Ubi
2623 2874 2731 2923 obi·

1606 2952 1680 2993 ter
1719 2943 2003 2993 illustranda
2042 2943 2236 2992 veniunt
2255 2941 2337 2992 illa
2373 2941 2544 2991 verba:
2582 2941 2730 3004 „quia

446 2746 478 2794 i.
514 2745 670 2795 saltus
708 2744 885 2808 ubique
922 2739 1161 2810 luxuriae]
1233 2744 1299 2794 De
1333 2759 1506 2808 graeca

374 2812 503 2861 haec
538 2811 753 2861 adverbii
790 2825 897 2861 cum
933 2811 1229 2861 substantivo
1265 2820 1504 2863 structura

374 2879 663 2928 adnotatum
700 2886 773 2929 est
807 2878 866 2927 ad
904 2878 1105 2943 Apolog.
1143 2894 1250 2943 cap.
1286 2879 1335 2930 9.

452 2945 502 2994 k.
538 2941 647 3010 tilii]
717 2946 764 2996 b.
813 2961 855 2995 e.
903 2945 1059 2995 liberi.
1110 2946 1186 2997 Cf.
1233 2948 1395 2997 adnot.
1446 2946 1507 2995 ad

378 3010 589 3076 Apolog.
626 3027 726 3076 cap.
761 3012 810 3063 9.

458 3079 492 3128 l.
537 3079 805 3143 publicatae
854 3078 1066 3131 libidinis
1122 3075 1339 3144 errores]
1411 3079 1503 3131 Pro

374 3162 563 3198 errores
619 3149 781 3211 possis
835 3149 979 3197 etiam
1025 3163 1207 3210 qenera.
1278 3147 1504 3197 Ceterum

370 3222 513 3265 recte
548 3215 891 3278 interpretatur
926 3214 1282 3265 Gotbol'redus:
1339 3214 1504 3263 libidi-

370 3297 491 3332 nem
512 3296 801 3345 quocunque
836 3282 1027 3331 tandem
1053 3282 1161 3331 loco
1200 3295 1308 3331 cum
1340 3289 1503 3331 scorto

375 3356 430 3398 et
476 3349 781 3412 publicarum
826 3348 1078 3399 libidinum
1126 3349 1314 3399 victima
1364 3363 1501 3399 exer-

377 3417 546 3466 citam.

448 3498 512 3532 m.
550 3484 649 3533 sive
683 3484 851 3533 stativo
888 3483 958 3532 vel
981 3482 1300 3532 ambulatorio
1337 3477 1505 3547 titulo}

368 3550 563 3613 Nempe
589 3553 771 3611 stativo,
811 3551 970 3613 domi3
1001 3552 1320 3611 ambulatorio,
1360 3560 1504 3614 pere-

268 3649 278 3657 ·
372 3632 483 3682 gre.
519 3618 782 3676 (Gothosr.)

450 3699 498 3734 u.
534 3684 770 3735 Fusciano
806 3684 1051 3749 praesecto
1089 3683 1202 3737 Urbi
1256 3678 1505 3749 iudicata]

368 3751 708 3802 Memorabilis
750 3767 870 3802 sane
926 3752 1044 3802 haec
1096 3752 1327 3811 historia,
1380 3765 1504 3815 quae

368 3818 535 3884 paulo
565 3827 675 3868 ante
722 3819 812 3869 hos
849 3819 1043 3868 libellos
1079 3820 1261 3877 evenit,
1312 3826 1357 3868 et
1392 3819 1502 3881 qui·

372 3887 492 3937 dem
533 3886 786 3936 Commodi
822 3885 995 3949 lmper.
1034 3887 1354 3951 temporibus.
1408 3885 1502 3934 Fu-

370 3954 577 4003 sciauus
626 3955 833 4017 quippe,
876 3955 1012 4004 cuius
1067 3954 1144 4003 hic
1199 3952 1378 4002 mentio
1431 3954 1500 4012 tit,

366 4022 472 4072 fnit
520 4021 796 4071 Praefectus
834 4021 947 4071 Urbi
1001 4021 1091 4071 sub
1141 4019 1407 4070 Commodo
1443 4020 1495 4068 Α.

369 4088 437 4138 D.
481 4085 622 4149 193.;
672 4088 721 4137 in
757 4103 850 4152 qua
903 4103 1015 4138 mox
1050 4088 1353 4137 Praefectura
1411 4088 1500 4136 Ur-

367 4155 489 4205 bica
527 4155 824 4205 Pertinacem
870 4155 1038 4219 (paulo
1085 4162 1196 4218 post
1230 4155 1498 4218 imperato-

366 4222 507 4281 rem)
542 4236 874 4272 successorem
897 4223 1077 4272 habuit.
1116 4223 1418 4286 Capitolinus
1452 4221 1503 4271 in

347 4285 481 4338 ‘Vita
509 4289 773 4339 Pertinacis
810 4284 1003 4354 [cap.‘4,
1041 4304 1089 4352 p.
1104 4290 1188 4339 55.
1224 4283 1504 4354 A.Salm.]:

368 4357 642 4418 „Pertinax
664 4356 938 4408 Praefectus
963 4357 1079 4408 Urbi
1115 4359 1300 4407 sactus:
1339 4357 1387 4406 in
1409 4371 1503 4419 qua

366 4425 689 4475 Praefectura
714 4431 839 4488 -post
884 4425 1205 4483 Fuscianum,
1259 4424 1505 4475 homiuem

364 4506 636 4552 severum,
702 4492 924 4542 Pertinax
977 4492 1257 4541 mitissimus
1312 4498 1361 4541 et
1416 4491 1508 4539 hu·

364 4560 693 4611 suauissimus
728 4559 846 4611 suit:
884 4565 930 4609 et
963 4559 1055 4623 ipsi
1091 4558 1358 4609 Commodo
1396 4558 1507 4621 plu-

367 4629 560 4679 rimum
595 4627 967 4693 placuit,‚quia
1002 4626 1084 4676 iile
1132 4632 1286 4688 esset,
1332 4626 1508 4676 iterum

1609 3010 1691 3060 ille
1728 3018 1886 3068 esset,
1941 3011 2114 3060 iterum
2161 3023 2272 3059 cum
2307 3009 2527 3058 Pertinax
2575 3009 2731 3059 tactus
2792 3027 2839 3050 ··

1609 3076 1736 3128 est.“
1807 3077 1990 3126 Sensus
2027 3077 2168 3140 igitur
2204 3076 2297 3125 loci
2355 3075 2485 3125 illius
2524 3075 2601 3125 hic
2636 3083 2730 3134 est,

1606 3145 1876 3194 Commodo
1915 3145 2023 3194 ideo
2059 3155 2252 3208 quoque
2283 3143 2580 3193 Pertinacem
2615 3143 2731 3207 plu·

1608 3213 1782 3262 rimum
1819 3211 2091 3276 placuisse,
2136 3210 2247 3274 quia
2299 3210 2404 3275 ipse
2439 3219 2570 3259 esset
2604 3224 2728 3273 quo-

1606 3294 1701 3343 quo
1737 3279 1923 3339 consul,
1962 3293 2069 3329 eum
2092 3279 2310 3328 Pertinax
2347 3278 2520 3328 iterum
2557 3276 2727 3327 consul

1604 3348 1760 3396 sactus
1809 3353 1909 3406 est,
1959 3347 1989 3395 i.
2028 3361 2069 3395 e.
2125 3346 2236 3410 quia
2272 3346 2378 3410 ipse
2429 3346 2729 3397 Commodus

1603 3414 1875 3478 Imperator
1910 3414 2109 3463 baberet
2143 3413 2192 3461 in
2216 3412 2468 3463 consulatu
2492 3413 2730 3475 collegam

1602 3481 1903 3532 Pertinacem
1940 3481 2111 3533 iterum
2149 3480 2418 3540 consulem,
2454 3487 2502 3530 et
2536 3482 2607 3532 sic
2641 3482 2727 3531 de·

1602 3550 1821 3611 signatur
1856 3549 1952 3599 illis
1985 3548 2143 3598 verbis
2177 3549 2229 3597 Δ.
2265 3548 2323 3598 D.
2363 3547 2474 3598 194.
2545 3548 2729 3612 Nempe

1604 3616 1908 3681 Principibus
1930 3616 2156 3666 Romanis
2177 3615 2249 3665 vel
2274 3616 2476 3666 maxime
2499 3614 2728 3678 placuere

1604 3691 1748 3748 atque
1802 3683 1970 3733 exinde
2025 3684 2099 3732 his
2148 3684 2305 3732 favere
2352 3697 2407 3731 se
2462 3682 2725 3744 plurimum
2823 3702 2828 3707 ·

1604 3751 1931 3810 testabantur,
1979 3765 2101 3814 quos
2136 3748 2347 3813 privatos
2383 3748 2475 3797 sibi
2514 3746 2766 3810 collegas*

1605 3818 1653 3866 in
1693 3817 1943 3867 consulatu
1983 3825 2028 3866 et
2064 3816 2258 3880 quidem
2279 3816 2450 3883 iterum
2479 3813 2723 3863 adscisce·

1600 3891 1726 3933 rent.
1765 3883 1988 3933 Ceterum
2014 3881 2240 3947 loquendi
2259 3882 2379 3930 haec
2404 3881 2559 3929 forma
2594 3879 2723 3942 apud

1602 3951 1843 4001 Historiae
1877 3953 2116 4016 Augustae
2160 3948 2452 4011 scriptores,
2506 3954 2559 3996 ut
2594 3947 2724 3996 desi-

1602 4019 1758 4080 gnatis
1809 4017 2061 4067 consulum
2116 4015 2392 4066 nominibus
2425 4022 2474 4065 et
2520 4028 2723 4064 numero

1599 4099 1765 4136 vocem
1803 4093 1961 4135 tamen
1999 4084 2161 4135 consul
2183 4083 2255 4132 vel
2292 4082 2560 4133 cumulatus
2579 4082 2725 4132 omit-

1601 4160 1786 4204 terent:
1834 4166 2008 4216 nempe
2061 4152 2125 4201 ita
2170 4153 2256 4202 boc
2292 4152 2484 4209 stillo,
2542 4150 2724 4199 omissa

1603 4235 1718 4271 voce
1753 4222 2036 4272 consulibus.
2109 4218 2174 4268 lta
2213 4226 2261 4268 et
2294 4217 2577 4281 Spartianus
2614 4217 2723 4266 loco

1604 4289 1787 4353 pariter
1833 4289 2066 4338 hactenus
2113 4301 2210 4336 non
2260 4285 2504 4335 intellecto
2542 4285 2590 4333 iu
2625 4284 2726 4333 Vita

1604 4356 1826 4405 Adriani:
1849 4355 1940 4415 „In
1959 4354 2233 4418 adoptionis
2250 4353 2566 4416 sponsionem
2585 4350 2726 4409 veuit,

1607 4422 1774 4472 Palma
1809 4431 1856 4471 et
1891 4423 2068 4482 Celso,
2120 4420 2327 4470 inimicis
2375 4433 2571 4482 semper
2605 4418 2725 4475 suis,

1609 4497 1656 4541 et
1691 4504 1814 4552 quos
1867 4497 2035 4553 postea
2089 4488 2195 4552 ipse
2245 4488 2491 4537 insecutus
2526 4491 2628 4541 est,
2677 4482 2727 4531 in

1606 4557 1935 4620 suspicionem
1959 4557 2206 4605 affectatae
2226 4552 2488 4616 tyrannidis
2507 4550 2728 4614 lapsos.“

1608 4623 1685 4698 {iit
1716 4624 1874 4675 Palma
1920 4631 1966 4674 et
2001 4623 2130 4673 Celso
2175 4634 2266 4686 pro
2305 4620 2457 4670 Palma
2507 4623 2549 4668 et
2585 4616 2730 4667 'Celso

2308 4699 2425 4752 22*
