3263 5311
679 393 807 457 520
1199 407 1402 458 onim-1
1449 406 1713 450 sermm
1757 406 2087 450 nonanus
2133 406 2523 449 rsnrunnum

675 578 773 623 me
815 558 1142 621 confusus¹¹
1183 556 1363 618 fuerit
1401 572 1604 619 coram
1648 555 2024 629 bominibus,
2070 565 2135 619 et
2159 574 2271 636 ego
2299 555 2629 619 confundar
2656 572 2795 619 eum
2820 570 3022 625 coram

677 668 848 741 patre
903 677 1072 728 meo,
1138 657 1298 736 “qui
1353 666 1449 719 est
1501 658 1566 720 in
1620 657 1849 729 caelis„
1930 657 2166 721 Sciebat
2221 658 2383 719 enim
2434 677 2471 719 a
2522 656 2879 718 connisione
2934 656 3022 719 vei

675 760 930 825 maxime
971 759 1217 821 formari
1260 758 1725 838 ³⁶negationem3
1784 758 2004 821 mentis
2044 766 2263 821 statum
2318 760 2381 820 in
2423 758 2619 820 fronte
2660 757 3022 830 consistere3

674 862 941 944 priorem
984 878 1128 921 esse
1166 859 1415 939 pudoris
1460 878 1639 939 quam
1681 860 1955 938 corporis
1997 859 2248 940 plagam.

737 958 742 963 ’
846 962 965 1035 Qui
1008 978 1149 1025 vero
1194 979 1322 1022 non
1359 960 1487 1035 hic,
1532 961 1594 1021 id
1640 969 1766 1034 est,
1812 979 1936 1022 non
1980 960 2135 1022 intra
2176 961 2336 1022 bunc
2376 959 2661 1023 ambitum
2689 966 2885 1021 terrae
2914 976 3026 1020 nec

674 1081 785 1145 per
836 1062 998 1125 hunc
1043 1070 1439 1127 commeatum
1495 1062 1685 1124 vitae·
1738 1080 1851 1124 nec
1902 1061 2060 1145 apud
2101 1060 2377 1123 homines
2434 1060 2614 1122 buius
2638 1060 2675 1107 -¹
2690 1058 3022 1121 communis

672 1170 919 1227 naturae
961 1162 1406 1224 confessionem
1447 1171 1658 1241 putant
1712 1161 2151 1235 constitutam&
2209 1169 2425 1241 quanta
2477 1159 2888 1241 praesumptio
2934 1167 3023 1221 est

676 1265 960 1353 adversus
1006 1282 1245 1326 omnem
1290 1263 1563 1327 ordinem
1606 1281 1808 1324 rerum
1848 1264 1913 1324 in
1957 1262 2134 1324 terris
2178 1262 2347 1325 'istis
2402 1270 2465 1324 et
2506 1262 2568 1323 in
2611 1263 2730 1323 vita
2770 1262 2888 1323 ista
2930 1261 3025 1322 ³et

675 1344 789 1427 sub
845 1366 1119 1428 humanis
1173 1364 1571 1444 potestatibus
1629 1361 2174 1444 experiundarum?
2258 1362 2552 1427 Nimirum
2606 1381 2741 1424 cum
2792 1361 3027 1423 animae

674 1466 749 1527 de
793 1464 1148 1545 corporibus
1190 1465 1591 1527 ¹¹excesserint
1647 1473 1707 1526 et
1759 1483 1871 1544 per
1924 1464 2151 1543 singula
2216 1463 2471 1527 tabulata
2526 1462 2864 1527 caelorum·
2917 1463 3024 1523 ⁵de

672 1565 956 1647 recepto⁴¹
1014 1565 1224 1645 dispici
1280 1566 1590 1645 coeperint
1634 1574 1695 1627 et
1737 1565 2089 1644 interrogari
2133 1565 2378 1627 ⁶arcam
2434 1564 2535 1625 illa
2586 1564 3023 1639 haereticorum

641 1657 1069 1740 sacramenta,
1114 1675 1254 1728 tunc
1294 1667 1697 1730 confitendum
1740 1667 1896 1745 apud
1937 1685 2110 1727 veras
2154 1673 2480 1745 potestates
2538 1672 2598 1725 et
2651 1683 2827 1743 yeros
2871 1664 3021 1725 ‘'ho-

673 1766 895 1842 mines,
943 1766 1184 1828 Teletos
1231 1766 1459 1835 scilicet
1501 1776 1561 1828 et
1603 1767 2001 1839 ⁸Abascantos
2046 1776 2106 1828 et
2146 1767 2429 1828 Acinetos
2472 1765 2843 1849 Valentini·.‚
2892 1766 3019 1826 No-

459 988 568 1046 Csp.
587 985 640 1031 X.

673 1918 754 1968 55.
793 1919 874 1983 qui
911 1926 984 1968 est
1019 1918 1066 1967 in
1105 1919 1251 1968 caelis
1286 1918 1383 1982 Αβ.
1455 1921 1536 1985 qui
1575 1920 1619 1969 in
1660 1919 1807 1970 caelis
1844 1928 1916 1968 est
1950 1920 2135 1983 reliqui.
2240 1917 2320 1968 56.
2359 1919 2729 1979 negotiationem
2766 1916 2818 1967 Α.

809 1988 926 2051 Cap.
965 1987 1017 2036 Χ.
1115 1988 1159 2037 1.
1197 1988 1468 2036 communis
1504 1996 1704 2038 naturae
1737 1989 1789 2037 Δ.
1872 1995 2071 2036 naturae
2118 1987 2389 2037 communis
2421 1988 2608 2050 reliqui.
2722 1983 2771 2034 2.
2820 1986 2929 2035 istis
2973 1985 3021 2034 in

670 2055 761 2105 vita
797 2057 846 2104 A.
2332 2054 2379 2103 5.
2417 2053 2477 2102 de
2512 2060 2708 2115 recepto
2743 2051 2894 2103 scat».
2964 2052 3023 2102 de

672 2130 895 2185 respecto
931 2123 982 2171 A.
1052 2123 1113 2171 de
1150 2130 1345 2185 receptu
1383 2123 1612 2183 Latinius,
1656 2121 1761 2171 Croi
1796 2123 1990 2185 Specim.
2022 2119 2167 2185 ,uz-2.
2252 2120 2311 2170 de
2347 2128 2605 2185 praecepto
2645 2119 2889 2182 nequitias.
2974 2118 3021 2168 6.

671 2190 878 2239 archana
899 2188 998 2253 Αβ.
1087 2190 1136 2239 7.
1173 2189 1395 2239 homiues
1414 2190 1610 2240 Teletos
1633 2190 1752 2239 Bc«.
1823 2190 2044 2239 homines
2062 2188 2291 2239 Tbeietos
2326 2191 2371 2238 b.
2441 2188 2733 2237 homi-esu
2762 2187 2888 2237 letos
2904 2185 3018 2252 Δφ.

670 2256 719 2307 8.
756 2257 973 2320 aginetos
1009 2266 1057 2309 et
1092 2258 1349 2308 abscantos
1386 2254 1498 2323 Αφ.
1571 2257 1867 2306 Abascantos
1904 2266 1951 2306 et
1984 2256 2211 2318 Aginetos
2246 2256 2361 2306 sea.
2433 2256 2731 2304 Abascantos
2767 2263 2817 2303 et
2850 2254 3019 2304 Acine-

669 2333 747 2375 tos
784 2327 828 2375 b.
897 2325 1192 2375 Abascantos
1229 2332 1276 2374 et
1309 2326 1539 2387 Ageratos
1574 2325 1704 2374 Fulv.
1745 2324 1953 2374 Ursinus.
2024 2325 2317 2375 Abascantos
2354 2331 2401 2372 et
2435 2324 2708 2384 Agennetos
2734 2322 2813 2371 Fr,
2845 2322 3017 2371 Iunius.

953 2053 1000 2104 3.
1038 2062 1086 2104 et
1119 2055 1228 2104 subi
1268 2056 1488 2105 humanis
1522 2053 1636 2120 Αφ.
1740 2055 1789 2104 4.
1828 2063 2138 2104 excesserunt
2170 2055 2222 2105 A.

1895 2474 2114 2524 sponsum
2130 2458 2200 2509 vel
2218 2459 2510 2523 promissum.
2558 2456 2904 2506 Examinantnr
2924 2456 3019 2504 sci-

1897 2526 2010 2576 licet
2044 2526 2231 2575 animae
2268 2533 2570 2574 mortuorum
2606 2532 2653 2573 et
2682 2523 3019 2587 dispiciuntur,

1896 2608 1958 2642 an
2006 2594 2116 2643 ndei
2171 2607 2288 2643 suae
2337 2599 2478 2655 atque
2512 2592 2785 2655 promissis,
2839 2590 3020 2654 quibus

1894 2677 2005 2712 sese
2042 2662 2233 2711 Christo
2270 2660 2565 2718 addixerant,
2600 2659 2827 2709 steterint.

1964 2744 2006 2778 e.
2054 2729 2248 2779 Teletos
2294 2728 2482 2778 scilicet
2536 2736 2583 2776 et
2630 2726 2917 2775 Abascantos
2968 2733 3019 2772 et

1894 2797 2118 2847 Acinetos
2155 2791 2428 2860 Valentini]
2478 2795 2608 2844 Haec
2656 2791 2882 2843 vocabula
2930 2806 3015 2840 re-

1894 2865 2146 2928 periuntur
2192 2864 2315 2913 inter
2362 2876 2513 2924 nugas
2561 2860 3022 2920 Valentinianorum,

739 2473 783 2507 n.
834 2459 914 2522 qui
964 2473 1041 2506 me
1088 2454 1346 2523 confusus]
1402 2458 1473 2508 Cf.
1523 2457 1590 2506 De
1641 2459 1795 2508 Carne

671 2524 849 2575 Christi
886 2540 992 2590 cap.
1016 2524 1095 2586 5.,
1153 2526 1261 2574 Adv.
1311 2525 1539 2574 Marcion.
1591 2525 1663 2585 w,
1693 2523 1793 2584 21„

668 2592 738 2643 De
776 2592 1022 2642 idololatr.
1065 2607 1167 2657 cap.
1191 2593 1267 2642 13.

738 2662 803 2711 Ca
842 2697 856 2710 .
908 2661 962 2711 X.
1051 2677 1096 2710 a.
1148 2676 1238 2726 per
1290 2663 1416 2710 hunc
1471 2668 1793 2710 commeatum

669 2728 788 2778 vitae
850 2728 917 2778 De
953 2743 1067 2778 voce
1103 2735 1377 2779 commeatus
1396 2728 1550 2792 deque
1571 2728 1675 2777 eius
1703 2742 1791 2777 usu

669 2798 729 2847 ct.
769 2797 994 2846 adnotata
1030 2797 1089 2846 ad
1127 2797 1194 2846 De
1232 2797 1356 2858 Fuga
1395 2810 1501 2859 cap.
1527 2794 1575 2845 2.

737 2864 783 2914 b.
834 2865 1190 2914 confessionem
1245 2872 1416 2929 putant
1461 2859 1791 2925 constitutam]

670 2930 768 2980 iam
803 2931 1069 2995 respondet
1103 2932 1161 2981 ad
1189 2932 1308 2982 iilud
1333 2931 1672 2982 Gnosticorum
1711 2945 1790 2979 ar-

657 3006 955 3059 gumentum,
1004 2999 1065 3048 de
1118 3014 1214 3064 qno
1264 3014 1411 3062 supra
1459 2998 1612 3062 cap.l
1656 2998 1789 3057 „Sed

657 3067 943 3126 nescidnt,“
1000 3067 1181 3131 inquit,
1238 3067 1523 3130 „simplices
1579 3067 1784 3125 animae,

654 3134 772 3196 quid
806 3134 1052 3197 quomodo
1075 3134 1306 3197 scripturn
1334 3134 1413 3192 sit,
1453 3133 1530 3182 ubi
1560 3142 1605 3182 et
1629 3148 1786 3197 qnan-

654 3200 717 3249 do
754 3208 798 3250 ct
838 3215 1001 3251 coram
1039 3202 1214 3265 quibus
1251 3200 1635 3252 confitendum.“
1708 3200 1780 3249 Cf.

655 3267 847 3317 Advers.
889 3268 1120 3332 Valentin.
1162 3283 1267 3332 cap.
1288 3267 1368 3318 30.

657 3350 767 3448 Ado.
805 3348 894 3448 pez·
920 3333 1116 3450 singula
1155 3335 1364 3449 taguiata
1398 3329 1669 3451 caefggruin]
1710 3333 1781 3383 Cf.

730 3415 766 3450 v.
841 3415 949 3449 aen
974 3415 1037 3450 in.
1077 3416 1180 3464 cap.
1243 3437 1283 3461 .,
1332 3416 1438 3465 cap.
1541 3438 1554 3449 .
1591 3418 1618 3451 e
1676 3415 1781 3466 cap.

661 3465 727 3516 30
762 3481 786 3516 s
859 3503 870 3515 .
1748 3507 1751 3512 .

725 3534 772 3584 d.
790 3482 853 3583 (ἐξ
874 3530 1096 3599 recepto]
1117 3534 1434 3584 Scribendum
1450 3537 1506 3585 de
1519 3544 1780 3600 praecepto.

655 3599 725 3650 De
757 3611 1016 3664 praecepto
1045 3602 1215 3665 dispici
1250 3610 1340 3661 est,
1379 3603 1554 3667 inquiri
1593 3611 1639 3651 et
1668 3618 1779 3653 exa-

657 3668 858 3728 minari.
876 3684 934 3718 an
962 3676 1220 3732 praecepto
1242 3669 1418 3719 Christi
1456 3671 1785 3734 paruerimuS,

656 3750 716 3785 an
765 3736 1002 3786 fuerimus
1049 3743 1325 3786 constantes
1375 3738 1422 3786 in
1474 3738 1783 3787 confessione

656 3804 868 3853 nominis
894 3804 1070 3854 Christi
1110 3817 1271 3853 coram
1310 3806 1646 3869 potestatibus
1680 3806 1782 3865 (Ri-

654 3871 790 3942 gait.)
839 3871 1070 3922 Iudicium
1091 3872 1299 3934 Rigaitii,
1335 3872 1415 3936 qui
1454 3874 1510 3922 de
1539 3880 1781 3938 praecepto

654 3940 828 4000 corrigi
867 3931 1212 4000 vult,’‘firmare
1239 3939 1423 3989 videtur
1440 3940 1614 3989 similis
1644 3940 1781 3989 iocus

653 4006 795 4058 buius
833 4007 986 4070 ipsius
1023 4008 1211 4070 capitis,
1262 4007 1344 4057 nbi
1381 4008 1529 4062 codex
1565 4008 1780 4069 Agobar-

655 4073 702 4122 di
741 4081 787 4121 et
824 4087 989 4137 margo
1038 4074 1263 4123 editionis
1316 4075 1551 4138 principis
1606 4075 1783 4124 babent

656 4140 827 4200 „Quae
864 4155 1013 4204 porro
1050 4142 1171 4191 fides
1192 4157 1372 4203 rerum,
1410 4152 1461 4192 ut
1481 4150 1595 4206 post
1612 4157 1779 4192 exces-

653 4220 763 4256 sum
799 4208 858 4256 ad
893 4221 1106 4271 superna
1142 4209 1419 4259 sublevatus
1445 4210 1547 4260 ittic
1581 4210 1779 4274 prober,

651 4289 747 4338 quo
784 4289 880 4324 non
917 4276 1010 4325 nisi
1046 4276 1140 4326 iam
1179 4277 1412 4340 probatus
1462 4272 1781 4341 imponerer?

651 4342 847 4394 iniuste
875 4350 1118 4410 praecepio
1169 4347 1486 4414 exqmintirer,
1539 4360 1636 4409 quo
1686 4344 1779 4394 nisi

649 4411 975 4460 admittendus
1040 4413 1290 4473 pervenire
1343 4427 1438 4462 non
1502 4408 1778 4477 possem-‘P‘

643 4478 743 4526 Alii
771 4486 1084 4528 correxerunt
1105 4481 1162 4529 de
1185 4487 1383 4550 receptu,
1425 4487 1629 4544 utroque
1653 4481 1779 4529 ioco.

653 4544 765 4594 Mihi
819 4546 1010 4609 quidem
1059 4547 1311 4596 retinenda
1349 4548 1544 4597 *ridetur
1590 4547 1776 4609 vulgata

651 4613 891 4674 scriptura
957 4621 1005 4663 ct
1061 4622 1290 4678 receptum
1363 4615 1778 4680 interpretandum

1895 2932 2067 2995 quibus
2104 2929 2435 2992 significabant
2470 2930 2691 2979 homines
2726 2941 2865 2977 veros
2901 2940 3018 2990 per-

1895 3001 2069 3078 fectos3
2104 2997 2500 3074 insaciabiles„
2524 3003 2824 3072 constantes,
2860 2988 3021 3043 τελεί-

1889 3079 1999 3120 ους,
2038 3058 2430 3128 αβασκᾶντους,
2470 3076 2771 3123 ακινητους.
2805 3061 3021 3124 (Rigalt.)

1887 3134 2056 3182 Fronc.
2098 3133 2279 3192 lunius,
2317 3132 2398 3196 qui
2436 3132 2635 3181 rescribi
2672 3131 2772 3180 vult
2805 3129 3019 3190 „Thele-

1887 3209 1963 3250 tos
1999 3201 2186 3250 scilicet
2232 3209 2281 3248 ot
2314 3200 2609 3249 Abascantos
2662 3207 2711 3248 et
2742 3194 3043 3258 Agennetos‘

1888 3268 2155 3318 Valentini“
2223 3268 2342 3316 haec
2400 3267 2492 3316 sibi
2553 3273 2858 3315 commentus
2917 3272 3019 3312 est:

1886 3335 2108 3395 „Sensus
2146 3342 2221 3383 est
2257 3335 2442 3384 animas
2479 3335 2526 3382 in
2563 3333 2767 3382 salutem
2791 3339 3016 3381 venturas
3060 3338 3075 3344 “

1886 3417 1974 3466 per
2008 3408 2195 3452 Aeonas
2231 3402 2479 3465 proximos
2512 3410 2561 3450 et
2598 3400 2795 3449 ultimos
2840 3407 2889 3447 et
2924 3414 3015 3447 no·

1885 3470 1960 3519 bis
2012 3470 2434 3519 coniunctissimos
2484 3470 2741 3534 probatum
2789 3467 2847 3515 iri
2884 3465 3015 3530 apud

1885 3533 2082 3587 ordines
2120 3537 2476 3587 Gnosticorum.
2548 3536 2669 3585 Tres
2717 3541 2877 3583 antem
2928 3547 3016 3582 eo-

1886 3619 1992 3654 rum
2042 3604 2236 3653 ordines
2286 3604 2383 3653 sive
2420 3603 2604 3653 classes
2640 3603 2688 3658 iu
2726 3603 2820 3650 boc
2868 3615 3015 3662 argn-

1887 3680 2055 3721 mento
2106 3672 2284 3721 statuit.
2375 3671 2507 3724 Unus
2562 3683 2729 3720 eorum
2792 3676 2867 3717 est
2934 3667 3015 3732 qui

1884 3740 2073 3788 Aeonas
2128 3753 2298 3787 omnes
2354 3739 2635 3799 coniugatos
2694 3736 3015 3794 tradiderunt,

1885 3806 2128 3857 secundus
2179 3821 2349 3855 eorum
2398 3807 2477 3870 qui
2527 3806 2810 3866 coniugatus
2863 3816 3015 3864 nega-

1885 3882 2014 3933 runt,
2052 3874 2221 3923 tertius
2258 3873 2466 3938 denique
2519 3886 2685 3921 eornm
2722 3869 2806 3934 qni
2842 3871 3015 3922 coniu-

1886 3949 2023 4002 gatos
2076 3955 2131 3990 ex
2181 3949 2316 4005 parte
2364 3940 2616 3989 votuerunt
2668 3947 2714 3988 et
2770 3952 2826 3986 ex
2878 3944 3016 4000 parte

1884 4008 2104 4069 effinges,
2153 4017 2299 4070 prout
2335 4007 2573 4056 faciebant
2608 4007 2689 4071 qui
2727 4004 3013 4066 Ogdoadem

1882 4089 2019 4125 snam
2040 4075 2189 4139 Bytho
2212 4082 2620 4139 praestruxerunt.
2669 4072 2860 4122 Primus
2889 4069 3010 4121 ordo

1882 4144 2082 4206 proprie
2117 4143 2499 4206 simpliciterque
2519 4133 2751 4190 Valentini
2784 4140 2894 4199 fuit,
2932 4137 3013 4201 qui

1884 4210 2138 4259 'theletum
2180 4212 2282 4259 sive
2332 4209 2569 4259 Philotam
2621 4209 2668 4256 in
2704 4206 2885 4256 Aeonis
2934 4204 3011 4255 ul-

1882 4279 1983 4326 timi
2034 4278 2368 4340 coniugstione
2416 4276 2543 4326 colio
2633 4276 2683 4324 it.
2776 4274 2850 4325 Cf.
2901 4273 3025 4322 Adri

1883 4344 2115 4395 Valentin.
2165 4359 2269 4408 cap.
2295 4344 2343 4393 8.
2380 4352 2428 4393 et
2462 4359 2569 4408 cap.
2636 4339 2683 4391 2.
2755 4340 3011 4391 Secundus

1884 4413 2006 4462 ordo
2043 4428 2070 4462 a
2106 4412 2352 4461 Valentino
2390 4412 2539 4472 fluxit,
2592 4423 2760 4460 eorum
2814 4422 3011 4472 nempe,

1883 4479 1983 4543 qui,
2020 4488 2072 4529 ut
2106 4480 2314 4541 coniugii
2350 4478 2559 4528 dedecus
2596 4477 2791 4540 aBytbo
2831 4476 3009 4526 avelle-

1880 4554 2005 4606 rent,
2028 4546 2229 4596 «uuilnm
2267 4548 2310 4597 ei
2333 4561 2499 4596 sexum
2520 4546 2886 4610 deputaverunt.
2934 4541 3007 4592 Cf.

1879 4614 1990 4665 Λᾶν.
2030 4614 2262 4666 valentin.
2311 4629 2415 4678 cap.
2442 4613 2521 4666 34.
2610 4615 2763 4677 Atque
2799 4612 2849 4661 bi
2886 4624 3007 4675 pro·
