3263 5311
815 405 838 432 0

745 470 821 513 ne
865 469 1089 515 intumo
1135 469 1426 513 Anvsnsus
1467 468 1813 514 rsrcmcos.
2331 454 2457 519 859

176 619 250 680 les
285 636 375 680 nos
411 628 537 680 ante
579 618 858 700 pabulum
905 628 966 682 et
1005 627 1210 699 potum
1254 620 1317 681 in
1374 619 1598 699 virgine
1655 618 1848 681 adhuc
1902 617 2115 681 saliva·
2178 621 2459 684 exhibere

177 720 426 782 consuerit
464 719 645 781 rebus
691 720 970 783 duntaxat
1009 720 1228 783 ’sensu
1270 719 1544 799 agendis,
1603 739 1723 800 quo
1768 718 1962 781 divina
2004 728 2358 802 tractantur,
2406 721 2461 784 si

171 820 323 882 multo
359 819 716 899 pollentioris
760 821 1010 896 mentis,
1078 822 1132 882 si
1185 821 1376 883 multo
1429 820 1742 883 vivacioris
1798 819 2031 892 cordis.
2094 838 2267 900 quam
2326 841 2462 885 cum

168 928 328 983 totum
383 919 516 982 illud
583 920 948 983 domicilium
1013 922 1317 984 interioris
1383 922 1644 983 hominis
1711 921 1869 983 escis
1924 921 2236 1002 stipatum,
2310 922 2463 985 vinis

166 1021 494 1095 inundatum,
559 1022 996 1102 *decoquendis
1042 1023 1158 1084 iam
1217 1022 1582 1086 stercoribus
1639 1022 1949 1083 ⁸aestuans
2004 1022 2463 1103 praemeditato-

161 1124 295 1185 rium
334 1124 564 1185 efficitur
605 1122 1012 1197 latrinarumb,
1057 1123 1118 1184 in
1162 1141 1282 1202 quo
1325 1123 1498 1204 plane
1536 1122 1686 1183 nihil
1738 1130 1860 1184 tam
1914 1123 1975 1183 in
2030 1111 2307 1204 proiimo
2353 1143 2460 1186 su-

157 1224 320 1304 persit
356 1241 513 1303 quam
560 1224 632 1285 ad
675 1223 972 1286 lasciviam
1018 1242 1248 1304 sapere.
1349 1223 1717 1285 Manducavit
1757 1223 2015 1304 populus
2063 1234 2124 1286 et
2164 1224 2345 1300 bibit,
2404 1235 2463 1288 et

158 1332 505 1386 surrexerunt
546 1324 771 1386 ludere.
847 1324 1125 1404 Intellege
1168 1331 1404 1387 sanctae
1447 1324 1776 1404 scripturae
1821 1325 2235 1387 verecundiam
2262 1326 2462 1389 lusum

151 1424 255 1487 nisi
293 1424 636 1506 impudicum
680 1443 803 1487 non
848 1423 1213 1487 denotasset.
1287 1425 1563 1486 Ceterum
1607 1407 2085 1505 quotusquisque
2123 1425 2462 1488 meminerit

150 1525 452 1606 religionis,
500 1525 801 1605 occupatis
847 1525 1168 1586 memoriae
1213 1525 1392 1599 loci5‚
1440 1525 1741 1605 impeditis
1774 1525 2097 1605 sapientiae
2126 1525 2463 1608 membris?

144 1627 314 1688 Nemo
365 1627 437 1688 ita
482 1636 546 1688 ut
589 1614 787 1701 decet,
847 1626 926 1687 ita
981 1635 1048 1689 ut
1087 1645 1197 1706 par
1240 1635 1366 1700 est,
1422 1626 1502 1686 ita
1557 1634 1624 1687 ut
1681 1625 1821 1686 utile
1865 1634 1991 1699 est,
2054 1628 2464 1690 recordabitur

2516 1219 2652 1264 Exod.

2489 1270 2652 1324 xxxii,
2661 1273 2702 1315 6.

145 1727 232 1789 dei
272 1728 356 1788 'in
397 1746 466 1789 eo
513 1735 782 1807 tempore
826 1745 944 1805 quo
988 1727 1208 1807 ipsum·
1233 1726 1349 1787 sibi
1379 1725 1685 1787 bominem
1716 1726 1989 1788 excidero
2025 1728 2314 1790 sollemne
2345 1737 2460 1791 est.
2548 1753 2555 1760 ·

142 1827 371 1889 Omnem
400 1827 759 1908 disciplinam
803 1826 995 1888 victus
1038 1835 1139 1888 aut
1181 1826 1396 1888 occidit
1437 1834 1539 1887 aut
1568 1825 1851 1888 vulnerat.
1926 1828 2210 1902 Mentior,
2256 1832 2305 1892 si
2338 1847 2460 1892 non

136 1928 394 1990 dominus
434 1929 569 2009 ipse
612 1927 970 1989 oblivionem
1011 1927 1109 1989 sui
1154 1925 1519 2007 exprobrans
1564 1926 1773 1988 Israeli
1828 1943 2065 1988 causam
2107 1929 2461 2008 plenitudini

133 2030 439 2110 ⁷reputav.
519 2027 889 2090 Incrassatus
935 2039 1031 2089 est
1071 2027 1320 2089 dilectus
1365 2037 1426 2089 et
1466 2026 1875 2106 pinguefactus
1921 2035 1982 2089 et
2023 2027 2299 2091 dilatatus
2346 2038 2457 2105 est,
2484 2021 2727 2126 xffflffis·

130 2139 187 2193 et
228 2130 525 2210 dereliquit
569 2128 924 2212 delum-qui
966 2128 1104 2190 fecit
1147 2146 1316 2201 eum,
1364 2135 1425 2188 et
1466 2127 1760 2189 abscessit
1800 2147 1832 2188 a
1863 2127 2106 2189 domino
2139 2131 2457 2193 salutifica-

126 2239 253 2294 tore
295 2249 424 2294 suo.
522 2230 790 2308 Denique
834 2229 897 2289 in
941 2229 1153 2290 eodem
1193 2227 1662 2290 Deuteronomio
1708 2228 1955 2290 eandem
2000 2247 2240 2292 causam
2282 2249 2461 2311 prae-

123 2332 311 2394 caveri
354 2331 593 2405 iubens,
659 2330 778 2404 Ne,
821 2329 1047 2409 inquit,
1090 2347 1224 2391 cum
1267 2327 1715 2391 manducaveris
1772 2336 1834 2389 et
1872 2327 2097 2391 hiberis
2142 2338 2203 2391 et
2245 2331 2458 2393 domos
2475 2318 2641 2411 VDW·

119 2433 369 2514 optimas
413 2431 843 2504 aedificaveriS,
910 2429 1120 2492 ovibus
1165 2439 1226 2492 et
1266 2429 1461 2491 bubus
1505 2429 1625 2490 tuis
1672 2428 2067 2508 multiplicatis
2112 2437 2174 2490 et
2215 2439 2459 2510 argento

116 2542 176 2595 et
218 2551 363 2595 auro
408 2533 722 2594 extollatur
761 2549 870 2592 cor
913 2539 1081 2592 tuum
1125 2539 1185 2591 et
1228 2529 1600 2592 obliviscaris
1658 2530 1885 2591 domini
1939 2529 2035 2591 dei
2076 2531 2184 2593 tui.
2270 2532 2457 2594 Prae—

106 2634 313 2718 posuit
356 2633 727 2713 corruptelae
769 2631 1104 2694 divitiarum
1134 2622 1449 2694 'edacitatis
1491 2631 1901 2694 enormitatem
1924 2680 1940 2705 ,
1987 2631 2080 2695 cui
2109 2632 2278 2714 ipsae
2306 2632 2459 2696 divi-

109 2737 226 2798 tiae
269 2744 611 2816 procurant.
718 2734 834 2794 Per
876 2731 1037 2795 ‘illas
1082 2732 1310 2796 scilicet
1349 2734 1743 2795 incrassatum
1789 2743 1915 2795 erat
1956 2751 2061 2794 cor
2101 2733 2337 2813 populi,
2382 2752 2461 2795 ne

104 2837 301 2900 oculis
346 2837 577 2898 videret
619 2842 679 2897 et
721 2835 965 2896 auribus
1021 2833 1251 2897 audiret
1307 2843 1367 2896 et
1417 2833 1602 2895 corde
1659 2834 1958 2894 coniceret
2010 2832 2285 2914 adipibus
2342 2833 2457 2895 ob-

104 2948 370 3011 structo,
419 2956 566 3016 quas
609 2935 962 2998 nominatim
1005 2936 1136 2997 esui
1180 2934 1452 3007 abstulit,
1510 2933 1808 2995 dedocens
1863 2934 2164 2995 hominem
2221 2935 2462 3014 saginae

104 3039 374 3101 studere.
466 3036 740 3098 Ceterum
784 3035 877 3097 cui
922 3055 1028 3098 cor
1067 3036 1365 3097 'erectum
1418 3035 1621 3115 potius
1666 3034 2074 3096 inveniebatur
2115 3054 2292 3114 quam
2334 3037 2453 3099 im-

2508 2372 2579 2422 m,
2594 2375 2640 2416 12
2650 2387 2746 2432 sqq.

2469 3025 2706 3081 Deut.VIII,
2718 3032 2760 3074 3.

2472 3075 2579 3119 Luc.
2592 3078 2642 3120 lv
2669 3081 2708 3123 ².
2721 3084 2763 3125 4.

104 3141 485 3218 Jinguatum,
533 3137 686 3217 ¹⁰qui
731 3136 1115 3216 quadraginta
1157 3136 1366 3199 diebus
1409 3135 1777 3215 totidemque
1814 3134 2089 3198 noctibus
2125 3154 2307 3216 supra
2332 3111 2765 3197 hu-²¹⁸“¹¹·¹*³·²·⁴·

104 3259 310 3302 nanae
357 3249 608 3299 naturae
651 3238 981 3299 facultatem
1025 3236 1307 3298 ieiunium
1350 3232 1700 3317 perennavit
1744 3235 1993 3315 spiritali
2037 3236 2153 3298 fide
2182 3236 2459 3300 virtutem

104 3339 635 3413 iubministrante,
698 3346 757 3400 et
795 3338 941 3399 vidit
995 3337 1181 3398 oculis
1239 3337 1335 3399 dei
1386 3337 1637 3417 gloriam
1692 3347 1752 3398 et
1806 3335 2030 3398 audivit
2072 3337 2315 3398 auribus
2360 3338 2453 3400 dei

104 3459 324 3503 ocem·
358 3449 422 3501 et
464 3440 645 3502 corde
689 3438 943 3501 coniecit
984 3438 1079 3500 dei
1120 3440 1315 3518 legem
1359 3438 1473 3499 iam
1529 3446 1671 3500 tuuc
1726 3437 1995 3501 docentis
2051 3456 2175 3500 non
2217 3438 2280 3501 in
2325 3437 2456 3500 solo

105 3561 247 3606 »ane
299 3541 506 3603 vivere
549 3540 885 3614 hominem,
951 3540 1057 3601 sed
1113 3539 1176 3600 in
1233 3539 1394 3600 omni
1448 3538 1630 3600 verbo
1689 3539 1819 3614 dei,
1888 3556 2020 3600 cum
2066 3537 2305 3622 quidem
2349 3558 2460 3600 nec

104 3662 298 3725 usum
343 3642 597 3722 Moysen
642 3641 754 3703 deo
809 3650 1046 3720 pastum
1107 3641 1142 3671 ¹¹
1159 3640 1534 3720 inediamque
1591 3640 1719 3702 eius
1778 3639 2076 3701 ¹²nomine
2133 3640 2457 3719 saginatam

104 3752 452 3808 cnstanter
493 3742 880 3823 contemplari
923 3741 1144 3803 valeret
1184 3740 1462 3821 pinguior
1487 3741 1767 3819 populus.
1831 3740 2041 3802 Merito
2073 3741 2252 3819 igitur
2281 3740 2455 3801 etiam

105 3972 106 3979 ,
162 3944 333 3980 seusu
371 3932 466 3981 AB.
549 3944 723 3979 sensus
761 3930 882 3980 cm
952 3929 1001 3978 4.
1053 3928 1113 3977 de
1163 3928 1426 3993 coquendis
1461 3929 1512 3978 A.
1616 3928 1665 3976 5.
1714 3934 1999 3976 exaestuans
2045 3927 2165 3975 liber
2201 3924 2457 3977 Clementis.

161 4013 228 4047 eo
272 3998 324 4047 in
369 4007 596 4062 tempore
631 3998 684 4049 A.
786 3997 834 4046 7.
870 4003 1064 4061 reputat
1096 3996 1218 4046 ABG.
1289 3996 1487 4058 deputat
1519 3995 1592 4055 0.,
1630 3995 1759 4044 Futv.
1782 3994 1991 4043 Ursinus.
2080 3991 2128 4043 8.
2165 3991 2249 4042 illa
2284 3994 2336 4043 A.
2402 3992 2453 4042 9.

105 4065 564 4185 ‘elit-ufflsssussiber
599 4066 852 4115 Ctemeiatis.
959 4064 1038 4113 10.
1077 4064 1158 4128 qui
1210 4078 1298 4114 om.
1332 4063 1422 4112 GD.
1529 4062 1607 4110 II.
1648 4052 1957 4125 mediamque'
1985 4062 2039 4110 A.
2147 4058 2225 4109 12.
2264 4061 2459 4111 numine

123 4268 275 4332 Cap.
315 4267 428 4317 Ἦ(
489 4282 532 4316 a.
571 4267 617 4316 in
656 4267 836 4329 virgine
872 4266 1030 4317 adhuc
1063 4260 1236 4330 saliva]
1335 4265 1525 4325 „Quale
1574 4264 1693 4314 illud
1742 4263 1971 4319 ieiunium
2028 4270 2119 4322 est,
2173 4270 2255 4311 aut
2300 4263 2458 4327 qualis

153 4343 245 4385 est
287 4348 414 4384 cum
456 4335 602 4385 saliva
640 4343 804 4384 nostra
859 4334 1017 4385 adhuc
1051 4349 1076 4383 a
1113 4340 1232 4399 potu
1336 4332 1419 4381 illa
1445 4333 1648 4382 refectio
1673 4339 1788 4396 post
1817 4330 2066 4390 ieiunium,
2101 4344 2206 4379 eum
2227 4331 2458 4393 pridianis

139 4404 273 4452 cibo
319 4403 511 4452 intacta
549 4402 694 4452 ieiuni
715 4416 899 4452 sumus.
919 4402 1014 4462 (Fr.
1032 4399 1234 4462 Iunius.)
1335 4399 1493 4464 epulis
1547 4399 1883 4457 distendimur,
1939 4403 1987 4447 et
2033 4403 2194 4460 guttur
2239 4405 2457 4446 nostrum

104 4511 114 4521 .
175 4472 349 4519 etiam
396 4470 564 4518 adnot.
602 4471 660 4519 ad
698 4470 897 4533 apolog.
935 4483 1040 4532 cap.
1060 4468 1109 4520 9.
1338 4466 1692 4517 meditatorium
1731 4467 1937 4515 efficitur
1973 4459 2329 4515 latrinarum?“

106 4542 171 4588 b.
221 4537 735 4601 praemeditatorium
790 4536 997 4585 efficitur
1033 4536 1231 4586 latrina·
1405 4549 1446 4584 c.
1482 4535 1716 4598 reputat]
1767 4533 1990 4582 Revocavi
2040 4531 2293 4594 genuinam
2333 4529 2456 4579 scri-

104 4602 190 4671 m]
241 4606 496 4655 Imitatur
531 4604 851 4667 Hieronymus
887 4603 999 4653 Adr.
1027 4602 1232 4653 Iovinia·
1337 4609 1546 4666 pturam.
1613 4601 1662 4650 V.
1699 4600 1862 4651 adnot.
1911 4599 1972 4650 ad
2004 4599 2075 4649 Do
2111 4598 2244 4649 Orat.
2281 4597 2457 4661 eaput.

104 4689 166 4726 m
224 4673 316 4736 11,
382 4686 440 4737 p.
470 4670 586 4721 205.
651 4677 769 4722 tom.
807 4671 878 4721 tv.
930 4670 1006 4722 ed.
1052 4669 1230 4721 neusa.
