3263 5311
1290 427 1369 470 ΒΕ
1414 427 1735 474 ΟΙΑῚΊΟΝΒ.

2577 420 2706 490 567

346 572 444 635 sic
487 572 649 635 enim
686 572 910 638 adeunt
950 573 1025 636 ad
1068 573 1227 637 idola
1267 575 1601 640 natioues¹¹.
1715 577 1894 651 Quod
1943 578 2152 659 utique
2198 581 2303 644 ¹'si
2346 582 2474 646 fieri
2520 603 2708 665 opor-

344 683 542 749 teret,
588 672 935 754 ¹'apostoli‚
1003 675 1104 756 qui
1148 674 1224 738 de
1265 676 1473 739 babitu
1515 676 1727 742 orandi
1772 676 2019 751 docent,
2079 682 2710 763 comprehendissent3

340 773 466 836 nisi
509 775 565 836 si
608 775 710 855 qui
753 765 965 856 putant
1000 775 1250 840 Paulum
1292 776 1603 857 paenulam
1662 795 1833 842 suam
1890 778 1954 840 in
1998 781 2271 844 oratione
2324 802 2510 864 penes
2557 779 2745 850 Car-n
2759 800 3012 856 rim.1v,1s.

340 893 489 955 pinu
534 873 873 956 reliquisse.
948 875 1107 938 Deus
1153 876 1383 940 scilicet
1421 895 1546 940 non
1584 878 1789 942 audiat
1827 879 2215 959 paenulatos,
2261 882 2358 962 qui
2405 891 2530 947 tres
2561 904 2705 950 san·-
2744 886 2969 992 „1¹³¹ng

346 985 480 1038 ctos
525 976 588 1038 in
628 978 868 1038 fornace
902 975 1257 1057 ¹³Babylonii
1299 977 1459 1058 regis
1505 987 1746 1041 orantes
1790 997 1924 1040 cum
1956 980 1996 1013 ¹⁴
2014 981 2309 1044 sarabaris
2353 992 2416 1045 et
2445 984 2703 1050 waaris·
2802 966 2815 986 ’
2970 968 2986 982 ’

350 1076 481 1139 suis
526 1076 843 1139 exaudivit.
2547 1129 2556 1134 .
2597 1149 2612 1157 ·

517 1177 668 1239 Item
710 1177 873 1256 quod
917 1178 1245 1257 'assignata
1292 1179 1599 1241 oratione·
1656 1180 1954 1243 assidendi
1999 1199 2134 1244 mos
2180 1191 2274 1245 est
2326 1184 2703 1263 quibusdam,
2741 1193 2974 1251 Car-Ul·

344 1295 473 1340 non
519 1277 855 1358 'perspicio
892 1278 1221 1354 rationem,
1260 1276 1414 1341 'nisi
1458 1299 1635 1360 quam
1677 1282 1848 1362 pueri
1890 1281 2153 1344 voluntb.
2230 1283 2388 1355 Quid
2416 1286 2605 1361 enim,
2649 1288 2706 1350 si

344 1377 603 1440 Bet-mas
648 1377 748 1440 ille
761 1390 802 1452 ⁸,
847 1378 1017 1440 cuius
1048 1380 1343 1460 scriptura
1372 1382 1498 1443 sere
1524 1380 1764 1444 Pssron
1803 1382 2176 1457 inscribitur,
2223 1391 2518 1448 transacta
2562 1405 2702 1454 ors-

347 1479 513 1540 tione
556 1496 681 1539 non
724 1497 906 1558 super
948 1479 1164 1541 lectum
1206 1480 1570 1557 assedisset,
1636 1500 1842 1544 verum
1896 1483 2054 1545 aliud
2110 1483 2252 1563 quid
2306 1485 2578 1560 fecisset,
2642 1488 2704 1549 id

348 1598 587 1661 quoque
629 1578 703 1640 ad
749 1578 1229 1642 observationem
1271 1580 1756 1644 vindicaremus?
1843 1582 2057 1663 Utique
2111 1601 2257 1644 non.
2345 1585 2705 1666 Simpliciter

342 1681 513 1743 enim
552 1688 614 1741 et
654 1697 813 1742 nuuc
851 1680 1119 1758 positum
1161 1690 1285 1755 est,
1352 1681 1499 1746 Cum
1552 1683 1899 1746 adorassem
1953 1691 2015 1745 et
2067 1682 2464 1748 *assedissem
2520 1700 2705 1766 super

346 1779 627 1853 lectum¹,
672 1779 748 1842 ad
791 1780 1065 1844 ordinem
1104 1781 1501 1857 narrationis,
1546 1784 1705 1846 “non
1748 1784 1821 1845 ad
1866 1784 2055 1846 instar
2095 1784 2462 1876 disciplinae.
2531 1786 2700 1852 Alio-

350 1933 432 1982 tt.
470 1933 512 1982 si
550 1932 652 1981 fleri
689 1940 938 1996 oporteret
970 1934 1182 1984 ACDabc.
1257 1936 1359 1983 [leri
1396 1945 1624 2000 oportere
1660 1936 1710 1984 B.

344 2000 462 2051 stoli
500 2013 624 2064 qnae
662 2000 712 2049 G.
794 2001 1099 2064 apostolique
1133 2006 1184 2052 A.
1312 2001 1389 2052 ta.
1426 2002 1685 2065 Babylonis
1720 2002 1769 2052 B.

342 2067 470 2118 ABG.
582 2066 658 2116 15.
698 2068 846 2130 tyaris
882 2068 1063 2117 scobe.

486 2133 602 2199 Cap.
640 2134 749 2184 xv1.
824 2133 902 2183 DE
936 2134 1275 2186 AssmENno
1314 2135 1472 2186 POST
1507 2134 1880 2186 ΟΒΔΤΙΟΝΕΙ.
1944 2135 2062 2187 item
2108 2137 2298 2188 Aeone.
2367 2139 2503 2190 Abest
2537 2141 2703 2190 titulus

344 2204 398 2251 in
434 2204 509 2252 ab.
602 2200 647 2250 1.
684 2203 923 2263 assignata
959 2203 1012 2252 B.
1083 2202 1329 2265 adsis-nata
1366 2204 1452 2254 Ac.
1542 2203 1589 2252 2;
1630 2203 1840 2267 perspici
1877 2203 2146 2254 orationem
2182 2204 2268 2257 BC.
2351 2203 2398 2255 3.
2438 2207 2529 2256 nisi
2556 2221 2701 2269 quam

346 2271 487 2333 pueri
523 2268 701 2318 volunt.
751 2268 875 2327 Quid
911 2269 1039 2319 euim
1075 2270 1116 2320 si
1149 2270 1203 2320 B.
1274 2270 1368 2320 nisi
1405 2272 1445 2319 si
1479 2271 1697 2321 AGDebc.
1801 2270 1852 2319 4.
1887 2270 2126 2320 sedissem
2162 2272 2216 2321 B.
2320 2272 2369 2322 5.
2406 2287 2496 2324 nos
2532 2274 2585 2324 Β.

1819 1934 1899 1985 12.
1938 1936 2165 2000 apostoli,
2202 1937 2283 2000 qui
2318 1937 2498 1989 BDabc.
2579 1952 2702 2003 apo-

1882 2003 1958 2052 14.
2007 2003 2252 2053 sarabaris
2290 2004 2426 2055 Dabr-
2514 2006 2702 2057 sabaris

347 2403 416 2454 De
444 2401 598 2452 Pallio
635 2417 740 2466 cap.
763 2403 794 2453 5
830 2402 1057 2462 „Nullius
1094 2404 1313 2467 proiecto
1349 2404 1472 2454 alte-

344 2471 451 2520 rius
511 2470 781 2520 indumenti
832 2473 1061 2535 expositio
1123 2485 1266 2534 quam
1333 2479 1473 2534 togae

348 2536 671 2600 gratuleturf‘
754 2537 875 2587 ibid.
914 2537 1060 2600 paulo
1096 2546 1237 2601 post:
1290 2539 1471 2597 „etiam

350 2619 458 2657 cum
496 2606 759 2670 munstur,
800 2604 917 2655 nulli
956 2607 1086 2655 cruci
1124 2605 1171 2655 in
1209 2606 1469 2657 crastinum

349 2672 738 2731 demandatur&
776 2673 837 2723 ad
872 2688 997 2737 quae
1030 2673 1171 2724 verba
1192 2690 1234 2724 v.
1249 2674 1473 2724 Salmasii

349 2741 593 2790 adnotata.
699 2740 922 2803 cyprian.
972 2741 1060 2805 Ep.
1114 2743 1172 2790 ad
1215 2742 1469 2792 Antonian.

348 2822 401 2871 p.
431 2806 544 2857 113.
599 2806 675 2856 ed.
726 2807 875 2857 Oxou.
940 2808 1264 2867 „Mortificate
1312 2810 1472 2873 itaque

355 2875 566 2925 membra
603 2882 777 2933 vestra,
815 2889 937 2938 qnae
977 2877 1022 2924 in
1061 2885 1186 2925 terro
1223 2884 1351 2935 sunt,
1389 2892 1473 2926 ex-

348 2949 568 3005 ponentes
605 2942 991 3002 l'ornicutionem,
1039 2943 1389 2992 immunditiam
1427 2952 1474 2992 et

355 3009 792 3072 concupiscentiam
843 3008 1053 3059 malsm“
1103 3017 1233 3069 cett.¹
1290 3009 1470 3058 Arnob.

349 3075 463 3125 Λᾶν.
500 3075 623 3126 Nati.
665 3076 725 3133 ll,
756 3075 816 3125 41
879 3077 1146 3140 „omnique
1195 3076 1291 3126 alio
1340 3077 1470 3126 cultu

348 3143 558 3205 vigorem
595 3143 830 3193 virilitatis
865 3151 915 3192 et
952 3159 1180 3207 etpomre
1214 3150 1262 3192 et
1298 3145 1345 3193 in
1383 3143 1470 3192 ba-

346 3210 502 3260 bitnm
555 3210 845 3260 feminarum
893 3210 1188 3273 deliciasque
1236 3208 1470 3261 molliri.“

348 3276 421 3326 ld.
442 3276 515 3335 lv,
532 3275 598 3327 26
633 3291 847 3337 „nomeu
887 3278 1167 3339 virginitatis
1186 3275 1473 3342 exponeres

348 3344 425 3395 Cf.
463 3343 677 3394 Hildebr.
729 3344 790 3394 ad
836 3345 1014 3394 Aruob.
1062 3343 1239 3403 1v‚2t.
1287 3343 1468 3408 pass.

1574 2396 1686 2467 γὰρ
1732 2396 1827 2452 καὶ
1858 2398 2106 2480 ninives,
2166 2399 2261 2453 καὶ
2308 2396 2531 2456 ἐνέδυσεν
2576 2400 2700 2460 τοὺς

1575 2465 1810 2523 πέπλους
1846 2464 1913 2518 τὰ
1949 2461 2314 2537 ἇγαλματα.“

1648 2553 1688 2587 e.
1729 2552 1836 2588 cum
1886 2539 2132 2589 sarabaris
2187 2548 2237 2589 et
2283 2536 2442 2601 tiaris]
2505 2540 2577 2590 Cf.
2631 2539 2699 2590 De

1575 2605 1697 2655 Pall.
1736 2620 1842 2670 esp.
1860 2605 1909 2655 4.
1966 2605 2033 2655 De
2071 2606 2264 2657 Resurr.
2292 2607 2460 2658 Carnis
2496 2621 2549 2655 ca
2588 2606 2699 2659 .58.

1645 2674 1762 2738 Cap.
1799 2674 1923 2730 xvi„
1980 2689 2024 2724 s.
2062 2677 2304 2736 assignata
2342 2621 2583 2737 oratioue']1
2616 2674 2699 2724 lu·

1574 2747 1905 2804 terpretantur
1967 2741 2106 2803 vulgo
2166 2748 2389 2804 peracta,
2444 2740 2515 2789 vel
2565 2741 2697 2790 finita

1575 2808 1814 2867 oratione,
1868 2809 1997 2871 quod
2042 2822 2218 2857 sensus
2254 2806 2503 2869 postulare
2538 2806 2699 2857 videa·

1574 2885 1670 2931 tur,
1707 2875 1793 2924 sed
1831 2883 1905 2924 est
1941 2876 2162 2925 oratioue
2198 2874 2370 2924 dicatu.
2431 2873 2697 2938 essen-p.

1576 2957 1682 3004 cap.
1709 2941 1752 2991 8·
1791 2955 2069 3003 „verennes
2119 2941 2308 2990 cruoris
2361 2940 2436 2988 sni
2485 2941 2698 2991 maculas
2805 2942 2810 2949 “

1575 3008 1795 3057 silicibus
1831 3006 2144 3071 adsiqnaus.“
2195 3006 2262 3057 De
2279 3007 2479 3057 Patient.
2507 3006 2696 3071 cap.13

1576 3075 1842 3136 „virginem
1878 3072 2149 3137 (patientia)
2174 3073 2432 3137 adsa‘quaW
2462 3076 2550 3134 (sc.
2566 3075 2697 3132 deo).

1574 3142 1650 3192 cf.
1708 3141 1776 3191 De
1824 3141 1943 3191 Pali.
1993 3156 2110 3206 cap..
2134 3141 2183 3191 t.
2244 3148 2292 3190 et
2341 3140 2411 3190 De
2465 3140 2698 3195 Pudicitia

1574 3224 1629 3260 cs
1670 3245 1682 3258 .
1706 3208 1788 3259 20.

1634 3224 1691 3325 11)).
1729 3275 1821 3326 nisi
1856 3290 1999 3340 quam
2038 3276 2174 3339 pueri
2209 3269 2414 3340 volunt]
2463 3274 2532 3324 lta
2569 3273 2698 3324 edidi

1573 3358 1629 3394 ex
1678 3343 1844 3392 codice
1880 3343 2214 3393 Ambrosiano.
2285 3343 2490 3393 Puerilis
2537 3350 2696 3393 autem

345 3418 398 3461 et
431 3410 658 3461 Buenem.
708 3412 769 3462 ad
808 3412 1017 3463 Lactant.
1068 3412 1185 3462 lust.
1223 3411 1321 3462 θῦν.
1358 3410 1396 3469 l.
1420 3411 1468 3461 7.

346 3491 398 3542 p.
419 3477 505 3528 46.
542 3477 626 3536 nt,
647 3477 728 3528 26.
750 3493 799 3542 p.
813 3477 931 3528 403.
970 3480 1094 3529 etad
1113 3478 1265 3539 vn,5.
1290 3494 1336 3543 p.
1353 3478 1471 3528 886.

419 3544 466 3594 d.
504 3546 577 3596 sic
613 3547 739 3595 euim
765 3545 944 3595 adeunt
969 3546 1026 3595 sd
1055 3546 1184 3596 idola
1207 3542 1473 3606 nationes]

347 3611 559 3663 Paenula
588 3614 789 3662 vestium
808 3626 961 3674 genus
980 3613 1085 3672 tuit,
1110 3628 1232 3676 quss
1249 3612 1472 3676 pluvioso

346 3678 623 3743 [rigidoque
659 3679 794 3729 caelo
823 3689 1008 3730 veteres
1026 3681 1303 3730 induebant.
1357 3679 1472 3738 Has,

346 3754 607 3811 snteqnsm
644 3748 870 3809 precibus
908 3762 1107 3811 operam
1141 3748 1328 3805 darent,
1362 3747 1471 3809 qui·

345 3813 461 3863 dam
499 3826 524 3861 e
562 3813 849 3864 Christianis
901 3814 1215 3879 deponendas
1267 3813 1472 3864 arbitra-

346 3880 541 3931 bantur.
611 3880 750 3939 Quod
787 3895 898 3931 vero
934 3882 1134 3932 Tertul'
1170 3896 1261 3931 nus
1305 3881 1388 3940 ait,
1424 3880 1471 3930 id

348 3948 661 3999 consuevisse
720 3948 824 3997 fieri
893 3948 955 3997 ab
1001 3948 1090 3997 Nat
1176 3948 1283 3997 ibus
1344 3945 1471 3996 idola

348 4013 657 4074 adeuntibus,
706 4014 923 4078 Aeschyli
972 4016 1212 4078 interpres
1260 4015 1473 4065 Grseens

349 4082 640 4131 confirmare
676 4080 877 4133 videtur.
966 4082 1140 4133 Nescio
1177 4081 1292 4146 quid
1329 4081 1472 4130 etiam

349 4147 413 4198 de
459 4148 805 4198 mutationibus
862 4150 1058 4198 vestium
1116 4149 1163 4198 in
1213 4147 1473 4199 Gentilium

348 4214 506 4266 sacris
540 4216 647 4279 ipse
682 4215 1009 4265 Tertullianus
1045 4214 1191 4266 babet
1226 4214 1295 4264 De
1320 4213 1473 4264 Pallio

350 4296 460 4347 cap.
486 4281 534 4331 4.
570 4281 783 4343 (Mutat.)
868 4282 1033 4332 Sebol.
1070 4281 1242 4332 Aescb.
1277 4280 1474 4344 Septem

350 4364 395 4399 c.
433 4349 584 4399 Tbeb.
622 4364 663 4403 v..
690 4348 814 4399 101:
860 4341 1050 4406 „Here
1097 4344 1274 4415 στέφη
1313 4342 1474 4414 ῥῖψα·

347 4428 455 4481 μεν
491 4408 523 4474 ἢ
557 4410 792 4469 πέπλους
822 4409 911 4465 ἐπὶ
943 4413 1064 4479 γῆς,
1120 4406 1152 4475 ἢ
1190 4414 1308 4472 νῦν,
1347 4426 1474 4480 τρα-

349 4481 543 4532 πεῒσαι
572 4475 662 4532 ἐπὶ
695 4477 975 4532 litaretur
1023 4476 1126 4542 τὴν
1158 4476 1285 4549 περὶ
1320 4474 1477 4546 ἡμῶν

354 4540 540 4599 αὐτῶν
572 4543 666 4599 καὶ
705 4548 803 4609 τῆς
837 4543 1074 4609 uel-scen
1108 4548 1478 4617 παρετίθεσαν

1572 3418 1649 3461 est
1683 3411 1853 3461 aetatis
1888 3411 1990 3461 sibi
2031 3424 2269 3474 quaeque,
2327 3424 2435 3461 cnm
2489 3411 2537 3460 in
2587 3409 2701 3460 aliis

1572 3478 1792 3538 viderint,
1830 3477 2059 3527 imitanda
2095 3491 2311 3527 censere.
2736 3522 2746 3529 .

1643 3559 1685 3595 c.
1721 3545 1763 3595 si
1793 3545 1994 3593 Hermas
2031 3539 2137 3610 ille]
2175 3545 2468 3595 'temeratur
2491 3544 2699 3595 Hermae

1576 3611 1764 3670 Pastor,
1801 3611 2106 3675 apocryphus
2155 3612 2299 3671 liber,
2344 3620 2395 3662 et
2428 3612 2496 3661 De
2534 3611 2696 3663 Pudic-

1574 3693 1683 3742 cap.
1711 3678 1771 3727 to
1808 3687 1855 3727 et
1890 3677 1972 3729 20.
2046 3678 2270 3728 Ceterum
2317 3692 2373 3727 ex
2421 3692 2508 3737 eo,
2567 3678 2699 3741 quod

1575 3746 1671 3795 boc
1705 3745 1815 3796 loco
1846 3744 2174 3795 Tertullianus
2209 3759 2305 3794 nou
2344 3744 2522 3794 diserte
2558 3745 2696 3794 illum

1574 3813 1903 3877 apocryphum
1941 3812 2154 3874 appellet
2175 3819 2223 3860 et
2251 3811 2462 3870 damnet,
2499 3810 2547 3861 id
2566 3811 2697 3873 quod
2746 3858 2755 3873 ,

1576 3880 1690 3929 feeit
1738 3878 1786 3927 in
1832 3878 1957 3927 libro
2007 3878 2075 3927 De
2127 3876 2375 3935 Pudicitia,
2427 3877 2696 3937 argumenti

1576 3945 1757 4010 aliquid
1793 3945 1894 4007 peti
1930 3958 2025 3993 nou
2065 3957 2212 4007 posse
2246 3957 2342 4005 quo
2379 3941 2598 3993 libellum
2627 3942 2698 3993 De

1576 4011 1809 4062 Oratione
1844 4010 2112 4061 catholicus
2157 4008 2418 4073 scripsisse
2461 4009 2699 4069 firmetur,

1576 4090 1721 4129 nemo
1761 4091 1858 4128 uon
1893 4076 2034 4129 videt.
2108 4077 2260 4126 Posse
2296 4083 2454 4127 tamen
2490 4089 2702 4147 pet-sua-e

1574 4153 1706 4196 serat
1739 4145 2045 4203 Numerius.
2081 4142 2272 4207 sibique
2307 4151 2419 4205 post
2453 4157 2564 4193 euin
2599 4142 2698 4192 alii.

1574 4213 1749 4273 Immo,
1785 4212 1858 4262 vel
1894 4224 2164 4276 pronomen
2189 4212 2272 4263 ille
2293 4210 2497 4259 Hermae
2516 4207 2699 4260 nomini

1575 4280 1789 4330 additum
1826 4278 2127 4331 demonstrat
2143 4276 2425 4329 Tertulliani
2452 4276 2698 4329 iudicium·

1575 4347 1664 4397 Est
1698 4346 1826 4397 enim
1865 4353 2185 4408 contemptus.

1648 4413 1695 4463 d.
1731 4428 1881 4477 super
1915 4409 2117 4475 lectum]
2171 4411 2333 4460 Herm.
2370 4407 2496 4459 Past.
2530 4407 2613 4457 lib.
2634 4404 2700 4466 11,

1576 4480 1861 4543 prooemio:
1898 4479 2053 4539 „Cum
2091 4490 2310 4527 orassem
2346 4473 2478 4523 domi
2500 4479 2549 4522 et
2579 4486 2698 4522 cou-

1579 4546 1817 4596 sedissem
1853 4560 2000 4608 supra
2038 4546 2231 4601 lectum,
2269 4541 2456 4589 intravit
2488 4537 2559 4588 vir
2589 4539 2700 4603 qui-

1580 4610 1730 4663 dsm“
1763 4620 1873 4663 cett.
1943 4612 2033 4661 Pro
2072 4618 2112 4660 et
2149 4624 2268 4658 nunc
2299 4607 2504 4670 positum
2538 4612 2607 4657 est
2641 4604 2699 4658 (ἰ.
