3263 5311
691 425 819 489 400
1196 437 1402 489 ommi
1444 436 1707 481 sivum!
1749 435 2076 481 photil-:Nus
2122 435 2516 480 mutuum!

688 589 985 672 originem
1030 587 1408 650 traditionum
1453 594 1516 648 et
1568 586 1993 649 sententiarum
2050 594 2426 665 argumenta,
2489 604 2601 666 per
2656 604 2808 666 quae
2863 606 3042 650 reco-

688 692 901 776 gnosci
941 690 1136 771 possit
1174 688 1323 750 nihil
1362 706 1477 749 nos
1534 696 1639 751 aut
1679 706 1899 750 novum
1941 696 2046 749 aut
2082 695 2499 767 portentosum
2543 687 2919 769 suscepisse,
2965 688 3040 750 de

688 811 812 874 quo
854 810 977 854 non
1020 789 1196 854 etiam
1240 807 1588 851 communes
1645 798 1707 851 et
1745 788 2014 868 publicae
2065 788 2297 850 litterae
2351 788 2425 849 ad
2471 788 2816 871 suffragium
2857 788 3042 852 nobis

687 893 1166 974 patrocinentur,
1226 891 1276 952 si
1334 890 1475 971 quid
1518 899 1621 951 aut
1662 891 1888 952 erroris
1917 890 2216 952 'eiecimus
2271 896 2374 950 aut
2426 889 2735 970 aequitatis
2788 890 3042 952 admisi·

688 1006 879 1058 mus‘.
967 992 1138 1055 ¹'Sed
1207 992 1336 1054 suis
1397 991 1636 1071 quidem
1701 991 2032 1070 magistriS,
2095 990 2240 1052 alias
2305 987 2748 1069 probatissimis
2813 990 3044 1071 ¹’atque

690 1092 1061 1168 lectissimis,
1104 1093 1283 1155 fldem
1325 1089 1658 1155 inclinavit¹
1681 1093 1938 1153 humana
1967 1091 2095 1153 ¹‘de
2123 1090 2530 1153 incredulitate
2559 1092 2803 1167 duritia,
2850 1092 3040 1155 sicubi

690 1197 753 1258 in
796 1202 1143 1276 argumenta
1172 1193 1539 1258 Christianae
1584 1192 1951 1254 defensionis
1996 1174 2347 1273 impingunt.
2417 1193 2758 1256 Tuncvani
2801 1197 3040 1274 poetae,

690 1316 827 1362 cum
868 1298 1018 1360 deos
1059 1294 1335 1357 humanis
1376 1292 1760 1374 passionibus
1806 1301 1870 1356 et
1908 1291 2121 1356 sabulis
2167 1293 2589 1374 ”designanm
2655 1303 2797 1356 tunc
2838 1293 3039 1373 philo-

692 1399 869 1480 s‘ophi
923 1397 1058 1460 duri
1073 1396 1119 1469 ¹²,
1187 1414 1322 1458 cum
1376 1395 1420 1428 ¹⁶
1432 1393 1698 1457 veritatis
1755 1395 1918 1455 fores
1973 1394 2230 1474 pulsant.
2318 1395 2620 1458 Hactenus
2681 1395 2927 1476 sapiens
2984 1403 3043 1456 et

690 1499 957 1581 prudens
1014 1496 1327 1559 habebitur
1385 1495 1486 1576 qui
1540 1513 1729 1575 prope
1773 1493 2201 1557 Christianumi
2260 1496 2815 1575 ¹⁷pronuntiaveiit,
2883 1515 3040 1570 cum,

692 1602 748 1664 sl
790 1600 930 1680 qnid
972 1597 1323 1678 prudentiae
1365 1605 1464 1658 aut
1506 1596 1831 1676 sapientiae
1875 1597 2234 1660 affectaverit
2288 1616 2397 1660 seu
2441 1597 2887 1660 ¹⁸eaerimonias
2930 1597 3041 1659 de·

690 1719 919 1783 spuens
978 1717 1085 1762 seu
1146 1693 1455 1770 saeculum.
1501 1697 1815 1760 revincens
1831 1745 1847 1771 ,
1912 1716 2023 1777 pro
2081 1697 2414 1760 Christiano
2483 1699 2817 1764 denotetur.
2917 1699 3041 1761 Iam

690 1802 873 1881 igitur
911 1799 1059 1862 nibil
1099 1798 1276 1862 nobis
1321 1798 1436 1862 erit
1475 1817 1610 1862 cum
1652 1798 1869 1860 litteris
1912 1807 1978 1860 et
2017 1799 2283 1861 doctrina
2324 1818 2640 1879 perversae
2681 1799 3042 1874 felicitatis1=‚

694 1902 845 1965 ”cui
888 1902 950 1966 in
991 1881 1140 1962 falso
1183 1898 1387 1981 potius
1431 1899 1694 1962 creditur
1736 1918 1910 1980 quam
1967 1900 2029 1961 in
2073 1918 2237 1963 vero.
2343 1899 2638 1975 Viderint,
2701 1900 2751 1963 si
2808 1900 2911 1980 qui
2967 1898 3044 1962 de

692 2003 869 2070 unico
914 2009 975 2065 et
1017 2001 1148 2068 solo
1190 2000 1306 2064 deo
1346 2001 1902 2092 pronuntiaverunt.
1992 2000 2183 2066 Immo
2227 2001 2406 2063 nihil¹
2434 2002 2694 2064 'omnino
2736 2002 3042 2064 ”relatum

697 2190 776 2242 12.
812 2190 908 2241 Sed
944 2190 1047 2239 suis
1082 2189 1275 2254 quidem
1312 2188 1471 2252 ABmy.
1556 2186 1655 2238 Sed
1692 2201 1752 2238 ne
1794 2188 1899 2238 suis
1947 2187 2141 2252 quidem
2179 2188 2325 2240 seat.
2445 2188 2523 2239 13.
2571 2197 2715 2253 atque
2764 2183 3046 2240 lectissimis

694 2275 784 2309 om.
819 2262 870 2309 A.
977 2256 1058 2306 14.
1095 2255 1155 2305 de
1204 2255 1539 2305 incrudelitate
1573 2257 1623 2306 A.
1707 2256 1783 2306 dei
1833 2255 2167 2305 incredulitate
2213 2257 2430 2310 Bar-thius
2465 2257 2494 2306 1.
2518 2256 2550 2306 1.
2669 2256 2749 2306 15.
2788 2257 3046 2320 absignaut

692 2327 769 2377 Fr.
804 2326 982 2378 natue.
1089 2323 1168 2373 16.
1204 2324 1445 2374 varietatis
1482 2323 1615 2373 tores
1647 2322 1749 2387 Αβ.
1850 2323 1928 2373 17.
1967 2324 2287 2387 pronuntiarit
2325 2324 2406 2374 Ge.
2498 2323 2577 2374 18.
2614 2323 2906 2374 cerimonias
2939 2322 3043 2388 Αρ.

695 2393 995 2443 ceremonias
1030 2388 1320 2458 (Amwcob.
1394 2391 1507 2441 -19.
1547 2405 1654 2442 cum
1692 2392 1741 2441 in
1778 2391 1904 2441 salso
1940 2392 2045 2440 eins
2079 2391 2290 2441 creditur
2323 2396 2374 2441 A.
2479 2390 2560 2441 20.
2597 2391 2802 2441 relatum
2841 2393 2895 2443 tit
2929 2409 2973 2443 e.

694 2570 804 2613 ente
829 2563 891 2611 se'
908 2560 1135 2611 adversus
1155 2568 1323 2622 gentes
1348 2559 1669 2623 scripserunt,
1685 2560 1818 2620 Qua·

693 2631 881 2682 dratum
926 2629 1053 2689 dico,
1088 2628 1362 2688 Aristidem,
1399 2628 1655 2688 lustinum,
1689 2632 1816 2679 Ana-

692 2712 937 2761 xagoram,
996 2695 1289 2753 melitonem,
1348 2695 1670 2759 Theophilum
1719 2697 1816 2746 An-

691 2766 988 2824 tiochenam,
1019 2762 1385 2827 Apollinarium,
1407 2763 1677 2823 Tatianum,
1711 2763 1816 2813 Ire·

693 2848 886 2894 uacum,
923 2833 1220 2883 Clementem
1238 2830 1607 2881 Alexandrinum
1637 2839 1686 2881 et
1709 2829 1818 2881 Mil-

692 2903 885 2953 tiadem.
920 2899 1095 2960 (Pam.)

762 3010 805 3045 e.
844 3001 926 3044 aut
960 2993 1214 3057 aequitatis
1243 2987 1569 3054 admisimus]
1608 2991 1654 3040 11.
1675 2999 1819 3041 e.aut

691 3063 790 3114 veri
826 3061 1100 3126 recepimus
1136 3062 1184 3110 in
1220 3060 1363 3110 fidem
1398 3067 1631 3109 nostram.

760 3155 795 3205 l'.
832 3154 976 3204 tidem
1014 3146 1279 3216 inclinavit]
1313 3152 1511 3214 Gagneii
1548 3152 1817 3201 correctio-

691 3235 803 3274 nem
842 3220 986 3283 .,‚Sed
1032 3236 1091 3269 ue
1135 3220 1238 3269 suis
1285 3220 1480 3283 quidem
1517 3218 1816 3281 magistris,“

691 3302 835 3354 quam
867 3288 1041 3351 reliqui
1079 3287 1309 3350 deinceps
1356 3287 1567 3337 editores
1614 3300 1816 3350 recepe-

689 3364 805 3408 runt
849 3355 1059 3420 probare
1108 3367 1204 3403 non
1260 3368 1478 3417 possum,
1541 3355 1583 3403 si
1620 3355 1815 3419 quidem

690 3426 828 3487 fidem
869 3422 1096 3472 inclinare
1132 3434 1240 3470 'non
1290 3435 1378 3483 pro
1427 3423 1607 3482 „tidem
1662 3421 1815 3475 habee

690 3489 784 3541 re“
819 3488 890 3538 vel
928 3488 1389 3549 „accommodare,“
1444 3497 1493 3538 et
1537 3504 1682 3549 „cum
1727 3502 1814 3539 su·

690 3556 862 3622 perbia
892 3556 1116 3620 quedam,
1153 3563 1384 3620 perpetua
1406 3556 1704 3617 ignorantiae
1728 3571 1815 3607 co-

691 3624 863 3684 mite,“
914 3630 967 3672 ut
1002 3622 1164 3687 placet
1195 3622 1389 3672 Barthio
1423 3624 1567 3672 Advv.
1598 3638 1648 3686 p.
1677 3623 1814 3685 939„

692 3690 1166 3755 ‚,aecommodare,“
1236 3689 1323 3739 sed
1388 3704 1482 3753 pro
1544 3692 1815 3747 imnrinme

689 3761 902 3826 positum
951 3759 1153 3818 videtur,
1202 3764 1254 3807 ut
1300 3758 1347 3807 in
1385 3758 1469 3807 illo
1506 3758 1816 3818 Quinctiliaui

688 3829 800 3880 loco
836 3828 892 3884 X,
917 3827 962 3877 1.
1000 3827 1125 3877 med.
1162 3826 1326 3886 „Quin
1361 3826 1503 3876 etiam
1528 3825 1814 3877 Phalerenm

688 3896 828 3946 illum
864 3895 1177 3955 Demetrium,
1218 3906 1508 3957 quamquam
1545 3893 1587 3943 is
1628 3895 1816 3957 primns

688 3965 945 4014 inclinasse
989 3962 1314 4025 eloquentiam
1364 3961 1555 4021 dicitnr,
1609 3962 1815 4011 multum

689 4030 868 4091 ingenii
916 4028 1143 4078 habuisse
1192 4038 1239 4079 et
1293 4028 1547 4079 facundiae
1605 4029 1816 4079 fateor.“

690 4095 850 4155 Certe,
885 4096 1074 4147 etiamsi
1108 4097 1217 4159 quis
1254 4096 1313 4145 ad
1339 4095 1472 4146 illam
1501 4096 1664 4160 potius
1684 4096 1824 4153 verbi,

690 4162 917 4214 inclina-e
980 4163 1424 4227 interpretationem
1481 4163 1814 4213 inclinandum

690 4231 905 4291 duxerit,
961 4231 1350 4293 interrogationis
1385 4232 1526 4293 signo
1558 4239 1677 4294 post
1723 4233 1811 4281 im-

682 4300 885 4364 pinyune
931 4290 1231 4351 restituendo
1294 4313 1438 4362 quem
1499 4299 1689 4361 vulgato
1755 4302 1865 4349 nc‘

689 4365 793 4428 illo,
829 4367 957 4429 quod
995 4380 1199 4430 prorsus
1235 4374 1533 4427 extraneum,
1575 4367 1813 4416 servando

690 4432 925 4483 librorum
961 4441 1173 4484 veterum
1195 4435 1464 4486 auctoritati
1485 4434 1661 4485 melius
1691 4448 1811 4485 eon-

687 4501 868 4552 sultum
902 4503 1012 4553 fere
1044 4501 1236 4552 videbit.

760 4600 805 4648 g.
843 4580 1119 4647 designant]
1156 4584 1299 4649 Casp.
1331 4585 1553 4636 Barthins
1590 4586 1813 4655 Adverss.

682 4664 803 4715 pag.
837 4650 954 4703 939.
1005 4652 1205 4702 verbum
1257 4654 1500 4717 desiynnre
1545 4668 1636 4718 per
1679 4656 1810 4719 infir-

1917 2575 2046 2610 mare
2081 2560 2403 2623 interpretans
2441 2574 2534 2624 qua
2586 2562 2868 2610 auctoritate
2902 2575 3046 2612 suam

1919 2627 2199 2693 opinionem
2235 2627 2569 2679 stabiliendam
2622 2629 2850 2692 putaverit
2902 2642 3045 2679 asse-

1920 2695 2001 2759 qui
2039 2710 2245 2759 nequeo,
2289 2697 2379 2760 etsi
2414 2696 2766 2759 qnod-lunium
2800 2696 3045 2757 refutavit,

1921 2764 1996 2813 cui
2033 2763 2380 2824 „absignare,“
2427 2764 2555 2827 quod
2598 2753 3045 2841 &toutppoeye'sew

1919 2826 2295 2894 interpretantur
2339 2831 2605 2893 glossaria,
2657 2831 2734 2881 hic
2778 2846 2930 2881 visum
2970 2839 3046 2881 est

1917 2912 2068 2963 posse
2123 2898 2339 2959 restitui,
2410 2907 2541 2948 recte
2605 2899 2781 2949 fecisse
2838 2899 3043 2949 ridetur.

1921 2966 2074 3015 immo
2125 2968 2368 3029 des-innare
2421 2967 2468 3015 11.
2491 2965 2522 3014 l.
2561 2966 2894 3029 accipiendum
2949 2981 3042 3030 pro

1918 3033 2128 3096 simplici
2163 3034 2384 3096 signare,
2433 3048 2522 3099 pro
2557 3042 2928 3097 repraesentare
2960 3042 3047 3084 ant

1919 3101 2182 3150 delineare.
2967 3120 2978 3127 -

1987 3185 2034 3234 h.
2070 3179 2200 3249 duri]
2239 3184 2285 3235 h.
2302 3199 2344 3233 e.
2382 3184 2592 3248 stupidi;
2630 3193 2677 3233 ut
2701 3200 2850 3248 supra
2868 3187 3048 3236 duritie

1918 3268 2008 3317 pro
2047 3261 2262 3316 stupore.
2334 3252 2407 3301 Cf.
2446 3252 2605 3301 Barth.
2642 3252 2777 3303 Aen.
2818 3268 2865 3317 p.
2890 3251 3044 3302 1331.

1915 3320 2144 3383 Exempla
2184 3335 2238 3370 ex
2269 3318 2570 3369 Tertullliani
2606 3320 2798 3384 scriptis
2837 3320 3047 3371 collecta

1917 3389 2014 3438 alio
2054 3389 2162 3438 loco
2201 3388 2488 3437 adscribam.
2859 3390 2864 3395 '

1986 3473 2017 3525 i.
2054 3486 2209 3536 prope
2245 3466 2593 3535 Christianum]
2637 3471 2780 3521 Recte
2801 3470 3049 3548 ‘Bai-thius

1915 3540 2139 3590 Adverss.
2173 3538 2388 3602 p.1428.
2425 3546 2474 3588 et
2508 3538 2568 3588 ad
2604 3538 2741 3588 Statii
2762 3538 2873 3587 Silv.
2901 3538 2941 3598 1,
2956 3535 3044 3589 2⁰.

1916 3623 1966 3671 p.
1984 3606 2064 3684 20.
2105 3621 2295 3670 „prope
2326 3607 2650 3684 Christianum
2687 3605 3045 3683 pronuntiari?⁸

1914 3675 2260 3752 philosophum
2330 3681 2673 3737 interpretatur
2737 3673 3048 3725 Christianae

1915 3745 2182 3806 sapientiae
2226 3757 2398 3805 parem
2442 3752 2716 3791 sermonem
2765 3755 2930 3791 serere
2967 3740 3045 3790 vel

1915 3811 2051 3875 paria
2088 3824 2196 3860 cum
2222 3809 2606 3860 Christianorum
2643 3810 2881 3871 dogmatis
2915 3810 3048 3859 scis-

1917 3892 2044 3928 cere.

1985 3960 2030 4009 k.
2069 3974 2322 4025 perversae
2373 3953 2638 4025 felicitatis]
2675 3961 2867 4025 Quippe
2912 3974 3044 4024 qnae

1916 4028 2172 4079 aemulavit
2221 4034 2270 4078 et
2317 4028 2551 4078 affectavit
2591 4028 2757 4095 patius
2794 4029 3044 4077 veritatem

1916 4110 2060 4160 quam
2097 4096 2291 4160 assequi
2326 4097 2525 4146 studuit.

1983 4180 2017 4231 l.
2055 4180 2207 4229 lmmo
2243 4180 2363 4229 nihil
2399 4175 2532 4245 sqq]
2569 4179 2713 4228 Recte
2748 4178 2815 4227 La
2853 4178 3044 4229 eeu-cu:

1916 4247 2105 4309 „lmmo
2143 4249 2376 4306 concedo,
2431 4256 2482 4297 ut
2517 4246 2633 4296 nihil
2670 4247 2870 4296 omnino
2905 4246 3044 4295 rele-

1915 4322 2015 4365 tnm
2052 4316 2115 4365 sit
2137 4316 2184 4364 111
2223 4316 2360 4365 libris
2394 4312 2660 4378 gentilium,
2685 4313 2829 4385 'guod
2865 4313 2930 4363 d
2963 4313 3048 4362 sa·

1911 4396 2075 4433 vorem
2112 4397 2251 4433 verae
2286 4382 2536 4447 religionis
2557 4390 2789 4443 sgnumst
2804 4376 3047 4433 Chris&-

1915 4464 2024 4511 nus‚
2079 4462 2140 4500 ne
2186 4451 2366 4502 ideirco
2404 4451 2698 4514 exprobrare
2733 4447 3046 4499 Christianus

1913 4519 2091 4584 possit,
2129 4519 2259 4582 quod
2287 4518 2360 4569 ibi
2394 4518 2628 4583 seriptum
2646 4516 2762 4566 sit.“
2816 4516 3048 4581 Sequen-

1913 4585 2044 4635 tibns
2079 4586 2237 4636 verbis
2273 4588 2508 4637 rationem
2561 4585 2733 4648 aperit,
2781 4598 2872 4632 cur
2918 4597 3050 4633 cou-

1915 4654 2053 4706 cedat
2110 4652 2248 4705 nolle
2299 4655 2367 4706 nti
2421 4651 2668 4718 gentilium
2727 4650 3050 4713 testimoniis,
