3263 5311
1126 476 1203 520 ns
1247 477 1560 522 eumcum.
1631 527 1639 528 ff
2393 467 2517 531 819

178 624 559 687 devoraretur
611 641 783 702 quem
839 624 899 685 in
956 624 1257 688 interitum
1314 627 1510 690 carnis
1566 627 1886 690 addixerat.
1984 628 2096 692 Hic
2149 630 2265 693 iam
2321 633 2518 696 carnis

177 724 538 787 ”interitum
589 724 656 786 in
710 725 966 788 officium
1028 727 1425 805 paenitentiae
1478 729 1973 809 interpretantur,
2039 729 2203 810 quod
2256 732 2522 796 videatur

174 826 414 889 ieiuniis
458 832 518 887 et
560 824 840 889 sordibus
885 837 942 888 et
985 826 1210 889 incuria
1256 828 1416 890 omni
1474 837 1534 889 et
1575 827 1771 891 dedita
1827 847 2009 908 opera
2062 829 2247 894 malae
2301 842 2516 896 tracta-

174 926 357 990 tionis
404 944 640 988 carnem
685 927 1129 990 exterminando
1175 927 1320 990 satis
1366 928 1478 989 deo
1523 928 1802 1004 ²¹racere,
1848 940 1913 993 ut
1955 949 2026 992 ex
2057 930 2173 994 hoc
2200 951 2520 1012 argumen-

174 1035 375 1090 tentur
416 1027 868 1100 fornicatorem,
926 1028 1107 1090 immo
1150 1029 1446 1092 incestum
1500 1028 1666 1092 illum
1708 1048 1829 1092 non
1873 1030 1935 1093 in
1981 1032 2375 1111 perditionem
2419 1054 2520 1097 sa-

175 1137 351 1191 tanae
405 1128 477 1190 ah
531 1129 806 1208 apostolo
854 1129 1163 1202 traditum,
1231 1129 1338 1190 sed
1389 1129 1452 1210 ‚in
1509 1130 2018 1204 emendationem,
2088 1133 2257 1212 quasi
2311 1143 2523 1213 postea

173 1230 410 1292 veniam
453 1229 531 1290 ob
575 1229 913 1302 interitum,
967 1230 1027 1292 id
1073 1237 1168 1291 est
1209 1229 1704 1322 conflictationem
1760 1231 1987 1307 carnis,
2043 1242 2521 1310 consecuturum,

170 1330 358 1410 igitur
398 1339 460 1392 et
499 1329 962 1393 ¹’consecutum
1031 1330 1214 1394 Plane
1256 1330 1413 1392 idem
1456 1332 1767 1410 apostolus
1796 1332 2249 1412 ”Hymenaeum
2296 1343 2355 1397 et
2381 1335 2811 1400 Ale-trimum.

56 1480 66 1519 f
169 1431 465 1494 xandrum
531 1438 771 1493 satanae
835 1431 1102 1512 tradidit,
1169 1431 1293 1493 ²'ut
1347 1433 1803 1495 emendarentur
1866 1452 1989 1495 non
2045 1434 2458 1513 blasphemare
2470 1450 2518 1510 ‘1,

58 1584 61 1623 Ι
170 1532 331 1596 sicut
375 1532 692 1594 Timotheo
739 1550 851 1594 suo
896 1531 1120 1594 scribit.
1230 1532 1348 1594 Sed
1403 1542 1463 1595 et
1515 1534 1651 1614 ipse
1705 1535 1907 1596 datum
1962 1533 2078 1596 sibi
2123 1535 2205 1597 ait
2248 1535 2458 1599 sudem
2477 1549 2826 1612 ‘,uc0r.xn,7.

60 1667 65 1722 3
167 1634 448 1714 angelum
491 1640 761 1706 satanae,
820 1651 853 1694 a
898 1652 1015 1712 quo
1061 1632 1554 1713 colaphizaretur,
1622 1652 1702 1697 ne
1758 1653 1826 1697 se
1870 1635 2252 1698 ”extolleret
2336 1636 2400 1698 Si
2465 1645 2527 1699 et

56 1774 64 1827 'a
165 1736 288 1798 hoc
331 1742 611 1813 tangunt,
669 1742 733 1795 ut
771 1734 1024 1795 traditos
1068 1742 1306 1796 satanae
1351 1733 1424 1796 ab
1468 1734 1567 1796 illo
1624 1736 1686 1796 in
1732 1736 2237 1811 emendationem,
2295 1755 2417 1802 non
2461 1740 2527 1804 in

58 1898 61 1913 J
162 1835 573 1917 perditionem
616 1833 1056 1913 intellegamus,
1079 1827 1314 1913 ‘mquid
1370 1834 1564 1896 simile
1605 1835 1974 1916 blasphemia
2027 1846 2085 1900 et
2128 1839 2423 1901 incestum
2468 1847 2528 1902 et

58 2008 59 2019 χ
161 1937 426 2000 ”anima
469 1934 541 1997 ab
587 1935 682 1996 his
726 1935 986 2014 integra,
1028 1935 1211 1996 immo
1257 1953 1381 1996 non
1427 1935 1662 1999 aliunde
1705 1956 1881 2017 quam
1924 1956 1998 1999 ex
2040 1957 2269 2001 summa
2299 1941 2523 2002 sancti-

163 2047 283 2102 tate
331 2045 400 2101 et
442 2055 513 2097 ex
557 2035 718 2097 omni
762 2035 1097 2098 innocentia
1151 2034 1389 2110 ²8elata,
1456 2056 1607 2116 quae
1664 2038 1725 2098 in
1780 2037 2051 2120 apostolo
2115 2039 2414 2120 colaphis,
2472 2041 2527 2102 si

157 2143 363 2213 forte,
409 2136 823 2208 cohibebatur,
888 2154 995 2215 per
1049 2136 1352 2209 dolorem,
1415 2144 1479 2197 ut
1521 2137 1721 2210 aiunt,
1789 2138 2087 2201 auriculae
2129 2140 2221 2201 vel
2264 2138 2525 2219 capitis?

58 2228 61 2315 ζ
153 2241 473 2304 Incestum
515 2256 657 2299 vero
703 2246 873 2315 atque
914 2236 1277 2316 blasphemia
1322 2245 1481 2299 totos
1526 2237 1799 2300 homines
1830 2239 1892 2299 in
1919 2240 2375 2320 possessionem
2406 2240 2526 2320 ipsi

58 2332 61 2421 J
155 2351 448 2414 satanae,
520 2355 643 2400 non
697 2338 903 2416 angelo
962 2338 1088 2400 eius
1134 2337 1452 2400 tradidisse
1494 2346 1859 2400 meruerunt.
1967 2339 2045 2401 Et
2086 2340 2162 2401 de
2202 2339 2321 2400 hoc
2364 2341 2524 2402 enim

58 2432 59 2441 ¹
153 2444 465 2514 interest,
508 2438 688 2502 immo
734 2448 794 2501 et
836 2439 908 2502 ad
953 2439 1069 2500 hoc
1110 2438 1430 2519 plurimum
1459 2438 1731 2512 ”refern
1778 2441 1933 2518 quod
1976 2439 2114 2514 illos
2162 2440 2406 2503 traditos
2451 2441 2524 2503 ab

58 2534 61 2545 ’
156 2540 454 2625 apostolo
509 2540 757 2620 legimus
815 2548 1087 2613 satanae,
1154 2539 1425 2620 apostolo
1482 2558 1623 2601 vero
1681 2540 1954 2620 angelum
2009 2540 2210 2603 datum
2266 2550 2527 2604 satanae.

58 2636 61 2651 ἱ
157 2645 490 2708 Postremo
534 2660 668 2704 cum
712 2642 1061 2720 deprecatur
1101 2641 1407 2704 domiuum
1435 2640 1688 2717 PauluS,
1733 2640 1874 2721 quid
1902 2640 2110 2704 audit?
2177 2641 2335 2703 Satis
2368 2642 2519 2704 habe
2535 2655 2831 2710 ncor.xu,a.

159 2746 425 2826 gratiam
469 2761 695 2817 meam,
739 2742 926 2804 virtus
972 2741 1130 2804 enim
1173 2743 1236 2804 in
1280 2743 1619 2805 infirmitate
1663 2743 1990 2823 perficitur.
2058 2743 2187 2804 Hoc
2229 2744 2330 2822 qui
2363 2752 2525 2804 sata-

58 2835 61 2910 ³.
158 2866 279 2910 nae
325 2844 634 2908 deduntur
675 2842 879 2907 audire
923 2862 1046 2905 non
1088 2852 1367 2924 possunt.
1452 2844 1834 2922 ³⁰Hymenaei
1878 2852 2072 2905 autem
2117 2850 2178 2904 et
2213 2842 2528 2905 Alexandri

159 2947 402 3010 crimen
448 2944 500 3006 si
545 2952 606 3006 et
647 2945 711 3006 in
753 2944 871 3006 isto
916 2951 977 3006 et
1019 2944 1084 3007 in
1125 2946 1323 3007 futuro
1364 2963 1509 3006 aevo
1540 2942 1960 3004 inremissibile
1992 2950 2117 3017 est,
2161 2942 2531 3023 blasphemia

157 3033 435 3121 scilicet,
484 3046 688 3125 utique
732 3045 1043 3125 apostolus
1088 3064 1208 3106 non
1268 3046 1554 3107 adversus
1601 3045 1919 3106 terminum
1963 3043 2221 3106 domini·
2265 3043 2375 3106 sub
2423 3063 2532 3123 spe

155 3149 378 3212 veniae
428 3145 697 3208 dedisset
740 3146 978 3207 satanae
1021 3146 1136 3207 iam
1182 3165 1214 3207 a
1259 3146 1376 3209 fide
1417 3147 1479 3207 in
1522 3145 1948 3225 blasphemiam
1978 3143 2019 3176 ³¹
2035 3162 2294 3206 mersos.
2364 3144 2531 3206 Unde

151 3259 219 3312 et
262 3249 599 3325 naufragos
646 3266 751 3309 eos
794 3247 955 3308 iuxta
998 3246 1174 3307 fidem
1217 3246 1648 3325 pronuntiavit,
1709 3263 1831 3306 non
1872 3244 2160 3306 habentes
2204 3245 2320 3306 iam
2365 3244 2529 3306 sola·

58 1380 59 1417 ⁴⁴⁴
58 1291 69 1314 ι-
58 1204 59 1213 ⁴
58 1178 59 1189 ⁴
56 1070 70 1111 -ι
58 968 63 1007 --
56 866 64 903 --
58 762 63 801 ·-—-
58 660 63 699 v—

147 3402 238 3454 2⁰.
280 3401 494 3452 interitu
531 3413 674 3463 quem
713 3400 760 3448 iu
798 3399 1011 3449 officium
1049 3399 1098 3449 A.
1203 3398 1285 3449 21.
1324 3400 1503 3448 faceret
1537 3399 1587 3448 A.
1682 3396 1765 3447 22.
1803 3406 2061 3447 consecuta
2098 3398 2148 3447 A.
2246 3395 2328 3446 23.
2365 3397 2533 3447 Hime-

144 3484 306 3521 neum
349 3470 407 3519 A.
492 3465 574 3515 24.
612 3473 665 3516 ut
699 3467 823 3516 enim
861 3466 1091 3516 darentur
1123 3467 1174 3516 A.
1256 3465 1337 3515 25.
1376 3464 1687 3515 extolleretur
1721 3467 1772 3515 A.
1853 3462 1934 3514 26.
1973 3464 2102 3529 quod
2126 3465 2177 3514 A.
2266 3463 2347 3514 27.
2386 3465 2531 3514 animi

146 3538 211 3588 ab
253 3536 341 3587 his
384 3534 565 3594 integri
601 3533 748 3582 immo
788 3533 983 3584 aliunde
1016 3535 1069 3583 A.
1150 3532 1233 3583 28.
1272 3534 1496 3597 elatoque
1532 3533 1579 3582 in
1618 3531 1842 3595 apostolo
1861 3532 1913 3581 A.
1995 3530 2077 3583 29.
2113 3530 2293 3582 referet
2326 3534 2376 3582 A.
2448 3531 2530 3581 30.

141 3603 406 3669 Hymenei
444 3603 498 3651 A.
603 3598 685 3650 31.
722 3614 914 3650 mersus
948 3602 1002 3650 A.

219 3754 272 3804 q.
317 3745 376 3788 ut
416 3734 794 3786 emendarentur
824 3747 918 3783 non
938 3728 1303 3798 blasphemare]
1405 3733 1726 3785 veres“·cett.
1798 3731 1866 3782 De
1903 3733 2066 3783 Pudie.
2104 3731 2287 3797 eap.2t
2329 3733 2532 3792 „Quan-

141 3809 204 3859 IJt
244 3806 637 3861 emendarentur,
679 3791 770 3847 ἵνα
793 3795 1154 3849 παιδευθῶσι.
1208 3800 1305 3850 Sed
1407 3810 1485 3852 tus
1525 3815 1578 3850 es
1614 3798 1902 3861 indulgere“
1941 3808 2052 3849 cett.

141 3874 272 3927 alibi
315 3879 372 3921 et
408 3872 521 3935 ipse
559 3869 820 3932 Septimius
856 3867 1116 3918 admodum
1153 3867 1307 3918 licen·
1475 3883 1516 3917 r.
1554 3866 1716 3916 datum
1754 3866 1846 3916 sihi
1879 3867 1945 3915 ait
1970 3859 2165 3932 sudem]
2200 3863 2383 3928 Aliquis
2403 3864 2531 3913 haud

139 3950 227 3992 ter
265 3939 436 3989 utitur
472 3937 720 3987 infinitivo.
794 3935 877 3985 Sic
911 3935 979 3985 Ad
1009 3934 1134 3985 Natt.
1173 3934 1235 3995 ll,
1273 3933 1303 3984 3
1407 3935 1513 3985 sine
1550 3948 1693 3983 causa
1718 3932 1969 3983 mirabitur
1988 3932 2356 3993 Tertullianum,
2392 3939 2531 3995 post-

137 4020 324 4073 „quae
367 4005 497 4055 deos
551 4011 600 4053 et
634 4002 836 4052 deorum
871 4009 1098 4065 parentes
1135 4002 1305 4052 adver·
1410 4015 1552 4066 quam
1591 4000 1842 4050 Paulinum
1892 3999 2028 4049 illum
2065 3990 2318 4053 σκόλοπα,
2381 4013 2529 4059 ange-

137 4091 237 4126 sus
278 4079 522 4136 negatam
561 4071 922 4132 generationem
974 4069 1052 4119 dei
1100 4077 1146 4119 et
1180 4069 1304 4119 nati-
1410 4068 1510 4118 lum
1532 4068 1756 4127 Satanae,
1792 4067 1959 4116 Latine
1979 4065 2188 4115 reddidit
2204 4066 2380 4127 εαάεηι,
2421 4080 2531 4115 mox

137 4144 356 4194 vitatem
402 4140 593 4188 frustra
620 4139 747 4188 credi
780 4136 915 4186 vohis
929 4137 1307 4201 proposuitVar-
1410 4135 1628 4200 opinioni
1677 4134 1907 4185 accedere
1944 4133 2314 4183 existimantium
2353 4134 2412 4183 iis
2448 4148 2534 4182 vo·

134 4210 264 4262 ro.“
321 4206 591 4269 Scor-piac.
618 4203 768 4268 ειμι
806 4212 1103 4269 „promptam
1134 4206 1310 4255 mederi
1411 4202 1596 4254 cabulis
1634 4202 1897 4263 significari
1931 4200 2152 4251 dolorem
2182 4201 2425 4250 auriculae
2460 4199 2533 4250 vel

130 4272 500 4328 theriacam.“
569 4271 639 4321 Ad
674 4271 871 4335 Scapul.
908 4284 1016 4334 cap.
1045 4271 1075 4321 5
1113 4279 1199 4334 „et
1231 4273 1308 4321 in-
1411 4271 1598 4335 eapitis.
1636 4269 1848 4331 (Rigalt.)
1902 4268 1975 4318 Cl'.
2011 4268 2079 4318 De
2117 4269 2244 4331 Fuga
2279 4269 2329 4318 in
2359 4268 2531 4318 Perse·

133 4336 741 4419 quir-erefleceaditurf‘
824 4338 893 4387 De
945 4337 1079 4402 Bapt.
1131 4353 1237 4402 cap.
1271 4339 1304 4428 ‘5‘
1408 4345 1504 4389 cut.
1540 4351 1647 4399 cap.
1675 4336 1720 4385 2.
1933 4404 1944 4415 .
2200 4402 2210 4414 ·
2253 4403 2262 4412 .

129 4426 226 4528 ’ὀῖ
254 4406 1304 4535 2122&thss,rffffsssszzltzta
1409 4405 1977 4523 ..1333330223325531'
1984 4417 2062 4519 '¹:1¹
2081 4396 2533 4519 ἓὲἔὲὲὲζέηῧῗὲηέξξ

127 4561 267 4606 nem,
335 4540 444 4591 etsi
483 4554 579 4589 non
618 4539 1045 4603 exoptatissimam,
1095 4547 1306 4590 attamen
1410 4538 1607 4589 domini.
1702 4538 1890 4588 Etenim
1937 4537 2171 4601 Septimio
2231 4534 2534 4608 determinare

120 4618 525 4678 opportunam,
559 4622 652 4657 non
674 4608 842 4658 habere
862 4607 938 4656 cui
962 4606 1174 4657 debitum
1201 4607 1307 4657 sol·
1411 4614 1486 4656 est
1521 4605 1758 4731 iudicare)
1800 4606 2129 4668 pronuntiare,
2171 4600 2373 4650 delinire
2406 4599 2534 4648 iudi-

542 4676 550 4683 '
1412 4675 1504 4725 cio.
1543 4672 1734 4735 (Rigalt.

2113 4749 2229 4798 52*
