3263 5311
1093 485 1102 493 .
1193 456 1270 499 nn
1313 457 1683 502 uox-vocum.
1936 471 1943 488 ·
2489 451 2613 514 773

254 610 537 675 ‘'cautus,
595 610 657 663 et
697 602 934 683 ‘utique
976 621 1102 665 non
1145 604 1450 684 digamus,
1503 607 1600 670 vel
1643 627 1721 671 ne
1763 608 2035 690 ‘dignius
2078 630 2219 674 mox
2264 613 2533 678 Christus
2580 637 2612 679 a

260 703 492 766 femina'
519 704 962 783 praedicaretur
1003 712 1205 768 vetere
1246 706 1420 770 vidua
1465 715 1527 770 et
1567 709 1828 786 univira,
1886 730 2040 790 quae
2069 720 2130 775 et
2159 715 2378 793 templo
2417 716 2614 780 dedita

257 805 410 867 satis
451 804 516 866 in
561 805 883 884 semetipsa
925 806 1346 885 portendebat,
1416 808 1618 887 quales
1666 811 1708 842 ¹⁰
1721 812 1973 891 spiritali
2027 813 2283 893 templo,
2359 816 2473 877 ¹¹id
2519 825 2617 878 est

254 905 581 980 ecclesiae,
627 905 883 968 debeant
910 906 1252 970 adhaerere.
1309 908 1485 972 Tales
1528 910 1788 973 arbitros
1832 911 2027 974 infans
2071 913 2351 976 dominus
2394 934 2612 996 exper-

259 1014 358 1069 tus
405 1024 526 1067 non
570 1004 721 1067 alios
765 1005 971 1068 babuit
1013 1017 1073 1068 et
1114 1008 1369 1076 adultus.
1467 1010 1712 1073 Petrum
1773 1012 1971 1075 solnm
2025 1013 2262 1076 invenio
2316 1017 2613 1093 maritum,

255 1126 372 1187 per
415 1124 687 1168 socrum:
752 1124 1176 1187 monogamum
1227 1127 1549 1188 praesumo
1606 1130 1716 1192 per
1770 1112 2113 1189 ecclesiam,
2181 1115 2385 1195 ''quae
2430 1136 2613 1198 super

257 1208 423 1269 illum
468 1207 768 1268 aedificata
813 1225 1050 1270 omnem
1093 1210 1341 1288 gradum
1386 1212 1613 1274 ordinis
1660 1212 1755 1274 sui
1798 1214 1872 1276 de
1914 1216 2290 1296 monogamis
2322 1225 2450 1278 erat
2479 1218 2608 1279 col-

254 1309 540 1372 locutura.
629 1308 877 1370 Ceteros
921 1327 1056 1370 cum
1099 1310 1343 1372 maritos
1387 1331 1512 1375 non
1556 1312 1827 1387 invenio,
1884 1325 1986 1378 aut
2027 1317 2323 1396 spadones
2368 1318 2606 1380 intelle-

253 1427 392 1488 gam
450 1426 702 1470 necesse
758 1417 854 1470 est
903 1417 1003 1471 aut
1058 1411 1454 1494 continentes.
1560 1413 1684 1477 Nec
1741 1416 1930 1489 enim,
1996 1417 2048 1478 si
2104 1436 2292 1497 penes
2351 1417 2609 1481 Graecos

253 1509 560 1572 communi
604 1510 890 1572 vocabulo
936 1520 1257 1574 censentur
1299 1514 1580 1576 mulieres
1613 1515 1958 1577 otunores‘¹
1999 1535 2111 1597 pro
2156 1520 2608 1581 consuetudinis

254 1610 533 1672 facilitate
577 1613 862 1686 (ceterum
909 1623 1004 1673 est
1043 1614 1352 1692 proprium
1407 1613 1757 1678 vocabulum
1801 1623 2113 1695 uxorum),
2180 1620 2315 1682 ideo
2360 1620 2608 1682 Paulum

147 1763 162 1776 .
253 1707 352 1774 sic
392 1711 436 1743 ¹³
449 1711 996 1791 interpretabimur,
1044 1714 1211 1792 quasi
1259 1715 1297 1746 ¹⁴
1311 1715 1683 1778 demonstret
1712 1735 1932 1779 uxores
1962 1719 2274 1797 apostolos
2304 1720 2604 1783 habuisse.

250 1812 326 1874 Si
367 1813 522 1874 enim
569 1812 644 1873 de
685 1813 1079 1874 matrimoniis
1113 1814 1521 1894 ¹³disputaret,
1568 1818 1729 1897 quod
1773 1817 1835 1879 in
1871 1819 2258 1898 sequentibus
2288 1821 2457 1894 facit,
2502 1822 2604 1883 ubi

253 1912 446 1992 magis
490 1913 800 1992 apostolus
845 1914 1083 2000 aliquod
1128 1915 1459 1995 exemplum
1505 1919 1813 1981 nominare
1856 1919 2185 1998 potuisset,
2233 1929 2394 1983 recte
2439 1922 2607 1983 vide-

249 2021 424 2076 retur
465 2013 693 2089 dicere,
736 2013 871 2076 Non
915 2016 1074 2076 enim
1117 2014 1403 2078 babemus
1445 2025 1801 2097 potestatem
1845 2038 2063 2082 uxores
2109 2020 2603 2096 circumducendi,
2632 2013 2849 2122 ’ἕξ-’ἓν

253 2114 415 2178 sicut
467 2113 648 2176 ceteri
705 2115 962 2194 apostoli
1016 2125 1077 2177 et
1119 2115 1392 2195 Cephas?
1496 2117 1571 2179 At
1625 2119 1727 2180 ubi
1785 2138 1852 2181 ea
1914 2119 2270 2200 ¹⁶subiungit
2325 2141 2477 2200 quae
2534 2123 2613 2184 do

249 2215 537 2278 ‘victuaria
583 2215 982 2278 exhibitione·
1037 2215 1454 2279 abstinentiam
1516 2218 1644 2280 eius
1701 2220 2055 2294 ostendunt,
2123 2221 2406 2293 dicentis,
2474 2223 2609 2284 Non

251 2317 418 2379 enim
461 2325 816 2396 potestatem
860 2316 1147 2379 babemus
1192 2317 1584 2382 manducandi
1628 2328 1686 2379 et
1732 2319 2022 2381 bibendi?
2066 2338 2190 2381 non
2233 2339 2450 2382 uxores
2496 2322 2607 2382 de-

251 2425 556 2479 monstrat
596 2418 669 2478 ab
712 2418 1003 2497 apostolis
1038 2417 1556 2492 ¹⁷circnmductas,
1600 2438 1746 2498 quas
1793 2427 1852 2480 et
1892 2421 1993 2499 qui
2037 2438 2159 2481 non
2196 2420 2449 2495 habent,
2493 2437 2609 2500 po-

253 2526 528 2579 testatem
575 2526 772 2580 tamen
814 2518 1206 2580 manducandi
1248 2528 1309 2580 et
1348 2518 1590 2581 bibendi
1636 2519 1884 2593 habent,
1932 2521 2040 2581 sed
2085 2520 2432 2601 simpliciter
2474 2540 2610 2582 mu-

249 2619 438 2682 lieres
495 2638 645 2699 quae
712 2618 829 2682 illis
895 2619 1106 2682 eodem
1172 2620 1445 2683 instituto
1466 2668 1491 2695 „
1556 2639 1675 2700 quo
1740 2629 1801 2682 et
1865 2621 2169 2705 dominum
2236 2622 2612 2696 comitantes,

253 2721 691 2783 ministrabant.
769 2721 891 2783 lam
935 2740 1076 2783 vero
1124 2722 1176 2783 si
1223 2721 1493 2783 Christus
1537 2712 1824 2805 reprobat
1866 2722 2091 2783 scribas
2138 2732 2199 2784 et
2238 2723 2612 2801 pharisaeoS,

251 2821 537 2884 sedentes
583 2820 644 2881 in
689 2821 961 2885 cathedra
1004 2822 1189 2900 Moysi
1234 2840 1347 2884 nec
1387 2823 1670 2883 facientes
1716 2841 1866 2901 quae
1909 2822 2223 2894 docerent,
2270 2823 2442 2901 quale
2495 2830 2608 2895 est,

252 2920 356 2984 ut‘
398 2931 458 2982 et
500 2922 629 3002 ipse
674 2940 857 3001 super
893 2908 1234 2985 cathedram
1281 2928 1450 2984 su'am
1493 2923 1812 2983 collocaret
1854 2922 1954 3000 qui
2000 2923 2371 2984 sanctitatem
2415 2922 2609 2984 carnis

251 3023 600 3104 praecipere
642 3022 863 3101 magis,
921 3042 1043 3084 non
1088 3023 1265 3084 etiam
1310 3023 1478 3084 obire
1520 3022 1964 3095 meminissent,
2022 3040 2198 3101 quam
2244 3021 2363 3083 illis
2410 3023 2609 3091 omni·¹

255 3124 374 3188 bus
418 3124 612 3185 modis
644 3123 1022 3186 ¹⁸insinuarat
1065 3131 1126 3184 et
1167 3124 1490 3185 docendam
1523 3132 1584 3184 et
1617 3120 1953 3200 agendam?
1994 3122 2057 3183 in
2097 3122 2309 3203 primis
2346 3122 2471 3183 ¹⁹de
2500 3141 2611 3203 sno
2664 3172 2827 3215 mmm·

249 3224 564 3304 exemplo,
626 3223 824 3285 ”mne
865 3224 940 3285 de
982 3223 1195 3285 ceteris
1240 3223 1637 3302 argumentiS,
1706 3240 1837 3283 cum
1891 3240 2215 3301 puerorum
2272 3222 2415 3284 dicit
2469 3240 2609 3283 esse
2636 3203 2839 3325 {32¹3}

251 3343 505 3405 regnum
549 3324 880 3397 caelorum,
937 3343 1072 3385 cnm
1114 3331 1426 3385 consortes
1470 3323 1586 3384 illis
1631 3322 1770 3383 facit
1811 3323 1959 3383 alios
2003 3330 2145 3402 post
2187 3321 2426 3402 nuptias
2456 3341 2610 3400 pue-

251 3443 396 3497 ros,
465 3444 598 3486 cum
652 3426 726 3486 ad
786 3423 1222 3503 simplicitatem
1279 3422 1585 3485 columbae
1638 3432 1954 3502 provocat,
2020 3424 2145 3483 avis
2204 3440 2325 3483 non
2382 3430 2608 3484 tantum
2625 3440 2919 3496 mumma.

249 3526 576 3599 innocuae,
643 3544 848 3587 verum
904 3532 965 3586 et
1013 3524 1292 3605 pudicae,
1358 3542 1536 3604 quam
1593 3541 1773 3584 unam
1828 3541 1984 3585 nnus
2042 3522 2341 3585 masculus
2385 3524 2609 3598 novitss,

249 3646 391 3688 cum
435 3626 832 3688 Samaritanae
873 3625 1146 3686 maritum
1193 3633 1395 3703 negat,
1441 3632 1507 3685 ut
1547 3624 1879 3686 adulterum
1909 3623 2188 3685 ostendat
2215 3640 2831 3695 numerosumioh.1v‚1·1
2847 3657 2919 3700 sq.

249 3815 306 3863 7.
346 3822 506 3863 castus
546 3816 589 3863 b.
677 3811 724 3863 8.
761 3819 965 3876 uterque
1001 3813 1048 3862 d.
1149 3812 1200 3862 9.
1237 3812 1478 3873 indignius
1513 3811 1589 3861 Ac.
1633 3812 1839 3860 Vaticani
1876 3816 1985 3858 tres.
2081 3809 2161 3858 to.
2198 3809 2246 3858 in
2282 3807 2485 3870 spiritali
2523 3807 2612 3856 AB.

261 3880 343 3931 tt.
382 3889 433 3930 ut
467 3881 705 3930 ecclesiae
740 3885 791 3930 A.
859 3879 931 3928 vel
969 3878 1172 3928 ecclesia
1191 3880 1243 3928 B.
1349 3878 1427 3928 12.
1467 3892 1590 3942 quae
1627 3892 1776 3940 super
1812 3877 1947 3924 illum
1987 3876 2233 3925 aedificata
2270 3888 2464 3923 omnem
2501 3888 2614 3935 gra-

251 3950 373 3999 dum
411 3947 595 3997 ordinis
631 3948 706 3997 sui
743 3947 803 3997 de
841 3949 1142 4008 monogamis
1181 3953 1284 3995 erat
1320 3945 1552 3995 collatura
1603 3945 1706 3994 bed.
1792 3957 1885 4006 qua
1921 3942 2063 4005 (quae
2098 3942 2149 3991 B.
2204 3956 2347 4004 quam
2382 3944 2513 3989 Ana.
2536 3955 2614 4005 pr.

217 4016 487 4082 ‚quoniam
523 4010 785 4073 Antaeo.)
820 4028 970 4077 snper
1015 4013 1149 4062 illum
1200 4027 1394 4062 omnem
1448 4012 1649 4073 gradum
1697 4010 1880 4059 ordinis
1929 4010 2002 4057 sui
2051 4008 2113 4058 de
2161 4007 2461 4069 monogamis
2511 4014 2614 4056 erat

253 4082 586 4132 collocaturus
623 4076 908 4138 (collaturus
945 4080 1011 4135 a.)
1045 4081 1200 4130 Aaou.
1307 4078 1384 4129 13.
1424 4077 1849 4140 interpretabimus
1894 4076 1982 4126 AB.
2102 4075 2182 4125 14.
2230 4074 2614 4125 demonstrasset

249 4150 413 4200 Aaou.
503 4149 580 4197 15.
617 4149 911 4211 disputasset
933 4147 1085 4198 Asca.
1176 4146 1257 4196 16.
1292 4161 1416 4210 quae
1451 4144 1699 4206 subiungit
1734 4144 1794 4193 dc
1828 4144 1916 4193 AB.
2002 4140 2080 4190 17.
2122 4141 2473 4191 circumductas
2510 4141 2614 4190 bed.

255 4215 491 4266 deductas
525 4216 711 4279 reliqui.
817 4214 896 4264 18.
935 4213 1201 4263 insinuaret
1235 4214 1286 4263 Α.
1392 4213 1468 4262 19.
1507 4212 1568 4262 da
1603 4227 1692 4262 om.
1730 4210 1884 4261 Asea.
1989 4207 2071 4259 20.
2110 4216 2208 4258 tum
2249 4209 2476 4258 Latinius.

331 4381 379 4431 d.
434 4383 675 4432 communi
711 4380 945 4431 vocabulo
982 4390 1240 4431 censentur
1271 4388 1385 4429 “mu-
1557 4380 1591 4429 1.
1627 4376 1772 4441 quale
1802 4384 1894 4436 est,
1931 4372 2006 4441 ut]
2044 4375 2119 4427 Cr.
2137 4375 2301 4425 adnot.
2320 4372 2380 4424 ad
2399 4372 2465 4422 De
2483 4373 2610 4431 Fuga

255 4451 411 4500 lieres
459 4458 507 4499 et
541 4442 739 4512 uxorea]
798 4448 850 4496 V.
885 4448 1086 4497 Tertull.
1133 4448 1201 4496 De
1251 4448 1384 4496 Orat.
1491 4446 1538 4495 in
1579 4445 1823 4494 Persecnt.
1862 4443 2032 4505 cap.5.
2558 4504 2566 4513 ¹

255 4531 371 4577 cap.
399 4513 484 4566 21.
1556 4525 1603 4571 g.
1641 4524 1784 4573 quam
1822 4524 1964 4558 unam
2003 4523 2128 4559 unns
2183 4505 2427 4557 masculus
2462 4497 2615 4568 novit]

330 4597 375 4632 e.
411 4582 472 4631 de
506 4581 734 4631 victuaria
770 4574 1087 4647 exhibitione]
1133 4579 1183 4629 V.
1222 4579 1386 4630 adnot.
1491 4578 1613 4627 Plin.
1654 4578 1774 4626 Hist.
1810 4577 1916 4625 Nat.
1953 4574 2110 4636 X,34.

257 4649 327 4699 ad
362 4649 434 4699 De
468 4648 661 4699 Corona
697 4662 805 4711 cap.
829 4646 879 4697 ⁵1.
1095 4656 1101 4661 ·
