3263 5311
58 2320 65 2357 f

58 2419 73 2458 t

1162 440 1238 484 nc
1283 440 1597 485 Punlclru.
2441 430 2567 495 821

223 587 512 669 siquidem
553 587 879 649 fornicator
921 607 1044 651 non
1087 581 1553 672 increpationem
1610 592 1687 654 de
1744 594 2039 656 sententia
2093 593 2225 658 eius
2269 596 2570 672 retulerat,

224 689 328 752 sed
380 687 841 752 damnationem.
948 688 1096 752 Nam
1151 699 1212 752 et
1263 691 1381 754 hoc
1433 692 1631 772 ipsum
1675 692 2144 778 'dispiciendum
2200 695 2308 757 tibi
2352 699 2564 773 offero,

224 808 297 853 an
335 790 557 852 fuerint
597 789 660 851 in
704 789 956 869 epistola
996 791 1187 871 prima
1228 791 1326 854 ’et
1377 792 1476 855 alii
1532 793 1631 873 qui
1688 794 2026 873 apostolum
2086 797 2567 862 contristaverint

221 890 516 954 incondite
557 899 832 971 agentes,
877 901 938 953 et
979 893 1310 956 contristati
1351 893 1510 956 ⁴sim
1550 893 1624 956 ab
1667 894 1769 955 illo
1797 894 2262 975 increpationem
2291 900 2561 962 releren-

221 999 310 1054 tes
350 992 514 1056 iuxta
557 1010 802 1056 sensum
848 991 1137 1073 epistolae
1181 994 1507 1068 secundae,
1566 1013 1640 1057 ex
1695 994 1914 1075 quibus
1956 995 2020 1057 in
2063 1015 2135 1059 ea
2176 999 2403 1061 veniam
2450 1001 2561 1062 ali-

221 1092 348 1173 quis
399 1094 663 1171 potuerit
718 1093 989 1172 adipisci.
1096 1092 1677 1158 ‘Animadvertamus
1742 1104 1938 1158 autem
1993 1104 2181 1159 totam
2244 1100 2561 1180 epistolam

219 1192 493 1275 primam,
561 1202 628 1254 ut
683 1194 760 1256 ita
816 1192 1096 1268 dixerim,
1162 1214 1285 1257 non
1340 1203 1701 1273 atramento,
1762 1198 1871 1260 sed
1925 1197 2098 1260 ‘felle
2139 1201 2556 1281 conscriptam,

220 1302 569 1367 tumentem,
627 1294 1062 1373 indignantem,
1124 1296 1569 1377 dedignantem,
1638 1279 2126 1374 comminantem,
2183 1301 2556 1377 invidiosam,

216 1404 276 1458 et
311 1414 420 1476 per
462 1394 722 1474 singulas
765 1409 1010 1458 causas·
1054 1397 1114 1458 in
1158 1398 1452 1477 quosdam
1494 1400 1665 1481 quasi
1707 1401 2010 1481 mancipes
2041 1402 2287 1464 earumb
2332 1403 2552 1482 figura-

214 1507 347 1560 tam.
413 1496 515 1560 Sic
555 1496 714 1558 enim
758 1504 1073 1577 exegerant
1114 1497 1430 1562 schismata
1473 1509 1534 1561 et
1574 1502 2000 1565 aemulationes
2045 1509 2106 1564 et
2134 1502 2552 1568 dissensiones

211 1609 270 1660 et
307 1598 820 1680 praesumptiones
864 1606 925 1660 et
967 1597 1251 1660 elationes
1296 1608 1356 1661 et
1398 1602 1843 1677 contentiones,
1887 1611 2043 1665 utet
2081 1603 2302 1666 invidia
2333 1623 2551 1666 onera-

208 1708 410 1761 rentur
451 1708 514 1762 et
554 1699 931 1778 correptione
976 1698 1434 1764 retunderentur
1490 1711 1551 1765 et
1591 1703 1871 1783 superbia
1914 1704 2298 1767 elimarentur
2339 1714 2402 1767 et
2442 1724 2550 1778 au-

207 1801 468 1863 steritate
510 1801 974 1863 deterrerentur.
1039 1800 1114 1862 Et
1153 1800 1342 1881 qualis
1386 1803 1605 1866 invidia
1647 1804 1994 1866 humilitatis
2038 1804 2359 1868 aculeus·?
2421 1806 2547 1868 Deo

205 1902 420 1982 gratias
477 1921 619 1981 ago,
686 1902 845 1982 quod
910 1901 1208 1964 neminem
1270 1911 1535 1966 vestrum
1603 1904 1912 1980 tinxerim,
1976 1905 2095 1967 nisi
2154 1904 2431 1985 Crispum
2487 1925 2520 1968 e

204 2003 442 2078 Gaium,
498 2021 575 2064 ne
616 2003 751 2083 'qui
795 2003 980 2077 dicat,
1035 2002 1196 2083 quod
1237 2004 1299 2065 in
1341 2004 1584 2066 nomine
1627 2024 1764 2066 meo
1810 2006 2105 2067 tinxerim.
2207 2005 2331 2068 Nec
2387 2008 2548 2069 enim

196 2104 446 2168 iudicavi
489 2103 646 2166 scire
688 2103 905 2184 aliquid
948 2104 1010 2166 in
1055 2103 1227 2166 vohis
1270 2123 1447 2183 quam
1491 2105 1691 2167 lesum
1721 2106 2053 2182 Christum,
2100 2113 2162 2168 et
2200 2105 2362 2184 hunc
2403 2126 2545 2168 cru-

195 2205 452 2269 cifixum.
538 2205 614 2267 Et
652 2212 831 2286 puto,
886 2223 1000 2266 nos
1045 2203 1194 2266 deus
1239 2205 1546 2284 apostolos
1590 2206 1955 2268 novissimos
2013 2206 2190 2285 elegit
2231 2206 2391 2269 velut
2432 2207 2544 2268 he-

193 2307 435 2370 stiarios
454 2353 468 2380 ,
535 2305 854 2386 ‘quoniam
892 2304 1291 2387 spectaculum
1333 2304 1469 2366 l'acti
1516 2324 1725 2368 sumus
1769 2306 1909 2368 huic
1949 2307 2172 2368 mundo
2217 2313 2278 2368 et
2318 2306 2543 2385 angelis

189 2417 257 2470 et
296 2406 667 2483 hominihus,
742 2416 802 2470 et
853 2413 1239 2488 purgamenta
1291 2407 1470 2468 huius
1525 2407 1729 2470 mundi
1783 2406 1919 2468 l'acti
1963 2424 2204 2482 sumus,
2273 2406 2541 2469 omnium

184 2508 589 2589 ⁹peripsema:
636 2517 727 2584 et,
772 2508 905 2570 Non
951 2526 1085 2571 sum
1129 2508 1313 2582 liber,
1359 2526 1481 2570 non
1526 2525 1663 2569 sum
1691 2506 2035 2588 apostolus,
2080 2526 2202 2569 non
2239 2506 2764 2578 Christumicor.1x,
2778 2527 2819 2569 1.

56 2624 84 2668 Γ.
181 2611 391 2674 Iesum
433 2609 739 2673 dominum
780 2617 1057 2674 nostrum
1099 2608 1264 2672 vidi?
1353 2609 1492 2675 ¹⁰De
1544 2608 1703 2690 quali
1757 2617 1964 2672 contra
2019 2608 2336 2690 supercilio
2390 2627 2539 2690 pro·-

56 3038 80 3084 ἵε
172 3014 541 3078 iudicaturi?
650 3015 924 3079 Ceterum
979 3014 1223 3078 libertas
1294 3032 1469 3095 quam
1534 3021 1775 3094 apertae
1830 3012 2289 3094 obiurgatiouis,
2357 3031 2534 3092 quam

56 3151 68 3177 -.
170 3123 390 3179 exerta
448 3116 604 3179 acies
665 3117 1010 3179 machaerae
1064 3115 1380 3196 spiritalis:
1449 3114 1574 3177 lam
1631 3114 1799 3177 ditati
1856 3114 2034 3188 estis,
2101 3113 2219 3175 iam
2282 3112 2811 3187 saturatiicor.1v,s.

65 3246 80 3283 r
164 3217 360 3290 estis,
407 3218 524 3280 iam
566 3218 861 3296 regnatis,
908 3225 994 3293 et,
1041 3217 1106 3279 Si
1151 3217 1286 3297 quis
1332 3235 1400 3279 se
1440 3224 1608 3296 putat
1642 3217 1831 3290 scire,
1877 3215 2142 3277 nondum
2172 3215 2287 3277 scit
2315 3231 2835 3295 quem-morsum.

56 3348 82 3390 ‚-
157 3319 500 3383 admodum
544 3327 818 3407 oporteat
860 3337 996 3380 eum
1038 3315 1222 3381 scire!
1319 3317 1533 3381 Nonne
1585 3325 1650 3379 et
1702 3325 1846 3378 tunc
1898 3317 1960 3378 in
2015 3315 2220 3379 faciem
2280 3314 2528 3379 alicuius

155 3421 551 3501 impingens,
626 3420 774 3494 Quis
833 3420 1024 3493 enim,
1077 3418 1298 3500 inquit,
1365 3426 1426 3481 te
1483 3416 1814 3481 discernit?
1902 3416 2060 3491 Quid
2103 3425 2301 3481 autem
2343 3416 2808 3491 hahesicorsvn.

56 3539 66 3566 ι
153 3522 342 3603 quod
382 3540 508 3584 non
549 3519 877 3602 accepisti?
946 3521 987 3553 ¹²
1000 3520 1158 3593 Quid
1200 3519 1504 3600 gloriaris,
1550 3519 1722 3600 quasi
1749 3537 1875 3582 non
1902 3518 2252 3601 acceperis?
2314 3519 2527 3583 Nonne

151 3630 232 3685 et
276 3622 416 3685 illos
458 3623 520 3684 in
567 3640 636 3683 os
680 3620 918 3685 caedit?
1027 3621 1276 3695 Quidam
1334 3629 1531 3684 autem
1587 3622 1651 3683 in
1702 3620 2067 3683 conscientia
2122 3638 2312 3701 usque
2364 3638 2525 3682 nunc
2549 3622 2800 3720 lfoorgssl

58 3715 61 3790 ζ
147 3724 350 3804 quasi
391 3723 783 3804 idolothytum
827 3721 1029 3785 edunt.
1101 3722 1203 3784 Sic
1242 3730 1438 3785 autem
1485 3721 1896 3802 delinquentes
1939 3721 2327 3802 percutiendo
2372 3740 2521 3784 con-

58 3915 61 3922 '
141 3911 209 3961 2.
254 3910 625 3975 despiciendum
658 3910 710 3960 A.
792 3908 841 3959 3.
880 3915 927 3958 et
962 3924 1049 3960 om.
1064 3910 1114 3959 A.
1205 3908 1255 3959 4.
1290 3918 1405 3960 sunt
1436 3911 1487 3960 A.
1586 3908 1636 3958 5.
1673 3907 2052 3958 Animadvertam
2088 3909 2139 3958 A.
2230 3908 2281 3959 6.
2316 3907 2436 3958 folle
2470 3909 2519 3958 A.

139 3978 210 4027 7.
257 3980 344 4042 qni
384 3978 471 4029 GD.
505 3979 622 4028 liber
660 3978 915 4028 Clementis.
1000 3977 1107 4040 quis
1140 3978 1328 4043 reliqui.
1432 3974 1480 4027 8.
1517 3977 1744 4041 quoniam
1785 3976 1870 4026 (ἷῦ.
1907 3977 2027 4026 liber
2063 3975 2319 4027 Clementis.
2391 3975 2523 4040 quod
2592 4009 2600 4017 -

135 4043 252 4097 AB.
343 4043 395 4095 9.
429 4060 519 4110 per
553 4046 567 4093 i
606 4058 714 4093 sum
748 4046 798 4095 A.
875 4044 952 4094 10.
989 4043 1060 4094 De
1095 4044 1223 4109 quali
1251 4045 1414 4096 ABGD.
1484 4043 1596 4093 Vide
1634 4044 2017 4108 quasiLatim'm.
2088 4043 2228 4102 Quali
2253 4044 2330 4094 Fr·
2345 4043 2521 4094 Iunius.

148 4111 249 4163 1¹.
291 4119 346 4162 ut
379 4060 619 4163 4⁹13.
654 4111 706 4161 Si
743 4116 902 4161 autem
940 4112 1185 4177 accepisti,
1222 4112 1336 4176 quid
1371 4112 1597 4176 gloriaris
1633 4112 1705 4173 D„
1744 4111 1874 4162 Fato.
1915 4111 2126 4161 Ursinus.

227 4246 358 4310 Cap.
406 4246 521 4297 xlv.
611 4262 654 4297 a.
701 4261 790 4311 per
834 4246 1051 4310 singulas
1100 4238 1297 4312 musas]
1395 4253 1489 4308 tur,
1510 4246 1762 4297 addicente
1780 4253 1968 4304 satana,
2000 4258 2246 4306 magnario
2267 4242 2351 4294 illo
2372 4243 2521 4295 totius

58 4327 61 4334 ·
141 4314 269 4364 floc
308 4320 388 4363 eet
418 4327 510 4377 per
543 4321 675 4365 certa
710 4314 926 4365 crimina.
961 4313 1175 4377 (Rigalt.)
1395 4315 1719 4381 improbitatis
1754 4315 2070 4377 negotiatore.
2104 4311 2320 4375 (Rigalt.)

222 4381 280 4432 b.
322 4383 462 4445 quasi
497 4382 745 4446 mancipes
781 4377 972 4448 earum]
1023 4382 1097 4431 Cf.
1128 4382 1292 4432 adnot.
1545 4383 1604 4432 Et
1654 4381 1812 4446 qualis
1847 4379 2020 4431 invidia
2069 4379 2355 4430 humilitatis
2401 4392 2518 4428 acu-

58 4411 61 4484 :
140 4448 216 4500 ad
255 4448 335 4498 De
372 4448 545 4499 idolol.
584 4465 690 4514 cap.
708 4449 752 4499 1.
800 4449 1046 4513 Ιιιιοιροε
1067 4449 1183 4499 dicit
1204 4450 1293 4500 lla
1395 4444 1582 4515 leun]
1648 4449 1818 4508 Qualis
1868 4448 2064 4499 aculeus
2120 4446 2404 4497 humilitatis
2458 4443 2517 4493 ad

133 4517 456 4580 gitioeornm
504 4518 741 4580 insignes,
798 4516 880 4581 qui
928 4516 1164 4581 patranda
1198 4516 1293 4567 im·
1392 4517 1616 4567 invidiam
1642 4512 1957 4567 submissae?
2005 4515 2108 4565 Hoc
2143 4522 2217 4564 est
2251 4513 2371 4569 adeo
2397 4510 2516 4560 sub—

65 4660 74 4669 ·
134 4584 520 4651 pudentiuime
556 4585 758 4637 crimina
791 4584 1062 4635 redemisse
1095 4583 1291 4637 videau-
1394 4585 1574 4636 missae
1611 4583 1941 4648 abiectaeque,
1990 4590 2042 4633 ut
2090 4581 2311 4633 invidiam
2346 4576 2517 4630 adver-

1390 4652 1534 4705 sariis
1568 4650 1730 4706 faeiat.
1763 4649 1977 4716 (Rigalt.)

2552 1785 2724 1884 ΙΟῆιι-Ξι.
2712 1791 2777 1840 ,u
2785 1801 2856 1848 aq.

2524 1914 2548 1968 t
2596 1870 2663 1943 ιγ’,
2673 1892 2715 1935 ο.
2728 1894 2795 1936 ιι.

179 2713 461 2775 nuntiare
504 2712 849 2792 compulsus
906 2720 1032 2787 est,
1093 2712 1236 2774 Mihi
1291 2719 1487 2773 autem
1545 2711 1606 2772 ιιι
1663 2702 1898 2773 ιιιόᾱιοο
1958 2719 2083 2784 est,
2148 2719 2215 2773 ut
2269 2730 2304 2772 a
2358 2710 2530 2771 vohis
2558 2692 2739 2799 ,θ’-(ἐξῇ

56 2832 84 2876 a·
175 2815 549 2892 interroger,
610 2813 766 2875 ¹¹aut
807 2813 880 2875 ab
923 2796 1183 2879 humano
1226 2812 1354 2887 die;
1426 2830 1618 2891 neque
1662 2812 1821 2874 enim
1863 2812 2139 2875 conscius
2181 2810 2328 2873 mihi
2369 2828 2535 2871 sum:

56 2940 82 2973 :-
174 2922 275 2989 et,
343 2913 604 2976 Gloriam
647 2932 842 2977 meam
884 2932 1061 2976 nemo
1105 2914 1347 2977 inaniet.
1435 2912 1570 2974 Non
1622 2912 1789 2974 scitis
1834 2912 1995 2991 quod
2038 2911 2279 2991 angelos
2323 2894 2760 2999 sumus¹⁰‘1’f3›‚¹¹·
2774 2900 2840 2942 ¹⁵·
