3263 5311
695 440 821 503 266
1207 454 1408 506 omnm
1453 428 1713 515 serm&
1758 453 2087 497 nonanus
2134 452 2547 497 mercamur.

689 606 844 669 nibil
885 604 1276 667 inmodestiae
1305 604 1344 636 ⁷¹
1363 603 1636 665 admittit.
1703 603 1837 664 Non
1880 604 2047 683 prius
2091 602 2484 666 discumbitur
2524 619 2702 681 quam
2748 600 2940 664 oratio
2970 600 3043 666 ad

697 708 872 770 deum
912 711 1343 787 praegustetur.
1446 704 1657 765 Editur
1710 712 1996 785 quantum
2052 704 2389 767 esurientes
2431 703 2756 784 ”capiunt,
2825 703 3044 766 bibitur

669 816 977 888 ⁸quantum
1017 805 1248 886 pudicis
1291 805 1488 867 ”utile
1533 813 1647 866 est.
1755 804 1843 867 lta
1898 806 2274 878 saturantur,
2342 805 2464 867 ⁷⁴ut
2507 805 2609 883 qui
2660 805 3047 867 meminerint

695 910 872 972 etiam
913 926 1025 989 per
1063 915 1302 969 noctem
1344 906 1711 968 adorandum
1768 907 1946 968 deum
2003 906 2121 968 sibi
2177 922 2346 989 esse3
2411 905 2489 967 ita
2545 905 2913 979 fabulantur,
2980 913 3048 967 ut

695 1010 797 1091 qui
837 1002 1082 1071 ”sciant
1123 1007 1428 1070 dominum
1472 1007 1696 1069 audire.
1803 1007 1965 1070 Post
2008 1026 2220 1088 aquam
2275 1008 2607 1083 manualem
2661 1015 2721 1069 et
2771 1006 3047 1079 lumina‘,

692 1120 760 1173 ut
802 1110 1052 1190 quisque
1095 1110 1169 1171 de
1212 1108 1523 1189 scripturis
1567 1109 1791 1170 sanctis
1837 1109 1930 1171 vel
1970 1109 2045 1170 de
2072 1110 2319 1189 proprio
2348 1108 2587 1189 ingenio
2616 1116 2851 1189 potest,
2895 1126 3045 1189 pro·-

693 1219 937 1272 vocatur
980 1211 1042 1272 in
1083 1210 1346 1271 medium
1388 1209 1431 1243 ⁷⁶
1445 1210 1557 1271 deo
1604 1222 1890 1284 canere·;
1952 1210 2092 1272 binc
2131 1211 2420 1290 probatur
2461 1210 2763 1290 quomodo
2807 1208 3043 1273 biberit.

692 1312 946 1392 ”Aeque
993 1311 1183 1373 oratio
1230 1311 1563 1372 convivium
1608 1311 1851 1373 dirimit.
1951 1312 2097 1373 Inde
2140 1312 2466 1375 disceditur
2505 1330 2630 1373 non
2673 1306 2735 1374 in
2779 1307 3043 1373 catervas

693 1413 1092 1475 ”caesionum
1152 1413 1321 1473 ”nec
1376 1413 1438 1473 in
1492 1413 1716 1475 classes
1781 1412 2286 1474 discursationum
2350 1413 2516 1474 ”nec
2574 1413 2636 1473 in
2700 1410 3044 1491 eruptiones

694 1514 1126 1587 lasciviarum-v,
1174 1514 1283 1575 sed
1326 1513 1400 1576 ad
1445 1514 1693 1575 eandem
1737 1532 1939 1575 curam
1982 1514 2312 1576 modestiae
2357 1522 2417 1575 et
2457 1512 2803 1594 pudicitiae,
2851 1521 2919 1573 ut
2949 1512 3045 1592 qui

693 1635 818 1677 non
862 1624 979 1677 tam
1023 1633 1270 1677 coenam
1313 1615 1748 1699 ⁸¹·coenaverint
1767 1634 1967 1694 ·quam
2004 1615 2391 1697 disciplinam.
2454 1614 2617 1677 Haec
2658 1613 2839 1677 coitio
2872 1612 3043 1675 Chri-

697 1716 1026 1778 stianorum
1070 1716 1284 1777 merito
1332 1734 1476 1777 sane
1520 1715 1772 1788 inlicita,
1841 1717 1893 1778 si
1950 1716 2186 1779 inlicitis
2231 1734 2371 1797 par,
2436 1715 2649 1777 merito
2694 1714 3044 1787 damnanda,

697 1815 806 1877 ⁸''si
852 1816 984 1895 quis
1031 1816 1105 1878 de
1149 1836 1215 1877 ea
1260 1816 1529 1896 queritur
1570 1836 1643 1876 eo
1705 1816 1872 1878 titulo
1930 1836 2046 1896 quo
2105 1817 2178 1879 de
2235 1815 2589 1879 factionibus
2647 1816 2887 1895 querela
2933 1824 3043 1876 est.

695 1918 767 1980 In
809 1916 978 1979 cuius
1022 1917 1347 1996 perniciem
1391 1916 1704 1998 aliquando
1751 1916 2185 1979 convenimus?
2268 1918 2399 1979 Hoc
2454 1934 2661 1979 sumus
2707 1915 3044 1995 congregati

614 2090 622 2095 ,
700 2019 862 2098 quod
905 2027 964 2079 et
1005 2018 1295 2098 dispersi,
1340 2018 1457 2079 boc
1499 2018 1763 2080 universi
1807 2020 1966 2100 quod
2013 2028 2073 2082 et
2099 2019 2348 2099 singuli,
2393 2018 2694 2081 neminem
2720 2017 3045 2088 laedentes,

435 2339 552 2398 Cap.
577 2340 662 2386 XL.

698 2120 997 2181 neminem
1043 2118 1485 2207 contristantes.
1573 2118 1777 2182 ⁸³Cum
1818 2120 2025 2200 probi,
2094 2140 2228 2182 cum
2283 2120 2426 2181 boni
2470 2127 2716 2192 coeunt,
2764 2134 2901 2180 cum
2942 2117 3044 2197 pii,

699 2240 834 2282 cum
879 2221 1026 2282 casti
1050 2228 1531 2305 ‘congregantulu
1579 2240 1705 2282 non
1749 2230 1843 2283 est
1883 2221 2057 2284 factio
2103 2222 2379 2297 dicenda,
2426 2222 2533 2283 sed
2578 2220 2760 2283 curia.

869 2323 944 2384 At
987 2342 1020 2383 e
1064 2322 1361 2384 contrario
1407 2322 1523 2383 illis
1569 2341 1787 2384 nomen
1834 2323 2141 2385 ¹factionis
2184 2322 2779 2385 ²accommodandum
2811 2329 2908 2382 est
2948 2320 3047 2400 qui

699 2424 763 2485 in
807 2425 1008 2485 odium
1051 2423 1347 2485 bonorum
1394 2431 1452 2484 et
1495 2423 1822 2503 proborum
1865 2425 2238 2503 conspirant,
2285 2425 2385 2504 qui
2414 2424 2762 2486 ⁴⁸³adversum
2801 2421 3047 2501 sangui·

698 2542 837 2585 nem
883 2524 1288 2586 innocentium
1330 2524 1761 2598 ⁴conclamant,
1808 2533 2222 2605 praetexentes
2266 2545 2409 2587 sane
2455 2526 2526 2587 ad
2573 2525 2693 2603 odii
2737 2524 3046 2586 defensio-

701 2643 841 2687 nem
878 2625 1036 2688 illam
1065 2626 1335 2707 ‘quoque
1365 2625 1709 2701 vanitatem,
1756 2626 2285 2706 quod'existiment
2316 2627 2513 2689 omnis
2542 2625 2811 2708 publicae
2844 2623 3049 2699 cladis,

700 2779 782 2828 71.
822 2779 1085 2829 admittitur
1121 2797 1159 2830 c.
1265 2778 1346 2828 72.
1386 2779 1584 2842 cupiunt
1617 2783 1653 2843 s.
1688 2779 1896 2842 flavere„
1936 2797 2038 2832 cum
2072 2782 2233 2831 Fulvia
2274 2782 2454 2832 Ursino.
2578 2780 2658 2831 73.
2697 2779 2814 2828 utile
2851 2788 2942 2829 est.
2976 2779 3053 2829 AB

700 2848 830 2897 EFG.
873 2848 1062 2897 Vindab.
1099 2849 1271 2911 Erfure.
1367 2856 1441 2897 est
1478 2847 1609 2896 utile.
1647 2848 1865 2914 Dabcdes.
1902 2850 2092 2900 flavere.
2230 2848 2309 2898 74.
2348 2856 2399 2898 nt
2434 2850 2756 2898 meminerunt
2791 2840 2836 2896 λ.
2907 2847 2961 2898 In
2996 2847 3050 2896 E.

627 2913 634 2922 '
701 2915 877 2978 Errare.
916 2916 1064 2965 Oxou.
1098 2918 1237 2970 verba
1273 2914 1669 2964 meminerint-
1699 2939 1764 2949 —
1801 2916 2094 2975 fabulantur,
2131 2925 2182 2965 ut
2217 2918 2296 2980 qui
2334 2918 2669 2966 desiderantur.
2777 2911 3053 2965 75.'sciant

704 2983 952 3032 dominum
987 2982 1325 3047 ABDEGacdes.
1372 2984 1559 3034 Vindab.
1582 2983 1752 3046 Erfurt.
1824 2985 1983 3034 sciunt
2019 2984 2264 3033 dominum
2303 2985 2344 3034 b.
2429 2985 2583 3034 sciant
2616 2984 2759 3033 doum
2786 2977 2867 3033 Γλ.
2902 2983 3050 3032 Oxou.

694 3050 748 3100 In
781 3064 906 3116 seqq.
941 3065 1025 3114 pro
1063 3058 1110 3098 et
1147 3051 1324 3101 lumina
1361 3052 1490 3101 Fata.
1530 3050 1724 3100 Ursinus
1758 3052 1937 3102 valebat
1973 3052 2032 3101 ad
2073 3051 2268 3101 lumina.
2375 3051 2456 3100 76.
2493 3052 2554 3102 de
2590 3052 2682 3102 deo
2717 3046 2762 3098 λ.
2874 3049 2958 3099 77.
2992 3048 3054 3098 Et

695 3131 818 3182 quae
856 3118 1010 3167 oratio
1047 3118 1097 3167 F.
1124 3118 1313 3169 Vindob.
1419 3117 1500 3169 78.
1539 3119 1821 3168 censionum
1859 3135 1902 3168 a.
2008 3119 2089 3169 79.
2128 3134 2218 3169 nec
2248 3119 2408 3170 ABEF.
2434 3120 2604 3182 Erfurt.
2629 3120 2822 3168 Vindob.
2892 3130 3050 3179 neque

691 3186 912 3248 Dabades.
949 3185 1139 3235 Hanno.
1214 3187 1389 3236 Omittit
1425 3187 1474 3235 G.
1581 3185 1664 3235 80.
1703 3201 1793 3235 nec
1829 3187 1876 3236 in
1912 3187 2211 3250 inceptiones
2248 3186 2547 3236 lasciviarum
2583 3182 2629 3233 λ.
2748 3185 2833 3235 81.
2871 3197 3052 3235 coena·

692 3259 860 3301 verunt
897 3252 946 3301 G.
1018 3253 1233 3300 cenarint
1271 3254 1320 3302 F.
1409 3252 1488 3302 82.
1529 3254 1570 3302 si
1609 3261 1705 3302 non
1743 3253 1994 3303 dissimilis
2030 3255 2332 3314 damnandis,
2370 3255 2412 3303 si
2448 3256 2557 3318 quis
2592 3250 2868 3317 MHaver-c.
2968 3250 3051 3303 83.

692 3320 814 3369 Cum
851 3318 996 3376 boni,
1034 3333 1142 3367 cum
1179 3319 1320 3382 probi
1358 3327 1532 3369 coeunt
1569 3322 1619 3369 F.

833 3384 947 3447 Cap.
985 3385 1078 3433 xl..
1164 3386 1305 3449 Caput
1352 3389 1624 3450 inscriptum
1659 3393 1725 3436 eal
1759 3388 1809 3435 in
1842 3388 1927 3437 AB.
1967 3388 2045 3438 ΕΤ
2082 3387 2322 3439 CONTRA
2357 3388 2667 3439 ETuNJcau
2705 3387 3052 3445 aulonem..

699 3466 818 3515 quae
851 3452 988 3500 verba
1023 3453 1072 3500 in
1107 3453 1157 3501 F.
1195 3454 1295 3516 (qui
1340 3455 1457 3504 liber
1504 3458 1705 3517 capitum
1751 3456 1900 3503 titulis
1950 3457 2090 3512 caret)
2139 3465 2183 3506 ec
2226 3457 2413 3507 Vindob.
2468 3459 2530 3506 ad
2574 3458 2837 3521 prat-ymni
2883 3457 3053 3520 capitis

679 3521 831 3581 ,finem
863 3525 1062 3568 retracta
1098 3520 1327 3582 leguntur.
1416 3523 1468 3571 ln
1504 3522 1555 3570 Ε.
1593 3522 1764 3585 Erfurt.
1804 3530 1930 3572 extat
1965 3523 2201 3573 CONTRA
2246 3523 2551 3574 E'rflwcm
2592 3523 2948 3580 RATnoNEu„
3004 3525 3053 3573 in

707 3586 1022 3636 vaticanorum
1055 3602 1148 3635 uno
1185 3589 1348 3636 titulus
1384 3596 1450 3638 est
1488 3589 1648 3646 Qvoo
1679 3588 1830 3638 POST
1858 3589 2098 3641 CHRlSTl
2127 3591 2439 3642 mvl-:mvn
2465 3591 2792 3642 PAVClORES
2821 3590 3051 3640 cunt-:S

696 3651 817 3702 DEO
858 3652 1168 3704 PARCENTE
1207 3654 1559 3706 EVENEBlNT.
1631 3657 1698 3718 ln,
1719 3658 1793 3705 ab.
1830 3659 1915 3707 Ιιοο
1950 3667 2087 3723 caput
2120 3675 2222 3710 cum
2253 3675 2524 3725 praeyresso
2561 3676 2663 3711 cum
2696 3674 2839 3709 unum
2861 3660 3047 3722 efficiat,

694 3722 1043 3785 inscriptionem
1075 3737 1170 3772 non
1204 3724 1354 3773 habet.
1499 3723 1542 3772 1.
1579 3725 1839 3773 factionum
1877 3727 1976 3775 aba.
2083 3725 2128 3776 2.
2168 3728 2583 3780 accommodatum
2625 3728 2774 3777 Oxou.
2876 3723 2925 3773 3.
2965 3724 3053 3774 ad—

699 3804 869 3840 versus
910 3790 1057 3840 Oxou.
1164 3791 1212 3840 4.
1251 3790 1460 3844 clamant
1496 3807 1532 3842 c.
1605 3792 1901 3842 concordant
1938 3795 1987 3843 G.
2093 3795 2140 3843 5.
2178 3810 2371 3859 quoque
2408 3811 2496 3845 om.
2535 3797 2585 3844 G.

765 3932 799 3973 t.
838 3925 953 3974 Post
987 3940 1160 3989 aquam
1199 3927 1469 3977 manualem
1519 3934 1567 3976 et
1617 3922 1821 3992 lumina]
1927 3927 2188 3988 infinitivus
2213 3944 2357 3995 quem
2382 3930 2548 3979 dicunt
2574 3929 2749 3979 finatis.
2802 3928 2883 3978 Sic
2902 3942 3052 3993 supra

695 3991 815 4040 Nam
854 4000 900 4039 et
934 4001 1048 4055 post
1084 4009 1281 4044 coenam
1331 3996 1502 4044 iterum
1542 4008 1713 4043 manus
1750 3994 1822 4044 la·
1926 4010 2032 4057 cap.
2057 3994 2123 4045 22
2178 3998 2465 4060 „utriusque
2501 3997 2710 4046 nominis
2762 4003 2915 4045 testea
2953 4010 3057 4046 esse

697 4058 886 4116 rabant,
941 4067 1039 4109 tum
1088 4062 1267 4111 lumina
1304 4063 1651 4111 inferebantur.
1721 4061 1821 4111 No·
1926 4062 1996 4111 vel
2035 4064 2159 4125 magi
2197 4065 2423 4114 adsunt.“
2473 4065 2717 4127 Scorpiac.
2740 4062 2885 4127 cap.l
2930 4078 3053 4124 „ca-

696 4132 800 4174 tant
834 4133 993 4189 autem
1031 4129 1264 4191 scriptum
1301 4130 1347 4177 in
1375 4129 1663 4192 quibusdam
1687 4127 1822 4177 libris
1925 4130 2082 4179 lentes
2118 4138 2167 4180 et
2194 4132 2287 4196 ipsi
2309 4134 2555 4197 offendere,
2592 4135 2744 4195 figere,
2784 4129 3053 4181 occidere.“

693 4199 799 4257 post
848 4208 1015 4256 aquam
1060 4197 1319 4245 manualem
1364 4197 1428 4245 ad
1463 4196 1653 4244 lumina.
1705 4195 1823 4255 (He-
1924 4197 1993 4246 Ad
2015 4197 2210 4262 Scapul.
2230 4200 2383 4263 cap.5
2418 4202 2695 4264 „inquirere
2718 4195 3053 4248 accenditur.“

696 4259 841 4317 rald.)
906 4258 975 4308 De
1010 4274 1133 4322 aqua
1169 4262 1379 4312 manuali
1419 4262 1617 4311 uberius
1652 4263 1821 4325 dispu-
1926 4263 1995 4314 De
2041 4280 2095 4314 re
2144 4268 2207 4328 cf.
2245 4267 2461 4317 fluenter
2509 4266 2745 4316 Primord.
2780 4264 2913 4314 Eccl.
2952 4264 3054 4314 arr.

695 4333 766 4375 tat
786 4326 944 4375 Desid.
969 4326 1162 4377 Heu-ald.
1179 4330 1386 4391 Digress.
1406 4330 1441 4389 l,
1462 4328 1541 4378 22.
1573 4345 1618 4393 p.
1635 4328 1734 4380 245
1747 4345 1823 4395 sq.
1926 4346 1974 4395 p.
2002 4332 2116 4383 107.

695 4393 1109 4457 Breviloqnentiae
1141 4405 1246 4460 post
1283 4413 1450 4461 aquam
1486 4400 1745 4454 manualem
1780 4405 1822 4448 et
1993 4416 2034 4450 v.
2102 4415 2192 4452 nec
2256 4403 2304 4452 in
2374 4401 2655 4465 eruptiones
2723 4389 3055 4462 lasciviarum]

698 4462 888 4522 lumina,
942 4461 989 4510 b.
1021 4477 1062 4512 e.
1100 4471 1357 4528 postquam
1395 4465 1550 4514 adlata
1589 4474 1664 4516 est
1698 4480 1822 4530 aqua
1926 4466 2129 4531 cop.35
2165 4470 2475 4529 ‚‚c·tervatim
2523 4471 2758 4519 cursitare
2810 4467 2874 4516 ad
2922 4466 3055 4514 iniu-

2643 4537 2652 4546 Π
2692 4537 2702 4546 ο
2741 4534 2753 4546 0
2793 4535 2802 4546 1

699 4529 939 4578 manualis
977 4538 1025 4579 et
1059 4531 1256 4592 lumina,
1308 4532 1402 4583 alia
1438 4534 1659 4597 exempla
1702 4548 1821 4598 pro·
1924 4534 2041 4596 rias,
2077 4537 2138 4587 ad
2175 4537 2496 4602 inpudentiae,
2535 4533 2599 4588 ad
2622 4536 2835 4587 mudum
2867 4531 3055 4585 inlece-

700 4596 790 4648 tuli
826 4597 885 4646 ad
921 4597 1170 4663 Scorpiac.
1206 4614 1310 4663 cap.
1332 4600 1412 4651 11.
1926 4601 2093 4652 bras.“
2646 4629 2657 4636 —

770 4679 816 4715 u.
851 4676 1140 4729 provocatur
1172 4667 1221 4718 in
1257 4668 1470 4720 medium
1505 4670 1597 4719 deo
1623 4663 1821 4734 canere]
