3263 5311
722 376 806 441 98
1235 393 1433 445 ouinri
1480 393 1737 437 serrum
1781 393 2107 437 nonen-ris
2154 393 2538 436 TERTULLIAM

724 544 869 618 ciat,
927 542 1219 607 neminem
1273 543 1567 605 recludat⁶
1620 553 1724 605 aut
1776 542 2073 624 torqueat,
2134 544 2185 605 si
2239 543 2386 605 haec
2440 542 2718 606 credibile
2770 552 2862 605 est
2912 543 3031 606 fieri

727 663 933 728 posse.

434 768 538 824 cap.
577 765 724 812 xviii.
893 746 1015 808 Iam
1057 763 1197 806 vero
1241 745 1314 806 de
1356 744 1488 805 solo
1535 752 1852 824 suggestu·
1879 753 1940 807 et
1976 746 2288 826 ¹apparatu
2315 744 2565 806 honoris
2591 745 3029 807 retractandum.

726 845 1011 925 Proprius
1056 844 1288 906 habitus
1333 845 1756 924 uniuscuisque
1797 853 1908 920 est,
1953 854 2071 907 tam
2112 846 2186 908 ad
2212 864 2390 907 usum
2419 846 2838 927 quotidianum,
2868 866 3033 927 quam

728 947 804 1008 ad
846 947 1134 1006 bonorem
1178 953 1238 1007 et
1278 940 1633 1025 dignitatem.
1720 946 1903 1024 Igitur
1943 964 2201 1027 purpura
2256 946 2391 1006 illab
2435 954 2496 1008 et
2549 966 2754 1007 aurum
2801 947 3034 1009 cervicis

732 1054 1136 1108 ornamentum
1199 1047 1407 1108 eodem
1476 1066 1643 1108 more
1714 1048 1866 1126 apud
1920 1048 2233 1127 Aegyptios
2300 1054 2359 1109 et
2397 1046 2748 1127 Babylonios
2791 1047 3036 1127 insignia

731 1156 894 1210 erant
935 1146 1250 1225 diguitatiS,
1296 1168 1412 1228 quo
1456 1166 1627 1210 more
1667 1165 1822 1208 nunc
1861 1155 2194 1227 praetextae
2237 1148 2327 1209 vel
2369 1148 2602 1210 trabeae
2643 1148 2733 1210 vel
2760 1149 3038 1229 palmatae
3142 1210 3151 1220 ,
3227 1106 3228 1119 ¹

732 1256 794 1310 et
835 1266 1088 1309 coronae
1129 1268 1340 1311 aureae
1385 1249 1755 1310 sacerdotum
1796 1249 2283 1328 provincialium⁶,
2331 1250 2436 1310 sed
2478 1268 2600 1311 non
2644 1250 2849 1311 eadem
2893 1268 3035 1311 cou-

730 1349 983 1411 dicione.
1071 1348 1323 1411 Tantum
1367 1350 1521 1412 enim
1563 1348 1813 1410 honoris
1856 1350 2095 1411 nomine
2135 1349 2617 1429 ²conferebantur
2659 1351 2773 1424 his,
2820 1350 2920 1431 qui
2950 1352 3036 1411 fa·

730 1450 1118 1512 miliaritatem
1162 1470 1366 1529 regum
1420 1450 1812 1513 merebantur.
1899 1451 2062 1512 Unde
2117 1458 2176 1512 et
2227 1452 2530 1532 purpurati
2572 1451 2812 1530 “regum
2865 1468 3040 1513 voca·-

730 1551 944 1613 bantur
986 1571 1020 1612 a
1059 1570 1337 1631 purpura,
1383 1552 1534 1613 sicut
1575 1552 1730 1632 apud
1761 1570 1875 1612 nos
1906 1570 1941 1612 a
1968 1559 2103 1631 toga
2131 1553 2372 1614 candida
2399 1552 2739 1626 ⁴candidati,
2783 1553 2893 1614 sed
2922 1570 3043 1613 nou

732 1660 800 1713 ut
842 1660 1155 1731 suggestus
1199 1652 1297 1713 ille
1339 1653 1683 1714 sacerdotiis
1729 1671 1962 1732 quoque
2005 1660 2106 1714 aut
2147 1653 2433 1732 aliquibus
2489 1653 2780 1714 idolorum
2835 1653 3041 1714 officiis

732 1752 1209 1830 adstringeretur.
1295 1753 1440 1815 Nam
1486 1753 1537 1814 si
1578 1755 1659 1815 ita
1703 1763 1879 1827 esset,
1937 1754 2139 1833 utique
2180 1761 2372 1814 tantae
2430 1754 2751 1815 sanctitatis
2796 1764 2857 1816 et
2898 1773 3041 1816 con-

732 1853 979 1915 stantiae
1020 1852 1129 1914 viri
1173 1854 1369 1915 statim
1410 1853 1643 1916 habitus
1687 1854 2021 1933 inquinatos
2065 1861 2461 1927 recusassent,
2509 1854 2818 1935 statimque
2863 1874 3041 1936 appa-

732 1954 955 2016 ruisset
992 1953 1290 2016 Danielem
1342 1954 1516 2016 idolis
1568 1972 1691 2015 non
1744 1955 2108 2027 deservisse,
2173 1973 2284 2016 nec
2322 1954 2520 2016 Belem
2570 1975 2682 2017 nec
2735 1956 3046 2016 draconem

735 2056 948 2130 colere,
1007 2056 1163 2135 quod
1205 2055 1423 2117 ”multo
1466 2063 1677 2135 postea
1720 2055 2003 2136 apparuit.
2099 2055 2354 2134 Simplex
2407 2056 2585 2135 igitur
2635 2075 2901 2136 purpura
2953 2056 3047 2119 illa

731 2174 845 2218 nec
883 2155 998 2216 iam
1056 2156 1350 2235 dignitatis
1392 2156 1580 2230 “erat,
1651 2157 1758 2218 sed
1818 2156 2190 2236 ingenuitatis
2247 2156 2399 2235 apud
2454 2157 2736 2217 barbaros
2799 2156 3045 2236 insigne.

731 2256 1274 2329 'Quemadmodum
1316 2258 1470 2317 enim
1513 2264 1573 2318 et
1610 2257 1848 2337 loseph,
1906 2256 2004 2336 qui
2049 2274 2254 2317 servus
2298 2257 2503 2330 fuerat,
2562 2265 2622 2319 et
2661 2257 2896 2331 Daniel,
2953 2256 3049 2337 qui

732 2377 843 2440 per
884 2356 1268 2437 captivitatem
1306 2357 1559 2419 “statum
1599 2366 1871 2433 verterat,
1928 2356 2215 2418 civitatem
2254 2357 2627 2437 Babyloniam
2682 2366 2742 2419 et
2781 2358 3047 2438 “Aegyp-

874 2528 988 2590 Cap.
1023 2527 1179 2576 xviii.
1255 2527 1298 2577 1.
1334 2535 1535 2593 appratu
1567 2524 1682 2592 Αφ.
1824 2526 1871 2577 2.
1909 2529 2279 2578 conserebantur
2312 2528 2386 2577 liis
2423 2529 2496 2578 b.‘
2553 2528 2893 2577 conserebatur
2928 2529 2969 2579 is
3002 2529 3052 2577 A.

739 2595 1075 2645 conferebatur
1111 2596 1183 2643 bis
1217 2595 1334 2645 Bca.
1419 2594 1466 2644 3.
1504 2610 1670 2658 regum
1708 2598 2096 2646 memorabantur
2129 2613 2154 2646 a
2187 2606 2395 2662 purpura
2430 2597 2481 2646 A.
2565 2595 2839 2644 4.cand1da
2879 2612 2968 2647 om.
3000 2596 3051 2645 A.

739 2665 789 2714 5.
824 2663 974 2712 multo
1011 2670 1150 2726 poste
1182 2664 1233 2713 Α.
1389 2662 1436 2713 6.
1473 2671 1591 2724 erat,
1645 2664 1731 2713 sed
1779 2663 2080 2726 ingenuitatis
2126 2682 2214 2716 om.
2247 2665 2298 2716 A.
2446 2663 2493 2712 7.
2534 2664 2951 2723 Quemadmodum
2979 2665 3051 2715 ob.

740 2731 1095 2791 Quemadmodo
1129 2727 1226 2793 Αβ.
1315 2730 1676 2790 Quodammodo
1711 2729 1807 2798 Αφ
1821 2733 1907 2782 BG.
2010 2732 2057 2782 8.
2095 2734 2253 2782 statim
2289 2732 2340 2781 B.
2476 2731 2524 2780 9.
2559 2734 2832 2795 Aegyptiam
2873 2734 2920 2782 b.

739 2849 947 2912 Utraque
992 2847 1225 2897 abstineat
1275 2848 1599 2910 Christianus,
1660 2865 1748 2900 nec
1796 2850 1855 2900 de

741 2916 893 2979 capite
931 2915 1194 2978 cuiuspiam
1242 2925 1323 2965 aut
1355 2916 1509 2979 legem
1545 2925 1625 2967 aut
1659 2925 1854 2967 senten—

739 2983 854 3033 tiam
888 2983 1026 3032 serat.
1078 2984 1287 3046 (Rigalt.)

809 3066 852 3100 c.
888 3047 1124 3115 recludat]
1178 3051 1224 3101 b.
1262 3065 1303 3101 e.
1339 3053 1387 3101 in
1424 3067 1615 3103 carcere
1650 3052 1853 3112 claudat,

744 3118 793 3167 iu
843 3118 1027 3167 vincula
1073 3119 1167 3167 det.
1236 3119 1303 3167 De
1360 3122 1453 3169 boc
1496 3121 1680 3169 rariore
1726 3120 1853 3168 verbi

737 3187 976 3236 recludere
1009 3185 1351 3247 significatione
1392 3195 1438 3236 et
1470 3203 1559 3236 usu
1594 3202 1635 3236 v.
1670 3188 1854 3235 Rubnk.

746 3261 792 3300 et
827 3252 1134 3301 Frotsch.=ad
1170 3252 1255 3300 lul.
1295 3254 1397 3301 Rus.
1434 3269 1537 3317 cap.
1575 3255 1617 3303 1.
1656 3269 1701 3315 p.
1738 3253 1852 3303 224.

745 3319 822 3368 ed.
861 3319 1010 3381 Lipe„
1048 3319 1217 3368 Duker.
1254 3321 1312 3367 ad
1348 3321 1474 3369 Flor.
1512 3321 1585 3379 lv,
1627 3320 1701 3369 12.
1762 3323 1856 3371 Lo-

747 3387 817 3435 cis
851 3386 976 3447 apud
1012 3385 1347 3436 Forcelliuium
1384 3396 1430 3437 et
1463 3405 1487 3436 a
1524 3389 1772 3438 Dirltsenio
1812 3391 1858 3437 in

746 3453 951 3503 Manuali
986 3468 1040 3501 ex
1059 3452 1277 3503 lCtorum
1314 3455 1448 3505 libris
1483 3456 1698 3506 indicatis
1734 3458 1857 3506 addo

751 3520 934 3569 irenaei
956 3522 1066 3569 Λᾶν.
1102 3521 1296 3570 Haeres.
1332 3522 1403 3582 lV,
1443 3523 1520 3572 14.
1557 3529 1624 3588 (p.
1646 3524 1756 3573 301.
1782 3529 1858 3574 ed.

751 3583 941 3640 (trabe.)
977 3588 1090 3651 „qui
1127 3603 1221 3638 non
1257 3590 1454 3640 credunt
1479 3599 1525 3640 et
1549 3600 1746 3655 propter
1769 3593 1861 3641 lioc

752 3656 936 3716 lugiunt
982 3657 1141 3705 lumen
1186 3657 1318 3717 eius,
1363 3660 1414 3707 in
1459 3662 1694 3719 tenebras,
1742 3675 1860 3723 quas

750 3724 843 3786 ipsi
878 3724 969 3772 sibi
1006 3725 1266 3786 elegerunt,
1302 3727 1421 3775 iuste
1444 3729 1694 3778 recludet.·‘
1732 3728 1859 3777 Con-

752 3791 829 3841 cil.
865 3792 1077 3841 Toletan.
1115 3793 1207 3841 Vll.
1243 3809 1344 3857 cap.
1381 3793 1429 3842 5.
1477 3796 1644 3854 „Quos
1679 3795 1726 3844 in
1760 3796 1859 3844 cel·

752 3859 864 3907 lulis
886 3861 1088 3910 reclusos
1109 3870 1300 3910 sanctae
1318 3862 1435 3911 vitae
1461 3862 1653 3912 ambitio
1680 3861 1861 3913 tenet.“

751 3927 891 3975 Plura
944 3929 1315 3991 suppeditabunt
1356 3930 1629 3993 Hieronymi
1685 3930 1862 3994 scripta

752 4002 800 4043 et
832 3997 943 4043 Acta
977 3995 1274 4044 Sanctorum.

821 4062 935 4125 Cap.
970 4062 1126 4111 lell.
1196 4079 1237 4111 a.
1273 4063 1333 4110 de
1366 4060 1613 4129 suggestu]
1651 4065 1698 4113 b.
1722 4079 1763 4112 e.
1800 4064 1860 4113 de

750 4137 937 4178 ornatu.
984 4128 1032 4176 V.
1080 4144 1201 4191 quae
1250 4130 1531 4181 adnotavere
1567 4132 1628 4181 ad
1664 4132 1731 4182 De
1766 4131 1861 4182 Co-

749 4210 872 4245 rona
906 4210 1009 4257 cap.
1049 4194 1127 4245 13.

818 4264 868 4311 b.
903 4276 1113 4324 purpura
1145 4259 1254 4328 illa]
1294 4264 1369 4315 Cf.
1406 4265 1610 4316 Caeaub.
1645 4266 1705 4315 ad
1738 4264 1860 4316 Sue—

751 4336 852 4378 ton.
886 4331 1000 4390 Aug.
1041 4344 1141 4393 cap.
1182 4331 1259 4381 18.

819 4413 862 4445 c.
925 4397 1225 4447 sacerdotum
1282 4396 1661 4463 provincialium]
1712 4401 1858 4450 Prae—

751 4472 904 4514 textae
951 4465 1339 4527 magistratuum,
1398 4470 1588 4519 trabeae
1642 4469 1857 4528 deorum,

749 4546 918 4592 regum
976 4533 1073 4582 sive
1129 4534 1470 4597 imperatorum
1517 4544 1564 4585 et
1608 4549 1857 4597 augurum,

749 4601 988 4666 palmatae
1054 4601 1461 4667 triumphantium.
1559 4602 1856 4655 coronarum

1938 2864 2217 2909 aurearum,
2278 2865 2397 2913 quas
2452 2849 2726 2898 sacerdotes
2779 2849 3056 2911 pruvincia-

1939 2917 2011 2967 les
2037 2917 2299 2980 gestabant,
2332 2916 2546 2980 exempla
2574 2916 2808 2965 habentur
2831 2916 3056 2966 Antonini

1936 2985 2179 3046 Elagabali
2227 2993 2275 3034 et
2307 2984 2679 3048 Aquileiensium
2727 3000 2752 3031 n
2790 2985 2856 3033 ud
2904 2985 3058 3033 Hero-

1939 3053 2128 3102 dianum
2193 3052 2314 3102 libro
2377 3053 2425 3111 V,
2484 3048 2613 3115 [cap.
2661 2999 2785 3114 :Hs
2831 3060 2880 3101 et
2940 3050 3058 3112 vm,

1939 3116 2066 3184 [cap.
2102 3116 2214 3184 7?].
2285 3120 2379 3178 (Fr.
2418 3120 2618 3177 lunius.)
2687 3118 2810 3168 Satis
2859 3119 3057 3169 indeco-

1938 3202 2042 3236 rum
2079 3188 2263 3237 videtur
2298 3200 2501 3236 coronas
2547 3201 2717 3236 aureas
2750 3186 2855 3235 dari
2892 3200 3059 3236 sacer-

1937 3255 2125 3304 dotibus
2161 3256 2208 3304 in
2243 3255 2513 3318 provinciiS,
2549 3268 2646 3302 non
2682 3255 2823 3303 etiam
2864 3256 3062 3303 Romae.

1939 3323 2041 3372 Hoc
2074 3331 2229 3372 tamen
2268 3323 2420 3371 innuit
2453 3322 2598 3370 lectio
2629 3321 2813 3383 vulgata
2841 3322 3061 3372 sacerdo-

1938 3398 2036 3440 tum
2075 3393 2440 3454 provincialium.
2512 3386 2674 3448 Quid?
2722 3389 2762 3438 si
2811 3389 3059 3450 disiunga-

1940 3473 2064 3518 mus‚
2102 3467 2152 3507 ut
2185 3473 2355 3506 aureae
2393 3471 2598 3506 coronae
2635 3457 2813 3505 luerint
2827 3459 3063 3506 sacerdo—

1942 3533 2069 3584 tum,
2121 3526 2298 3575 fuerint
2344 3533 2392 3574 et
2435 3523 2824 3588 provincialium,
2886 3537 3064 3586 nempe

1943 3593 2332 3654 magistratuum.
2389 3593 2450 3641 de
2496 3592 2668 3656 quibus
2704 3592 2808 3655 ipse
2847 3591 2960 3641 libi-i
2996 3591 3063 3640 De

1942 3661 2131 3710 Corona
2179 3676 2282 3724 cap.
2322 3659 2398 3709 13.
2448 3660 2604 3720 „Sunt
2649 3667 2696 3709 et
2741 3659 3063 3723 provinciales

1943 3743 2133 3788 aureae,
2171 3742 2425 3790 imaginum
2468 3742 2578 3787 iam,
2615 3742 2710 3776 non
2741 3741 2958 3776 virorum
2981 3740 3064 3774 ca-

1942 3795 2040 3859 pita
2087 3796 2266 3845 maiora
2318 3794 2653 3858 quaerente5.“
2711 3794 2924 3856 (Rigalt.)
2996 3792 3068 3843 De

1942 3864 2100 3912 aureis
2135 3864 2438 3912 sacerdotum
2484 3863 2607 3911 addo
2643 3861 2868 3912 Prudent.
2925 3862 3066 3910 Peri-

1940 3932 2097 3994 stepb.
2155 3931 2222 3989 X,
2285 3931 2430 3980 1011.
2497 3930 2759 3991 „Summus
2826 3929 3068 3979 sacerdos

1942 4011 2115 4061 nempe
2160 3999 2250 4046 sub
2295 4005 2469 4047 terram
2503 3998 2675 4047 scrobe
2709 3998 2820 4046 Aeta
2856 3997 2906 4045 in
2945 4010 3068 4059 pro-

1940 4066 2139 4114 fundum
2176 4066 2528 4116 consecrandus
2554 4065 2801 4126 mergitur,
2835 4063 2957 4113 Mire
2988 4064 3070 4112 in-

1941 4134 2149 4193 sulatus,
2206 4140 2336 4182 secta
2394 4132 2518 4182 vittis
2567 4140 2788 4196 tempora
2833 4130 3068 4190 nectens,

1942 4216 2112 4251 corona
2145 4208 2240 4250 tum
2274 4216 2466 4266 repexus
2488 4215 2644 4260 auree,
2684 4198 2848 4249 cinctu
2872 4195 3070 4249 Gabino

1938 4268 2142 4317 sericam
2179 4269 2328 4317 fultus
2361 4268 2572 4330 togam.“
2628 4267 2747 4315 Item
2782 4267 2910 4329 apud
2947 4265 3071 4328 Epi-

1940 4343 2115 4385 ctetum
2137 4335 2189 4396 ⁷1,
2230 4335 2308 4386 19.
2343 4336 2507 4385 volens
2542 4336 2732 4400 quidam
2768 4333 2984 4383 adscribi
3018 4332 3069 4381 iu

1942 4403 2059 4452 urbe
2106 4403 2325 4468 Nicopoli
2371 4405 2495 4453 inter
2540 4403 2814 4454 sacerdotes
2859 4401 3073 4462 Augusti

1940 4485 2218 4534 proponens
2254 4471 2394 4520 buius
2426 4470 2682 4521 sacerdotii
2705 4468 2965 4518 commoda
2990 4468 3070 4516 in-

1940 4546 2013 4612 ter
2058 4538 2150 4588 alia
2200 4539 2265 4589 ait
2314 4536 2559 4604 χρυσοῦν
2616 4532 2898 4602 στέφανον
2954 4547 3072 4601 φο-

1939 4616 2106 4670 enom.
