3263 5311
907 455 985 498 ne
1027 443 1492 498 exnonrntomz
1537 434 1896 497 cisun-ris.
2340 439 2343 442 ’
2473 439 2595 501 747

403 604 524 666 Cur
565 612 764 666 autem
821 604 896 665 de
949 591 1234 683 pristinis
1279 600 1566 681 exemplis
1623 620 1747 663 non
1802 620 1872 664 ea
1930 602 2136 681 potius
2195 589 2589 681 agnoscamus
2627 621 2843 679 capsa.

231 723 392 786 quae·
431 706 598 767 ¹cnm
639 703 1081 785 posterioribus
1125 702 1578 766 communicant·
1603 703 1680 764 de
1708 701 2015 782 disciplina
2046 710 2107 763 et
2134 705 2385 765 formam
2412 711 2587 766 vetu-

230 806 404 869 statis
449 806 523 867 ad
566 806 892 868 novitatem
933 801 1389 869 transmittunt?
1473 802 1625 867 Ecce
1668 804 1827 865 enim
1876 803 1946 864 in
2000 802 2236 865 'vetere
2278 804 2407 884 lege
2451 806 2583 866 ani-

229 907 540 970 madverto
581 897 898 969 castratam
941 905 1238 968 licentiam
1268 904 1507 985 saepius
1537 904 1821 966 nubendi.
1886 903 2169 965 ’Cautum
2198 904 2259 965 in
2289 905 2583 967 Levitico:

230 1008 588 1070 Sacerdotes
631 1011 750 1069 mei
793 1023 914 1069 non
956 1006 1092 1087 plus
1135 1007 1413 1069 ‘'nubent.
1441 999 1464 1022 '¹
1501 1005 1759 1069 Possum
1803 1005 2001 1067 dicere
2044 1007 2220 1069 etiam
2264 1007 2407 1069 illud
2450 1008 2586 1088 plus
2598 1022 2891 1076 Lemnius.

229 1125 372 1170 esse
417 1106 579 1187 quod
635 1107 820 1170 senrel
874 1125 998 1169 non
1052 1116 1165 1169 est.
1277 1106 1454 1181 Quod
1499 1093 1635 1168 *non
1690 1126 1875 1169 unum
1934 1117 2056 1181 est,
2131 1128 2415 1174 numerus
2472 1122 2585 1176 est.

229 1208 504 1288 Denique
545 1216 688 1288 post
729 1227 912 1271 unum
955 1207 1165 1288 incipit
1205 1225 1511 1270 numerus.
1587 1209 1782 1271 Unum
1828 1216 2024 1271 autem
2071 1217 2166 1271 est
2207 1231 2384 1275 omne
2427 1217 2589 1295 quod

232 1309 426 1371 semel
469 1317 581 1370 est.
668 1308 824 1370 ‘Sed
869 1308 1109 1370 Christo
1152 1308 1532 1384 servabatur,
1600 1311 1758 1372 sicut
1810 1310 1871 1370 in
1928 1311 2177 1386 ceteris,
2234 1312 2315 1374 ita
2332 1295 2418 1376 'in
2464 1315 2583 1378 isto

231 1427 472 1490 quoque
515 1409 664 1488 legis
721 1408 1049 1489 plenitudo.
1151 1410 1296 1471 lnde
1339 1410 1520 1490 igitur
1563 1410 1718 1490 apud
1773 1428 1890 1472 nos
1932 1411 2171 1491 plenius
2216 1422 2392 1494 atque
2448 1417 2583 1479 “in-

229 1510 518 1572 structius
561 1508 988 1588 praescribitur
1030 1511 1208 1572 unius
1253 1510 1618 1573 matrimonii
1663 1530 1800 1573 esse
1843 1519 2124 1592 oportere
2152 1514 2286 1595 ''qui
2313 1516 2581 1596 allegun-
2600 1535 2779 1588 rium.

230 1618 334 1672 tur
372 1611 436 1672 in
482 1610 758 1671 ordinem
801 1611 1250 1673 sacerdotalem.
1315 1612 1514 1692 Usque
1543 1612 1725 1674 ⁸adeo
1769 1614 2061 1698 quosdam
2108 1616 2352 1677 memini
2381 1616 2584 1697 ”diga-

231 1728 374 1774 mos
418 1710 552 1772 loco
599 1711 940 1773 ¹¹'deiectos.
1016 1711 1137 1773 Sed
1180 1712 1375 1774 dices:
1421 1713 1578 1792 Ergo
1623 1714 1840 1776 ceteris
1883 1714 2051 1787 licet,
2100 1715 2305 1796 ¹'quos
2351 1719 2587 1798 excipit.

230 1811 382 1873 Vani
439 1812 694 1886 erimus,
769 1812 822 1873 si
876 1814 1276 1892 putaverimus
1339 1813 1499 1894 quod
1556 1814 1966 1877 sacerdotibus
2021 1833 2143 1877 non
2198 1816 2371 1879 liceat
2420 1819 2589 1882 laicis

225 1911 432 1976 licere.
496 1914 712 1974 Nonne
743 1920 816 1975 et
855 1912 987 1975 laici
1032 1914 1377 1976 sacerdotes
1420 1914 1677 1978 sumus?
1752 1915 2103 1996 ¹2Scriptum
2147 1925 2269 1979 est:
2313 1920 2584 2000 Regnum
2600 1939 2840 1996 spamus.

228 2031 469 2094 quoque
511 2033 628 2076 nos
674 2023 732 2075 et
773 2014 1116 2076 sacerdotes
1162 2015 1274 2076 deo
1321 2023 1381 2076 et
1420 2016 1573 2095 patri
1620 2035 1735 2078 suo
1776 2017 1932 2079 fecit.
1999 2017 2402 2082 Differentiam
2432 2021 2591 2085 inter

230 2115 506 2178 ordinem
552 2124 614 2177 et
665 2115 934 2195 plebem·
979 2115 1290 2178 constituit
1342 2115 1626 2178 ecclesiae
1682 2119 2036 2192 auctoritas,
2114 2127 2174 2182 et
2226 2121 2425 2183 honor
2478 2141 2590 2203 per

230 2216 464 2279 ordinis
512 2215 554 2249 ¹³
566 2234 918 2279 consessum
961 2216 1434 2280 ¹‘sanctificatum
1541 2216 1704 2280 Adeo
1760 2219 1865 2281 ubi
1921 2219 2305 2283 ecclesiastici
2362 2224 2589 2287 ordinis

235 2318 418 2379 ²²⁸neu
462 2327 553 2380 est
595 2336 922 2380 consessus
936 2319 986 2391 b,
1032 2317 1149 2380 ωει
1191 2319 1374 2380 offers
1419 2326 1480 2380 et
1511 2318 1734 2399 tinguis
1758 2327 1823 2380 et
1850 2318 2134 2382 sacerdos
2165 2339 2231 2381 es
2261 2321 2366 2383 tibi
2399 2323 2586 2385 solus.

373 2471 490 2535 Cap.
528 2471 625 2521 Vll.
693 2471 738 2521 1.
778 2486 884 2522 cum
922 2471 1276 2537 posterioribus
1313 2472 1671 2522 communicant
1705 2471 1764 2521 de
1793 2470 2048 2537 disciplina
2076 2481 2122 2522 et
2146 2474 2300 2524 forma
2323 2478 2405 2527 Aa.
2480 2493 2589 2528 cum

229 2539 447 2604 posteris
483 2540 840 2589 communicant
876 2539 1179 2602 disciplinae,
1218 2540 1422 2589 sormam
1459 2541 1645 2605 reliqui.
1715 2554 1823 2591 cum
1862 2548 2087 2604 posterae
2125 2544 2482 2594 communicant
2515 2546 2591 2596 di-

230 2606 486 2672 scipliuae,
525 2607 732 2658 formam
769 2608 900 2659 Fulv.
917 2607 1127 2658 Ursinus.
1207 2607 1257 2658 2.
1295 2615 1452 2658 vetere
1486 2605 1673 2673 Αβαῠο.
1744 2609 1887 2659 veteri
1925 2605 2155 2674 (Αφ)Βο.
2212 2611 2296 2662 Pro
2335 2611 2440 2674 lege
2474 2615 2587 2665 ind.

232 2682 302 2726 est
339 2675 510 2737 legem.
619 2674 668 2725 3.
705 2675 907 2726 Cautum
946 2683 1021 2724 est
1059 2677 1104 2724 in
1141 2676 1320 2727 Bchc.
1425 2676 1473 2725 4.
1513 2679 1699 2726 nubunt
1732 2679 1817 2727 Ad.
1887 2679 2070 2727 nubant
2105 2678 2466 2729 {limem-andus.
2539 2682 2586 2730 5.

229 2742 330 2793 Sed
367 2744 561 2793 Christo
593 2744 679 2795 Aa.
753 2742 846 2792 Sed
885 2743 932 2791 in
963 2743 1154 2792 Christo
1180 2744 1270 2792 BD.
1342 2743 1436 2791 Sed
1476 2746 1554 2793 uni
1585 2744 1778 2794 Christo
1813 2746 1997 2809 reliqui.
2080 2744 2128 2796 6.
2165 2748 2396 2796 stt-notius
2410 2748 2586 2799 BDabc.

228 2811 446 2861 strictius
482 2812 533 2860 Β.
552 2827 615 2860 m.
636 2826 746 2871 sec„
788 2818 828 2862 el
843 2812 1071 2861 Latinius.
1164 2810 1212 2861 7.
1248 2811 1329 2876 qui
1367 2811 1639 2873 alleguntur
1674 2814 1722 2860 in
1758 2812 1977 2861 ordinem
2005 2813 2358 2863 sacerdotalem
2387 2815 2432 2864 d.
2504 2816 2586 2878 qui

229 2877 449 2940 allegunt
483 2880 530 2927 in
568 2878 786 2927 ordinem
824 2877 1175 2927 sacerdotalem
1212 2879 1263 2928 A.
1348 2893 1471 2941 quos
1508 2878 1657 2943 (quod
1692 2878 1765 2937 B.)
1813 2878 1953 2939 allegi
1990 2879 2185 2941 (alleget
2218 2881 2330 2941 BD.)
2367 2881 2413 2930 in
2452 2883 2586 2932 ordi-

228 2960 346 2994 nem
383 2945 731 2994 sacerdotalem
769 2946 920 2996 Boas.
994 2959 1115 3009 quos
1154 2944 1296 3006 allegi
1335 2945 1475 2995 liceat
1510 2947 1555 2996 in
1595 2946 1813 2996 ordinem
1851 2946 2202 2996 sacerdotalem
2240 2964 2276 2998 c.
2349 2964 2473 3013 quos
2497 2950 2585 2999 sd-

229 3013 351 3074 legit
388 3014 434 3061 in
473 3012 688 3062 ordinem
726 3012 1079 3063 sacerdotalem
1116 3014 1207 3063 los.
1234 3014 1454 3076 Scaliger.
1523 3012 1662 3077 ‘quos
1699 3012 1843 3074 allegi
1889 3015 1938 3062 in
1976 3014 2194 3064 ordinem
2232 3017 2585 3067 sacerdotalem

229 3080 864 3198 §33‘2‘}¹·..¹{²z¹5·.15''³'”;‘iz
915 3079 1021 3197 ...ᾗ
1048 3080 1378 3211 ῗυῑὲἓῗξὲῒ
1415 3081 1568 3198 m·
1604 3080 2134 3212 ..iniuriis
2180 3082 2597 3215 „0¹„⁰·01‘¹.‘}2,ii“2?5.

224 3215 411 3265 Bchc.
498 3213 575 3264 12.
614 3215 856 3279 Scriptum
895 3222 968 3263 est
1005 3215 1117 3265 laici
1151 3216 1431 3265 sacerdotes
1467 3229 1639 3265 sumus
1678 3230 1877 3277 regnum
1915 3217 2006 3267 BD.
2097 3215 2177 3266 13.
2215 3233 2508 3282 copsensum
2532 3220 2585 3270 Β.

229 3283 315 3332 14.
351 3283 677 3333 sanctificatus
713 3280 807 3332 add’
853 3283 936 3332 ubi
970 3279 1069 3345 Ass.
1169 3284 1495 3332 sanctificatus
1543 3285 1682 3337 adeo.
1744 3284 1805 3333 ibi
1855 3285 1946 3334 BD.
2027 3285 2353 3336 sanctificatus
2399 3301 2427 3336 a
2475 3286 2585 3337 deo.

229 3350 322 3400 Ubi
360 3351 460 3401 abc.
544 3351 887 3401 sanctificatus
941 3348 1057 3399 ldeo
1096 3350 1176 3400 ubi
1228 3350 1359 3403 Fulv.
1400 3352 1608 3402 Ursinus.
1719 3351 1797 3401 15.
1835 3366 1931 3401 non
1970 3368 2057 3403 om.
2096 3370 2136 3403 c.
2244 3352 2324 3403 16.
2362 3362 2410 3405 et
2445 3355 2588 3405 offert

226 3425 278 3466 et
313 3417 487 3480 tinguit
521 3417 699 3469 BDabc.

299 3519 417 3583 Cap.
455 3519 550 3568 vn.
615 3534 659 3569 s.
698 3519 1024 3568 Differentiam
1062 3520 1189 3569 inter
1223 3520 1358 3570 ordi-
1458 3519 1518 3569 de
1552 3519 1819 3583 Baptismo.
1868 3520 2058 3585 ltaque
2106 3521 2295 3572 diaconi
2344 3524 2392 3573 in
2442 3525 2584 3575 tertio

226 3600 342 3637 nem
379 3594 428 3636 et
461 3581 680 3650 plebem]
718 3588 1051 3636 Consentanea
1089 3588 1204 3636 dixit
1239 3588 1354 3637 Hie-
1456 3589 1730 3638 sacerdotio
1779 3589 2043 3648 constituti,
2096 3592 2366 3653 presbyteri
2416 3592 2463 3641 in
2504 3607 2587 3642 se·

223 3667 462 3715 ronymus
500 3655 547 3703 in
570 3654 723 3716 Epist.
739 3655 820 3723 ‘ad
841 3655 994 3704 Titum
1016 3669 1120 3718 cap.
1143 3654 1189 3704 1.
1238 3655 1356 3719 Epi-
1459 3657 1635 3716 cundo,
1673 3657 1837 3718 apices
1874 3664 1922 3706 et
1959 3657 2204 3721 principes
2237 3660 2451 3709 omnium
2479 3661 2587 3724 epi·

225 3721 370 3784 scopi
415 3735 470 3771 se
518 3721 736 3771 noverint
791 3722 1139 3771 consuetudine
1201 3724 1353 3785 magis
1459 3724 1611 3788 scopi.
1686 3724 1823 3773 Unde
1870 3730 1918 3771 et
1965 3725 2139 3773 summi
2194 3727 2492 3785 sacerdotes,
2540 3734 2588 3777 et

226 3801 376 3852 quern
437 3788 772 3852 dispositionis
834 3789 1106 3838 dominicae
1160 3790 1357 3841 veritate
1458 3791 1747 3854 simpliciter
1766 3791 2063 3840 sacerdotes.
2119 3792 2386 3855 Presbyteri
2408 3801 2586 3852 sutem,

223 3857 528 3920 presbyteris
563 3872 673 3906 esse
692 3857 920 3916 maiores,
957 3858 1074 3906 etin
1101 3870 1358 3907 commune
1458 3858 1658 3907 secundi
1696 3858 1993 3918 secerdoteS,
2030 3859 2127 3907 sive
2165 3868 2215 3909 ut
2250 3868 2326 3909 est
2358 3852 2485 3924 spu'd
2506 3861 2586 3910 si-

223 3923 412 3973 debere
446 3924 701 3973 ecclesiam
725 3938 908 3986 regere.
965 3924 1075 3988 lpse
1112 3933 1270 3973 autem
1307 3924 1358 3974 in
1458 3925 1676 3983 doniam,
1740 3926 1978 3976 antistites
2031 3927 2201 3975 ordine
2248 3928 2294 3975 in
2349 3927 2584 3977 secundo.

226 4006 289 4040 eo
329 3992 678 4041 commentario
705 3992 888 4041 dixerat
908 3986 1113 4057 [p.414.
1151 3992 1355 4042 tom.lV.
1459 3992 1675 4055 Denique
1725 3992 1834 4042 laici
1888 3993 1985 4041 sive
2034 3993 2211 4056 plebei,
2273 3996 2373 4043 sive
2427 3994 2586 4058 plebs,

224 4054 560 4123 ffl-Benedj:
618 4058 787 4119 „idem
841 4068 918 4108 est
953 4075 1069 4121 ergo
1103 4060 1358 4124 presbyter
1459 4061 1605 4110 ceteri
1656 4074 1827 4109 omnes
1875 4060 1922 4108 in
1980 4060 2183 4110 ecclesia
2234 4062 2447 4111 nondum
2487 4063 2585 4112 ulla

225 4126 314 4190 qni
363 4134 410 4174 et
443 4130 725 4191 episcopus,
772 4134 820 4175 et
867 4134 1123 4191 antequam
1174 4127 1355 4177 diaboli
1457 4128 1689 4190 dignitate
1748 4128 1949 4187 suffulti,
2014 4135 2064 4177 nt
2122 4127 2335 4193 loquiter
2381 4129 2587 4193 Optatus

224 4193 461 4244 instinctu
480 4195 638 4249 studia
667 4196 715 4243 in
736 4193 970 4256 religione
993 4199 1181 4256 tierent,
1219 4210 1356 4244 com-
1457 4195 1757 4246 milevitanus
1795 4194 1877 4244 lib.
1903 4195 1938 4244 l.
1970 4196 2051 4260 qni
2070 4196 2306 4257 et-tib.‚11.
2338 4199 2586 4247 ministros

224 4260 365 4310 muni
410 4263 803 4325 presbyterorum
866 4263 1071 4312 consilio
1120 4263 1356 4313 ecclesiae
1458 4265 1653 4314 subiicit
1689 4263 1924 4313 diaconiS.
2013 4264 2190 4322 „Certa
2229 4265 2443 4315 membra
2480 4280 2586 4325 sua,

223 4327 676 4392 gubernabantur.“
712 4329 924 4391 (Rigalt.)
972 4331 1047 4380 Cf.
1084 4332 1228 4381 etiam
1262 4330 1359 4381 De·
1461 4332 1633 4396 inquit,
1670 4331 1814 4381 habet
1843 4330 2046 4380 ecclesia
2069 4332 2346 4397 episcopos,
2383 4333 2588 4396 presby-

221 4395 324 4445 sid.
348 4394 587 4447 Heraldus
624 4397 683 4447 ad
702 4397 882 4447 Arnob.
904 4412 951 4461 p.
973 4398 1083 4447 191.
1143 4398 1361 4449 ”uenter
1455 4407 1611 4457 tems,
1664 4399 1912 4457 diaconos,
1975 4399 2240 4459 ministros,
2297 4407 2344 4448 et
2397 4401 2585 4449 turbam

219 4463 504 4514 Primordia
540 4464 670 4515 Eccl.
709 4466 807 4514 Al'r.
845 4479 893 4528 p.
911 4463 977 4514 38
1014 4480 1122 4530 sqq.
1462 4466 1734 4515 fidelium.‘·
1784 4467 1874 4524 Qui
1900 4466 2069 4514 turbae
2098 4475 2146 4515 et
2170 4468 2420 4515 consessui
2446 4481 2585 4528 prae-

295 4531 343 4580 b.
394 4532 474 4581 nbi
524 4533 840 4594 ecclesiastici
905 4533 1091 4582 ordinis
1141 4546 1237 4582 non
1287 4541 1361 4581 est
1464 4541 1584 4594 erat,
1624 4534 1867 4582 communi
1903 4535 2136 4584 vocabulo
2163 4534 2410 4583 dicebatur
2442 4547 2587 4595 prse-

221 4597 518 4666 consessus]
561 4602 698 4650 Hunc
734 4599 956 4649 ordinem
994 4605 1218 4649 constare
1255 4601 1360 4663 epi·
1464 4615 1545 4651 ses
1593 4602 1692 4650 sive
1740 4601 2042 4663 praesidens,
2101 4608 2148 4649 et
2195 4600 2519 4664 praepositus,
2558 4591 2591 4647 ὅ

215 4667 414 4731 acopis,
449 4668 750 4733 presbyteris
788 4674 836 4717 et
861 4667 1079 4719 diaconis
1104 4668 1219 4717 dixit
1236 4667 1361 4717 libro
1463 4661 1762 4735 προεστώς.
1804 4666 2019 4730 (Rigalt.)
