3263 5311
1116 452 1123 463 '
1166 455 1241 495 os
1288 452 1701 498 srucueuus,
2519 443 2597 501 57

248 603 417 684 prius
458 602 711 682 cogitat,
756 607 873 667 nisi
914 602 1100 665 videri
1148 610 1210 664 et
1250 603 1469 665 videre.
1560 604 1680 665 Sed
1725 604 2008 681 tragoedo
2054 604 2445 665 vociferante·
2492 626 2597 667 ex-

251 686 630 766 clamationes
674 702 804 763 ''ille
850 702 1095 767 alicuius
1141 705 1467 784 prophetae
1511 703 1900 766 retractabit?
1945 713 2006 764 et
2052 704 2203 765 inter
2245 707 2598 767 'effeminati

252 804 559 867 histrionis
602 803 822 867 modos
865 804 1160 883 psalmum
1206 824 1409 869 secum
1452 803 1992 869 comminiscetur?
2057 815 2117 865 et
2172 826 2303 867 cum
2351 808 2600 868 athletae

252 916 451 985 agent,
524 906 622 966 ille
668 905 935 965 dicturus
980 912 1076 965 est
1116 905 1804 984 repercutiendummon
1848 905 2034 966 esse?
2105 907 2328 985 poterit
2369 908 2468 967 ⁹et
2526 908 2599 968 de

254 1006 656 1068 misericordia
702 1006 1022 1066 ¹⁰moveri¹³
1068 1007 1297 1069 defixus
1342 1007 1402 1067 in
1447 1025 1691 1068 morsus
1735 1025 2016 1067 ursorum
2068 1015 2128 1067 et
2172 1008 2452 1085 spongias
2497 1028 2596 1069 re-

264 1106 640 1168 tiariorum?·
722 1106 962 1167 Avertat
1003 1106 1152 1169 deus
1196 1126 1231 1169 a
1277 1106 1404 1167 suis
1453 1114 1670 1168 tantam
1713 1106 2031 1187 voluptatis
2098 1108 2384 1168 exitiosae
2428 1110 2596 1189 cupi-

268 1207 510 1271 ditatem.
600 1206 788 1279 Quale
832 1215 928 1267 est
970 1206 1129 1267 enim
1174 1207 1247 1268 de
1294 1207 1544 1269 ecclesia
1588 1207 1685 1269 dei
1729 1209 1790 1269 in
1835 1208 2052 1291 diaboli
2098 1208 2406 1269 eeclesiam
2463 1217 2597 1271 teu—

268 1302 441 1369 dere?
508 1308 579 1369 de
624 1308 821 1382 caelo,
868 1309 1028 1387 quod
1072 1307 1266 1381 aiunt,
1329 1309 1390 1369 in
1436 1308 1788 1371 ¹¹caenum?
1861 1310 1990 1371 illas
2035 1330 2275 1383 manus,
2335 1330 2481 1388 quas
2527 1311 2600 1371 ad

270 1409 479 1469 ”deum
532 1408 848 1482 exhilaris,
923 1410 1308 1487 postmodum
1370 1410 1663 1473 laudando
1737 1410 2091 1481 histrionem
2163 1409 2455 1486 fatigare?
2528 1431 2600 1472 ex

272 1529 399 1583 ore,
461 1530 573 1590 quo
628 1496 819 1572 Amen
888 1511 951 1571 in
1006 1510 1286 1574 Sanctum
1356 1510 1746 1593 protuleris,⁴¹
1815 1511 2123 1590 gladiatori
2194 1512 2599 1575 testimonium

275 1662 322 1711 Ἰ.
356 1662 450 1710 illae
480 1663 565 1712 BC.

275 1730 387 1791 qu.
482 1730 847 1779 effi-minationis
860 1731 984 1781 Bcn.

283 1864 358 1914 AB.
419 1866 658 1915 dominum
694 1867 879 1931 reliqui.

278 1989 412 2031 sertor
457 1984 546 2033 sibi
598 1998 692 2032 uua
747 1997 853 2032 cum
900 1983 1069 2045 hoste,
1121 1984 1182 2035 ud
1229 1999 1370 2049 quem

280 2052 449 2110 transit,
498 2052 793 2114 pereundum
841 2066 980 2121 esse,
1037 2053 1078 2102 si
1126 2053 1370 2118 princeps,

280 2130 399 2178 quem
430 2118 651 2179 deseruit,
689 2119 835 2168 victor
870 2134 897 2168 e
935 2120 1064 2168 hello
1101 2121 1278 2169 evadat.

336 2184 435 2247 Cap.
481 2186 606 2238 XXV.
675 2201 719 2234 a.
773 2187 1002 2249 tragoedo
1057 2182 1370 2253 vociferante]

279 2249 463 2302 illustrat
511 2254 638 2301 hune
681 2254 841 2303 locum
880 2255 1039 2304 Desid.
1078 2255 1272 2305 Herald.
1310 2257 1370 2304 ad

273 2316 427 2368 Amol).
459 2336 505 2382 p.
544 2319 644 2368 276
678 2336 750 2384 sq.
794 2322 868 2369 ed.
906 2321 995 2370 LB.

325 2386 365 2435 h.
400 2387 458 2435 de
490 2389 818 2437 misericordia
855 2386 1067 2450 moueri]
1114 2389 1366 2453 Praeposi-

264 2453 322 2502 tio
354 2457 409 2503 de
441 2456 583 2503 habet
616 2458 707 2504 vim
745 2456 1178 2514 instrumentalem,
1226 2470 1369 2520 quam

258 2522 410 2584 Scipio
444 2522 657 2571 Haffeius
694 2530 741 2571 et
777 2525 969 2586 qnidam
1007 2524 1085 2571 alii
1123 2538 1223 2571 non
1259 2538 1369 2585 per-

250 2589 477 2652 cipientes
513 2590 593 2637 ille
648 2590 743 2648 „de
779 2591 1109 2640 misericordia
1142 2588 1371 2650 moneri,“

250 2659 393 2708 ceteri
430 2657 794 2716 „misericordia
814 2661 1020 2708 moveri‘·
1048 2658 1203 2708 deleta
1229 2673 1371 2724 prae-

246 2725 484 2790 positione
520 2726 733 2774 scribere
766 2726 1002 2776 volebant.
1059 2726 1152 2774 Sed
1189 2727 1230 2774 is
1256 2740 1373 2775 usus

246 2793 619 2856 praepositionis
679 2796 905 2856 proprius
960 2801 1036 2842 est
1094 2808 1201 2842 cum
1263 2808 1370 2841 om-

243 2863 385 2910 nibus
432 2861 580 2918 Afris,
631 2867 731 2909 tum
788 2861 1101 2910 Tertulliano.
1170 2862 1370 2923 Apolog.

242 2944 347 2992 cap.
368 2929 411 2977 1.
449 2930 529 2987 „si
566 2929 625 2976 ad
658 2929 779 2977 haue
796 2930 949 2977 solam
972 2929 1180 2991 speeiem
1203 2937 1372 2977 aucto-

238 2997 356 3045 ritas
394 3005 552 3044 vestra
588 2998 646 3044 de
677 2999 884 3046 iustitiae
918 2998 1159 3058 ditiqentia
1194 2996 1240 3044 iu
1278 3011 1370 3059 pu-

240 3064 368 3112 blico
407 3070 490 3111 aut
528 3064 659 3112 timet
696 3071 776 3112 aut
810 3064 1049 3112 erubescit
1075 3063 1370 3131 ,inquii-erest

242 3129 360 3179 ibid.
397 3145 505 3194 cap.
541 3130 590 3180 9.
628 3131 707 3190 ,,Ο
743 3130 897 3179 lovem
937 3131 1289 3188 Christianum,
1328 3138 1375 3179 et

240 3199 400 3246 aetum
439 3200 594 3260 patris
632 3199 779 3246 tilium
803 3201 859 3247 de
878 3199 1211 3249 crudelitate?
1250 3198 1369 3247 lhid.

245 3280 329 3328 cap
369 3264 450 3314 23.
491 3264 609 3327 „qui
648 3267 706 3314 de
740 3268 822 3315 deo
854 3269 957 3330 pati
991 3266 1370 3324 existimantur,“

244 3340 291 3380 et
321 3333 368 3381 in
408 3334 509 3381 tine
542 3332 757 3381 ciusdem
794 3333 963 3397 capitis
1004 3334 1206 3394 „Colitis
1243 3333 1371 3394 iilos,

244 3402 367 3463 quod
405 3402 580 3458 seiam,
618 3401 758 3448 etiam
796 3403 852 3450 de
886 3404 1110 3463 sanquine
1140 3402 1373 3449 Christia-

243 3467 469 3515 norum.“
534 3466 658 3517 nnat.
694 3481 796 3531 cap.
837 3468 919 3523 50,
955 3469 1049 3525 „t-:i
1082 3476 1239 3517 tamen
1277 3468 1374 3516 illis

246 3536 493 3584 omnibus·
515 3539 793 3598 gtcsstatuas
828 3535 1087 3586 defunditis
1123 3543 1170 3583 et
1204 3537 1372 3600 imagi-

242 3615 333 3650 nes
390 3601 405 3612 “
700 3601 749 3645 “..
832 3604 1000 3652 titulos
1059 3603 1266 3651 inciditis
1326 3603 1373 3651 in

843 3690 881 3707 ⁵·
934 3672 1017 3719 ·de
1074 3673 1377 3719 monumentis

837 3758 932 3805 „4-
967 3738 1007 3786 is
1044 3746 1091 3786 et
1125 3738 1215 3799 ipsi
1252 3751 1375 3800 quo-

791 3804 804 3815 ’“
843 3846 855 3871 Ι.
968 3805 1256 3853 ectionem.“
1328 3804 1376 3853 V.

809 3868 834 3905 ’-
859 3871 1080 3930 ·--!'Vlll‚
1102 3870 1147 3921 8.
1187 3886 1232 3934 p.
1259 3869 1376 3921 668.

693 3970 696 3973 -
789 3970 848 4007 ·.
928 3939 971 3996 r,
1008 3939 1089 3988 39.
1128 3953 1171 4001 p.
1199 3938 1261 3987 61
1301 3951 1374 4002 sq.

896 4001 997 4053 219
1032 4020 1138 4070 sqq.

904 4073 1082 4135 'oruml
1138 4072 1375 4136 Spongias

661 4140 752 4175 ‘”'·'-
810 4140 1088 4198 certamini,
1138 4147 1190 4188 ut
1225 4141 1376 4188 effusa

252 4270 495 4335 festinique
524 4283 781 4325 comracta
817 4273 890 4322 sic
917 4275 1209 4336 prehensum
1228 4281 1378 4322 attra-

253 4337 436 4398 herent,
468 4355 561 4392 nou
600 4351 659 4391 nt
696 4342 830 4389 vivus
867 4349 1150 4403 caperetur,
1204 4340 1290 4389 sed
1328 4347 1381 4389 ut

252 4406 413 4457 retiarii
443 4410 635 4460 sucina
663 4409 771 4458 sire
792 4407 998 4456 tridente
1021 4408 1376 4457 confoderetur.

246 4471 344 4526 Tale
372 4477 565 4534 fortean
590 4479 689 4526 suit
711 4483 839 4533 rete,
877 4488 973 4537 quo
995 4475 1200 4523 Pittacus
1226 4471 1375 4536 Phry-

240 4556 345 4596 που
386 4547 785 4618 ''qratia-aen
838 4540 1070 4601 singulari
1117 4542 1378 4590 certamine

234 4611 899 4676 iureluuoorreptumqne
916 4607 1165 4682 interfecit.
1191 4601 1377 4671 Σπόγ-

223 4695 311 4748 7ον
354 4685 530 4739 Graeci
582 4680 777 4733 dixere
822 4683 978 4738 παρα
1010 4667 1073 4721 τὸ
1111 4671 1275 4728 mciv,
1331 4681 1379 4723 et

648 1642 719 1712 ⁸8.
758 1663 1017 1713 effeminati
1068 1664 1318 1714 histrionis
1354 1666 1409 1717 Ε.

1091 1732 1139 1783 9:
1178 1741 1225 1783 et
1261 1732 1320 1783 de
1340 1731 1628 1795 (AfflBCDE.
1701 1740 1858 1781 „utem
1874 1729 1988 1794 Αφ.

282 1798 325 1845 in
356 1800 491 1861 Scipio
528 1799 737 1863 maffeius
773 1798 806 1847 t.
844 1800 876 1847 Ι.
911 1816 959 1864 p.
999 1799 1113 1849 115.
1196 1802 1376 1853 moveri
1413 1809 1493 1850 aut
1530 1801 1576 1849 in
1614 1803 1665 1849 Α.

342 4191 420 4245 1²
471 4186 507 4237 ‘⁵‘
558 4205 659 4255 ’um
709 4220 824 4255 sese
877 4207 1198 4269 expanderent
1258 4216 1395 4255 eon-·

2164 1665 2421 1715 effeminati
2461 1664 2599 1714 lilieri

2104 1732 2182 1780 10.
2206 1734 2388 1783 moneri
2415 1733 2598 1781 defixus

1773 1799 1851 1849 11.
1891 1814 2092 1850 caenum
2126 1797 2225 1864 Αβ.
2341 1799 2419 1850 12:
2457 1801 2598 1851 deum

1505 1663 1763 1714 effeminati
1801 1662 1867 1712 lih
1884 1699 1895 1713 .
1913 1699 1924 1711 .
1939 1698 1952 1711 .
1969 1701 1982 1713 .
2020 1668 2070 1713 Α.

1474 1978 1748 2051 σφόγγον,
1776 1985 1904 2049 quod
1939 1985 2143 2048 propius
2177 1979 2361 2035 accedit
2396 1985 2456 2035 ad
2493 2001 2599 2035 ver-

1474 2055 1587 2102 bnm
1639 2048 1935 2118 σφίγγειν,·
1986 2062 2239 2117 utrumque
2294 2055 2598 2103 retiariorum

1473 2122 1720 2170 certamini
1758 2122 2062 2170 conveniens.
2119 2122 2235 2170 Nam
2274 2130 2385 2169 sunt
2421 2122 2599 2170 retiarii

1473 2182 1762 2236 σπαστυιοὶ
1797 2182 1933 2253 πρὸς·
1967 2180 2176 2239 «irretiri
2213 2189 2426 2250 (Rigalt.)
2475 2189 2599 2238 Tur-

1472 2258 1580 2306 neh.
1626 2258 1738 2307 Adv.
1779 2257 1935 2315 xviii,
1985 2255 2064 2304 33.
2113 2256 2343 2319 spongias
2391 2256 2604 2306 attribuit

1472 2326 1678 2373 retiariis
1723 2326 1782 2373 ad
1831 2325 2054 2373 siccanda
2103 2324 2293 2372 vulnera
2345 2331 2390 2371 et
2443 2324 2601 2384 repri-

1472 2393 1698 2440 mendum
1759 2392 2059 2452 sanguinem.
2141 2392 2213 2441 Cf.
2270 2390 2389 2439 Plin.
2442 2390 2600 2449 xxm,
2701 2416 2706 2421 ·

1476 2458 1554 2506 11.
1626 2459 1797 2506 isidor.
1854 2459 2015 2518 origg.
2069 2458 2169 2514 xit.
2222 2458 2270 2516 6,
2325 2458 2406 2507 60.
2476 2458 2601 2509 Nudi

1472 2526 1597 2574 enim
1647 2540 1860 2588 pugnare
1906 2522 2094 2573 solebat
2130 2526 2246 2574 illud
2283 2525 2600 2586 gladiatorum

1473 2608 1640 2653 genua.
1711 2595 1783 2641 ct.
1820 2594 2018 2641 Sueten.
2057 2592 2202 2652 Calig.
2242 2606 2347 2657 cap.
2383 2592 2464 2642 30.
2521 2592 2601 2642 lu-

1471 2662 1605 2710 venal
1658 2661 1864 2718 snutt,
1919 2660 2029 2710 143.
2079 2669 2127 2709 et
2172 2661 2290 2719 Vlll,
2344 2660 2442 2710 205
2491 2676 2550 2723 sq
2585 2696 2598 2709 .

1472 2728 1560 2777 Dio
1581 2730 1701 2777 Cass
1737 2728 1912 2788 mixti,
1955 2729 2030 2777 19.
2069 2729 2239 2777 isidor.
2263 2676 2603 2787 origaxvtt‘i,

1474 2795 1555 2845 54.
1592 2804 1639 2844 et
1675 2796 1755 2844 55.
1816 2796 2006 2856 Lipsius
2047 2805 2210 2843 contra
2248 2796 2344 2844 Sat.
2367 2793 2603 2855 Sarmat,

1472 2862 1520 2912 8.
1570 2879 1617 2925 p.
1656 2863 1772 2910 940.
1827 2864 1906 2916 (et.
1957 2862 2024 2909 De
2063 2862 2191 2909 unit.
2230 2863 2361 2912 Rom.
2415 2862 2495 2920 ΙΙΙ,
2553 2861 2603 2909 6.

1473 2945 1521 2994 p.
1563 2928 1695 2986 152.)
1732 2929 1809 2976 ed.
1829 2929 1980 2976 vesal.
2020 2942 2073 2975 ex
2111 2929 2217 2976 loco
2255 2928 2367 2976 Livii
2404 2928 2481 2986 lx,
2519 2926 2600 2977 40.

1474 2997 1534 3045 de
1582 2989 1821 3045 armdtura
1871 2996 2153 3043 Samnitium
2207 2996 2354 3054 etiam,
2396 2994 2601 3042 retiariis

1473 3064 1554 3112 dat
1599 3064 1830 3125 spongias
1874 3077 1962 3124 pro
2017 3061 2226 3110 thorace.
2297 3061 2460 3125 Lipsio
2509 3075 2600 3123 ego

1475 3131 1732 3180 assentior.
1802 3129 2078 3177 Turnebum
2125 3137 2391 3190 sequnntur
2440 3128 2602 3178 lunius

1472 3207 1522 3248 et
1557 3199 1620 3247 La
1659 3197 1842 3258 cerda,
1879 3198 1960 3259 qni
1997 3211 2113 3245 suae
2141 3198 2404 3244 sententiae
2441 3210 2602 3244 asser-

1473 3274 1628 3316 torem
1688 3266 1824 3314 afl'ert
1876 3266 2074 3328 insuper
2125 3264 2381 3312 Baronium
2434 3262 2600 3311 Annal-

1473 3342 1589 3383 tom.
1629 3333 1664 3382 l.
1713 3347 1761 3396 p.
1803 3332 1935 3392 178„
1984 3332 2249 3380 tradentem
2298 3332 2356 3379 de
2406 3331 2600 3393 antiquo

1472 3403 1792 3465 sarcophago,
1829 3401 1956 3464 quod
1993 3400 2329 3448 asservabatur
2349 3399 2528 3448 Romae
2554 3399 2603 3446 in

1474 3470 1673 3519 aedibus
1695 3468 1869 3516 Tiberii
1899 3468 2084 3527 Ueneti,
2121 3468 2166 3515 in
2204 3482 2298 3530 quo
2337 3467 2604 3530 insculptus

1476 3538 1693 3584 minister
1727 3536 1925 3584 Adonidi
1979 3535 2038 3582 ab
2093 3550 2209 3597 apro
2247 3541 2466 3583 recenter
2499 3534 2603 3582 vul-

1478 3611 1642 3651 nerato
1680 3603 1929 3666 spongiam
1967 3602 2241 3649 admovens.
2312 3601 2474 3662 Scipio
2517 3600 2602 3649 de-

1477 3672 1621 3734 nique
1660 3670 1871 3718 maffeius
1919 3670 1985 3716 De
2021 3669 2261 3730 Ampliith.
2312 3684 2356 3729 p.
2400 3667 2509 3716 115.
2559 3674 2606 3715 et

1476 3738 1522 3786 in
1561 3736 1841 3785 Tertulliani
1881 3737 1986 3785 loco
2025 3743 2071 3784 et
2105 3737 2151 3784 in
2175 3735 2387 3794 SOtonii
2409 3737 2604 3793 August.

1479 3819 1583 3867 cap.
1633 3804 1716 3852 85.
1780 3803 2120 3860 (el'.“Macroh.
2167 3801 2356 3850 Saturn.
2417 3799 2478 3857 ll,
2534 3799 2605 3854 4.)

1477 3871 1801 3935 ‚‚spongiam“
1854 3870 2125 3931 significare
2175 3875 2308 3936 putat
2360 3881 2604 3915 armorum

1478 3939 1718 4001 quoddam
1756 3932 2076 3986 acuminatum
2113 3950 2296 3995 genus,
2332 3947 2494 3982 ensem
2532 3934 2602 3982 vel

1477 4006 1731 4054 fuscinam.
1782 4005 1971 4052 Retiarii
2009 4002 2259 4063 imaginem
2297 3991 2446 4050 habes
2478 4000 2606 4064 apud

1477 4075 1592 4123 Gor.
1633 4071 1781 4122 inser.
1819 4067 2020 4120 Etrusc'
2051 4079 2167 4118 tom.
2206 4067 2288 4123 ltl.
2341 4085 2389 4131 p.
2427 4067 2508 4118 99.
2560 4074 2610 4115 et

1478 4154 1555 4203 ap.
1592 4137 1758 4187 Mai-in.
1796 4140 1948 4187 Fratr.
1983 4138 2135 4187 Arval.
2174 4150 2219 4200 p.
2259 4135 2374 4185 165.

1544 4206 1591 4256 d.
1626 4209 1774 4255 Amen
1813 4208 1861 4254 in
1897 4206 2122 4256 Sanctum
2160 4200 2444 4267 protuleris]
2481 4203 2605 4251 Sau-

1477 4282 1604 4322 etum
1643 4272 1867 4332 intellege
1904 4272 2196 4334 mysterium,
2236 4277 2608 4330 sacromentum,

1479 4354 1657 4402 eorpus
1704 4339 1901 4388 domini.
1969 4338 2156 4388 Etenim
2206 4339 2362 4387 tidelis
2403 4337 2608 4400 quisque

1479 4407 1691 4455 oblatam
1761 4407 1853 4455 sihi
1907 4417 1940 4454 a
1996 4405 2220 4467 praeside
2291 4403 2607 4454 eucharistiae

1478 4473 1746 4522 buccellam
1784 4487 1891 4522 cum
1930 4472 2003 4520 his
2029 4471 2446 4533 verbis·„Corpus
2467 4467 2607 4518 Chri-

1478 4540 1575 4589 sti“
1610 4541 1855 4603 accipiens
1889 4538 2078 4589 dicebat
2111 4541 2349 4598 „Amen‚·‘
2385 4536 2514 4597 quod
2536 4540 2610 4581 est

1481 4607 1595 4655 Fiat.
1643 4607 1889 4668 Augustiu-
1947 4606 2102 4654 Serm.
2153 4604 2226 4652 Ad
2279 4603 2491 4651 Infantes
2532 4599 2608 4674 ‘de

1479 4674 1694 4726 Sacram.
1729 4674 1818 4735 „Si
1847 4686 1961 4734 ergo
1991 4685 2075 4721 vos
2093 4670 2210 4720 estis
2229 4681 2406 4731 corpus
2431 4666 2607 4715 Christi
