3263 5311
1185 410 1664 457 aronoutnctm.

2472 356 2596 466 235

241 558 525 624 coetum*
553 567 617 621 et
642 558 1229 639 ‘congregationem
1273 568 1341 622 ut
1369 560 1442 623 ad
1471 561 1649 624 deum
1678 561 1850 643 quasi
1879 581 2057 626 manu
2086 565 2270 627 facta·
2295 566 2595 646 precatio-

243 662 428 725 nibus
471 659 802 723 ambiamus
845 660 1141 723 ὀπυίει
1217 661 1376 724 Haec
1417 661 1505 725 vis
1551 662 1667 725 deo
1711 672 1876 744 grata
1919 672 2031 726 est.
2119 664 2373 729 Oramus
2419 667 2599 731 etiam

240 849 274 900 6
327 845 741 910 afflationem,
776 853 831 897 ut
867 847 972 897 σοὺ.
1043 848 1463 910 congregationem
1498 849 1721 911 facimus,
1755 857 1810 900 ut
1839 844 1886 898 λ.
1926 850 2116 903 flavere.
2200 852 2285 902 Pro
2323 860 2513 905 coetum
2546 858 2599 907 iu

238 884 291 965 λζ
330 922 401 966 est
438 916 598 975 caetu,
633 914 684 963 in
716 914 771 965 F.
809 914 986 964 celum.

247 1050 367 1101 225.
403 1065 449 1100 s.
484 1063 529 1098 ν.
564 1044 618 1112 ff.
654 1046 705 1098 6.
772 1046 999 1099 Buenem.
1054 1048 1113 1099 ad
1161 1048 1375 1101 Lactant.

243 1118 370 1168 lust.
421 1115 520 1166 Div.
569 1114 646 1176 VI,
698 1113 779 1175 10,
832 1112 914 1164 25.
983 1115 1165 1166 Sei-tor.
1216 1118 1375 1168 Ursat-

248 1185 313 1236 de
345 1184 486 1235 Notis
513 1183 652 1233 Rem.
689 1182 738 1232 in
774 1182 958 1234 Graevii
995 1184 1139 1235 Tbes.
1160 1192 1279 1234 tom.
1295 1185 1374 1236 xl.

247 1268 300 1316 p.
340 1250 456 1302 897.
493 1258 542 1301 et
573 1265 626 1317 p.
661 1246 806 1313 983]
842 1273 994 1287 ——
1046 1251 1374 1303 Tertullianus

246 1320 396 1382 igitur
429 1317 815 1369 Cbristiauornm
852 1326 1041 1368 coetum
1080 1335 1245 1383 corpus
1282 1335 1373 1384 ap·

244 1386 418 1451 pellat,
455 1385 665 1435 dictione
699 1384 943 1446 generali,
992 1386 1103 1449 quia
1139 1385 1182 1436 si
1219 1386 1372 1438 colle·

245 1456 411 1516 gium,
460 1452 536 1503 vel
571 1446 847 1502 sodalitium
886 1451 1100 1514 dixisset,
1139 1453 1368 1519 loquutus

244 1524 462 1571 [omne
497 1519 588 1569 fuit
623 1524 704 1569 aut
733 1518 1056 1583 periculosius
1092 1529 1174 1571 aut
1209 1523 1369 1572 miuus

245 1588 469 1653 proprie.
541 1585 624 1636 Sic
669 1587 812 1636 etiam
846 1586 1025 1637 Arnob.
1073 1583 1206 1652 [adv.
1242 1589 1367 1639 Natt-

247 1657 284 1717 l,
317 1650 458 1719 1st
492 1654 579 1716 „si
615 1654 665 1703 in
700 1654 886 1704 civitate
913 1655 1225 1719 unaqualibet
1244 1657 1372 1706 tame

247 1722 495 1786 plurimos
528 1721 682 1771 emori
717 1722 870 1772 nostri
891 1723 1100 1772 nominis
1122 1725 1372 1774 aversione

247 1791 492 1849 fecerunt,
526 1803 609 1838 eur
643 1788 822 1838 ibidem
859 1790 1124 1840 annonaria
1173 1792 1372 1841 caritate

248 1872 351 1907 non
399 1863 582 1906 tantum
789 1859 798 1868 ‘
858 1870 955 1906 non
990 1860 1166 1918 nostri,
1204 1872 1370 1908 verum

247 1925 393 1974 etiam
431 1923 732 1974 Christianos
763 1924 965 1974 ditiores
1002 1932 1048 1974 et
1083 1924 1370 1989 locupletis·

245 1994 402 2042 simos
437 1987 759 2041 rediderunt?
829 1986 934 2056 [Sic
969 1991 1186 2042 Cassian.
1224 1993 1284 2052 11,
1322 1992 1368 2044 5.

247 2059 493 2120 „Quinam
548 2058 723 2109 modus
773 2058 1057 2123 quotidiano
1104 2060 1254 2110 cultui
1288 2076 1372 2125 per

243 2129 512 2177 universnm
573 2128 878 2189 fraternitatis
947 2141 1112 2190 corpus
1174 2127 1368 2178 decerni

243 2194 481 2253 deberet,
547 2193 794 2243 tractaturi
848 2190 1210 2259 conveniunt.“]
1291 2195 1375 2246 Sic

246 2262 393 2311 etiam
431 2260 782 2311 Constantinus
808 2267 856 2310 et
889 2260 1134 2311 Licinnius
1168 2262 1218 2311 Α.
1244 2262 1294 2311 Δ.
1321 2264 1370 2312 ia

247 2328 409 2378 edicto
454 2342 563 2388 suo,
610 2327 742 2392 quod
788 2329 969 2379 Graece
1005 2331 1235 2379 convertit
1270 2330 1370 2379 Eu·

245 2396 435 2453 sebius,
468 2394 655 2458 loquuti
685 2395 902 2445 fuerant:
936 2387 1030 2442 καὶ
1060 2387 1281 2445 ἐπειδὰν
1315 2389 1373 2446 οἱ

245 2451 871 2582 522‘2221332‘21225?
903 2454 1082 2583 2⁵5?
1114 2456 1371 2580 rur„

241 2590 338 2645 καὶ
383 2590 600 2663 ἐτέρους
613 2543 847 2650 ατόπους·
895 2590 921 2646 ἐ
1179 2566 1371 2665 'yord-

244 2676 490 2743 σξονται,
508 2660 883 2742 διαφέροντας
899 2680 929 2714 ο
986 2660 1126 2782 ufic
1140 2659 1371 2716 ἕκαστον

245 2730 448 2788 αυτῶν,
512 2727 646 2781 ἄλλα
699 2727 868 2800 πρὸς,
891 2729 956 2782 τὸ
1048 2730 1227 2783 ῖπαιον
1270 2734 1370 2785 τοῦ

248 2789 437 2847 «their
496 2794 849 2865 σόματος,
937 2798 1186 2851 τουτέστι
1256 2802 1371 2852 τῶν

247 2866 672 2943 Χριστιανόνπ*
741 2868 893 2919 item:
952 2863 1058 2925 »ἐν
1105 2855 1186 2922 οἷς
1228 2869 1370 2919 πᾶσι

249 2946 334 2996 τῳ
369 2931 741 3012 προειρημένῳ
775 2929 868 2984 σύ
937 2950 1054 2985 ari
1083 2936 1200 2984 τῶν
1231 2938 1369 3002 Χρι-

249 2998 503 3049 στιανῶν
562 3014 660 3080 1¹3⁸*
704 3013 812 3050 σπο
884 2997 951 3062 ἦν
1008 2997 1370 3052 δυνατώτατα

245 3066 564 3144 augme&
597 3064 895 3133 ouvellus-fl
982 3073 1164 3122 ibidem
1222 3074 1367 3122 etiam

244 3147 541 3200 σώματων
590 3136 790 3197 dicitur,
854 3139 1258 3202 quemadmodum
1317 3140 1366 3189 iu

245 3206 542 3281 Graecorum
555 3203 778 3255 ictorum
792 3204 961 3255 libris:
991 3196 1162 3284 {ring
1183 3198 1366 3254 πάντα

244 3279 512 3395 3ξὲξὲ
525 3264 706 3388 Ἴέαῗ,
741 3268 1368 3392 τ,,ωιῖῗ;ἱῖἔ;δὶι“ἷ”ἷῗῗ.ἷ

243 3405 442 3455 seientia
463 3405 708 3468 ret-’ymnis
736 3412 780 3455 et
814 3409 1090 3472 discipliuae
1111 3411 1288 3458 unitate
1323 3414 1368 3458 et

241 3473 344 3535 spei
377 3472 580 3534 foedere.
653 3471 783 3523 Haec
817 3474 961 3535 igitur
995 3489 1176 3538 corpus
1224 3474 1366 3525 ctu-i-

242 3539 514 3588 stianorum
550 3539 809 3589 conciliant
844 3549 893 3589 et
935 3542 1250 3602 constituunt,
1284 3555 1366 3591 re-

244 3606 440 3667 ligionis
489 3606 812 3667 conscientia,
870 3608 1154 3672 disciplinae
1207 3609 1366 3658 unitas

243 3680 291 3721 et
325 3671 548 3722 eiusdem
583 3673 690 3736 spei
734 3672 924 3724 foedus.
995 3675 1257 3737 Religionis
1279 3690 1365 3725 au-

243 3748 341 3788 tem
379 3753 526 3789 causa
574 3740 706 3789 coire
741 3754 838 3790 non
884 3741 1281 3805 prohibebantur.
1318 3742 1367 3791 V.

244 3806 275 3853 Ι.
317 3806 354 3855 t.
391 3805 451 3854 Β.
487 3805 548 3855 de
583 3805 768 3869 Colleg.
805 3816 855 3858 et
889 3808 1096 3872 corpor.
1151 3809 1248 3859 Sed
1285 3823 1368 3858 re-

243 3872 442 3934 ligionis
491 3880 713 3937 receptae
765 3888 823 3924 ac
857 3876 1089 3938 probatae
1123 3875 1367 3937 intellige:

242 3947 292 3988 et
347 3938 496 3988 mode
554 3953 616 3989 ne
668 3939 839 4002 religio
895 3948 1169 4006 praetextus
1236 3949 1368 3993 esset

243 4013 432 4055 tantum
486 4013 534 4055 et
583 4003 885 4074 πρόφασις.
945 4009 990 4057 V.
1047 4008 1080 4058 Ι.
1118 4008 1177 4058 ΙΙ.
1211 4009 1267 4059 D.
1305 4009 1367 4058 de

244 4073 496 4122 Exti-nord.
533 4072 855 4124 Crim.——
890 4075 1010 4126 Cum
1047 4075 1191 4137 igitur
1225 4076 1370 4126 Cbri·

241 4139 431 4192 stianes
469 4139 693 4191 audirent
726 4148 860 4192 certo
878 4143 1077 4193 loedere
1113 4157 1170 4193 ac
1203 4157 1370 4194 sacra—

242 4214 408 4256 mento
458 4207 693 4271 adstringi
745 4216 889 4273 atque
923 4210 1050 4261 inter
1083 4225 1138 4260 se
1173 4210 1368 4269 sociari,

240 4289 297 4323 ea
333 4274 498 4326 omnia
533 4275 584 4324 in
627 4274 925 4338 reipublicae
959 4276 1227 4340 perniciem
1260 4277 1371 4327 cudi

240 4340 385 4391 facile
441 4341 832 4404 suspicabantur.
922 4344 1246 4395 Tertullianus
1309 4344 1370 4395 de

239 4408 369 4471 Fuga
405 4409 457 4459 in
481 4409 730 4461 Persecut.
768 4424 874 4474 cap.
897 4408 944 4460 3.
982 4410 1185 4472 „Dicitis
1222 4411 1372 4472 enim,

237 4476 472 4539 queniam
505 4476 756 4527 incondite
805 4478 1116 4529 convenimus
1150 4487 1198 4528 et
1231 4492 1368 4528 com·

235 4543 403 4606 plures
442 4544 786 4596 concurrimus
821 4544 872 4594 in
907 4544 1181 4605 ecclesiam,
1217 4560 1367 4608 quae·

235 4612 387 4665 rimer
436 4628 466 4664 a
515 4610 830 4672 nationibus,
885 4618 934 4663 et
985 4613 1240 4674 timemus,
1306 4625 1367 4663 ne

1088 914 1136 964 7.
1175 923 1371 966 orantes
1406 932 1494 967 om.
1528 911 1597 981 λΙ.
1633 918 1824 968 Havete.

1479 1050 1734 1103 turbentur
1778 1052 2016 1105 nationes.
2030 1050 2063 1075 “
2132 1051 2257 1102 ilinc
2300 1054 2597 1107 criminatio-

1479 1131 1589 1167 nem
1622 1133 1760 1168 suam
1797 1119 2076 1169 ordiebatur
2093 1118 2294 1170 Celsus:
2329 1118 2597 1188 „nouiter

1475 1181 1556 1250 τῷ
1609 1180 1801 1250 Κέλσῳ
1861 1177 2165 1252 κεφάλαιόν
2224 1178 2371 1243 ἔστι,
2444 1189 2599 1252 inquit

1477 1251 1713 1314 Origenes
1750 1252 1832 1304 lib.
1870 1254 1906 1303 l.
1944 1263 2110 1304 contra
2148 1254 2373 1316 Celsum,
2408 1248 2598 1319 διαβα-

1473 1313 1588 1368 λεῖν
1648 1313 2111 1435 Χριστιανιέὔὸν,
2181 1313 2255 1373 ὦς
2322 1315 2598 1381 συνθήκας

1470 1379 1711 1451 κρῦβδην
1756 1381 1897 1453 πρὸς·
1958 1379 1973 1399 ’
2041 1381 2200 1446 ἥλους
2250 1385 2596 1455 ποιουμένων

1472 1452 1832 1521 Χριστιανῶν
1875 1449 2029 1520 παρὰ
2081 1450 2151 1504 τὰ
2206 1453 2591 1523 νενομισμένα,

1472 1511 1558 1570 ὅτι
1604 1519 1720 1571 τῶν
1764 1521 2053 1582 συνθηκῶν
2104 1514 2167 1571 αἱ
2193 1518 2300 1589 μέν
2331 1516 2438 1573 εἶσι
2484 1538 2595 1591 φα-

1469 1581 2596 1726 1:2⁰3}errafftazuzzssz‘rmz:

1470 1719 1613 1790 μένα
1665 1720 2064 1775 συντελοῦνται.
2085 1730 2127 1753 “
2198 1727 2267 1775 tbi
2320 1721 2596 1786 συνθήκας

1472 1791 1687 1855 appellat
1708 1807 1805 1843 non
1842 1802 2103 1843 conventus
2132 1792 2435 1856 simplicim,
2470 1809 2595 1858 quo·
2681 1799 2685 1803 ’

1472 1859 1619 1909 modo
1643 1860 2036 1923 interpretantur,
2071 1860 2157 1910 sed
2193 1860 2428 1911 coitiones
2451 1862 2596 1913 certis

1471 1927 1753 1977 foederibus
1774 1928 1934 1989 initas,
1969 1928 2067 1977 sive
2083 1928 2227 1978 etiam
2253 1929 2358 1993 ipsa
2377 1929 2594 1991 foedera,

1472 1994 1650 2057 quibua
1686 1994 1828 2044 tidem
1866 2009 2007 2045 suam
2056 1995 2254 2046 invicem
2291 1995 2595 2059 obstringere

1472 2061 1880 2111 existimabantur.
1917 2062 2154 2123 (flerald.)

1541 2161 1590 2211 b.
1628 2161 1826 2212 Coimus
1877 2162 1923 2211 in
1973 2156 2192 2228 coetum]
2244 2162 2366 2213 Nota
2403 2163 2594 2227 singula

1472 2230 1630 2280 verba.
1687 2229 1807 2279 Nam
1845 2232 1967 2280 coire
2004 2230 2062 2279 de
2094 2229 2331 2281 eiusmodi
2358 2230 2595 2294 collegiis,

1472 2295 1712 2346 sodalitiis
1766 2303 1815 2347 et
1869 2297 2157 2347 factionibus
2205 2298 2350 2348 etiam
2395 2298 2595 2363 proprie

1473 2363 1667 2414 dicitur.
1706 2363 1907 2414 Tertull.
1946 2364 2046 2413 adv.
2086 2364 2342 2427 Psycbicos
2380 2380 2482 2430 cap.
2514 2365 2596 2417 14.

1472 2431 1601 2492 „nisi
1679 2431 1804 2481 sorte
1856 2432 1904 2481 in
1958 2431 2376 2482 senatusconsulta
2441 2440 2489 2482 et
2542 2433 2593 2484 iu

1471 2498 1746 2563 principum
1784 2499 2004 2549 mandata
2042 2501 2319 2550 coitionibus
2365 2501 2592 2565 opposita

1472 2566 1850 2630 delinquimus.“
1905 2565 2127 2616 Μαι-εἰει).
2166 2566 2200 2616 Ι.
2236 2566 2269 2616 Ι.
2308 2567 2369 2616 de
2404 2568 2591 2632 colleg.

1471 2640 1520 2683 et
1572 2633 1808 2699 Corpor.:
1857 2648 1953 2694 „ne
2001 2633 2091 2684 sub
2126 2643 2372 2698 praetextu
2422 2635 2592 2686 buius·

1474 2701 1602 2752 modi
1617 2701 1838 2752 illicitum
1853 2701 2109 2764 collegium
2124 2702 2304 2753 coeat.“
2319 2702 2377 2751 Et
2389 2703 2592 2766 passim.

1472 2763 1547 2832 [V.
1571 2767 1773 2818 Dirksen
1809 2769 2027 2818 Manuale
2062 2783 2104 2818 s.
2126 2785 2165 2819 v.
2206 2769 2384 2830 Coetus,
2423 2770 2587 2832 Coitio,

1475 2832 1648 2898 coire]
1724 2836 1885 2886 Coetus
1932 2850 2125 2901 quoque
2170 2835 2259 2885 etsi
2311 2836 2466 2887 media
2502 2849 2591 2886 vox

1469 2909 1546 2951 est
1592 2909 1641 2951 et
1687 2903 1891 2953 naturali
1929 2917 2015 2952 sua
2058 2918 2113 2951 ac
2146 2901 2367 2964 simplice
2403 2902 2589 2964 signiti-

1471 2969 1660 3019 catione
1680 2968 1873 3020 minime
1894 2969 2081 3030 odiosa,
2119 2968 2409 3048 quandoque
2428 2976 2590 3046 tangeri

1468 3050 1559 3100 pro
1574 3037 1761 3086 ratione
1779 3035 2044 3098 argumenti
2060 3036 2292 3100 accipitur
2303 3048 2379 3088 εις
2399 3048 2583 3085 κακον.

1469 3102 1626 3168 Supra
1664 3119 1766 3167 cap.
1804 3103 2139 3167 praecedenti:
2178 3103 2416 3163 „Atenim
2447 3103 2588 3154 nobis

1469 3171 1530 3220 ab
1587 3171 1719 3220 omni
1779 3170 1961 3233 gloriae
2015 3177 2063 3219 et
2111 3169 2355 3233 diguitatis
2414 3171 2588 3220 ardore

1469 3238 1757 3301 frigentibus
1794 3237 1926 3287 nulla
1963 3245 2037 3287 est
2072 3238 2336 3288 necessitas
2374 3235 2591 3304 coetus-‘⁰‘

1468 3304 1675 3369 Saepius
1723 3311 1881 3354 tamen
1918 3304 2112 3355 illicitos
2153 3305 2332 3366 dicunt,
2370 3313 2420 3354 ut
2457 3304 2490 3355 l.
2526 3303 2587 3355 Π.

1468 3371 1529 3421 de
1569 3372 1825 3422 Extraord.
1874 3371 2039 3432 Crim.‚
2092 3379 2139 3421 ot
2174 3371 2304 3421 alibi.
2358 3372 2440 3422 Sic
2467 3372 2588 3422 'rra-

1467 3440 1608 3489 ianus
1644 3438 1705 3488 ad
1743 3439 1977 3500 Plinium,
2016 3446 2063 3488 et
2096 3439 2197 3488 alii.
2230 3439 2465 3497 Quoniam
2502 3451 2589 3489 au-

1468 3513 1565 3556 tem
1602 3512 1768 3556 coetus
1805 3506 1876 3556 illi
1912 3506 1972 3556 ad
2010 3507 2100 3555 vim
2138 3505 2347 3570 aliquam
2375 3506 2590 3557 inferen-

1467 3573 1578 3623 dam
1601 3572 1898 3636 cogebantur
1917 3573 2130 3637 saepiuS,
2167 3572 2276 3622 ideo
2298 3574 2378 3636 qui
2399 3581 2591 3623 coetum

1469 3639 1689 3690 illicitum
1747 3645 2120 3704 usurpaverant,
2195 3638 2363 3688 eadem
2430 3653 2591 3702 poena

1468 3706 1783 3768 tenebantur,
1832 3722 1923 3771 qua
1962 3709 2043 3771 qui
2081 3706 2356 3755 bominibus
2392 3707 2591 3756 armatis

1459 3774 1576 3824 loca
1614 3773 1808 3838 publica
1846 3781 1893 3823 et
1929 3773 2108 3836 templa
2147 3779 2483 3836 occupassent.
2531 3772 2588 3822 L.

1469 3840 1530 3891 ΙΙ.
1565 3840 1621 3890 D.
1660 3841 1720 3891 de
1756 3840 1941 3904 Colleg.
1979 3848 2025 3890 et
2060 3840 2263 3903 Coi-por.
2301 3837 2537 3900 (Herald.)

1537 3955 1580 3991 c.
1616 3939 1676 3989 ad
1713 3939 1856 3990 deum
1903 3941 2041 4005 quasi
2089 3952 2233 3989 manu
2266 3933 2417 4004 lacta]
2472 3937 2588 3988 Elo-

1467 4013 1639 4069 ganter
1667 4022 1810 4058 muna
1830 4011 1969 4070 facta,
2008 4007 2056 4055 b.
2083 4021 2126 4055 e.
2164 4006 2319 4069 copiis
2354 4005 2402 4055 in
2438 4019 2588 4056 unum

1471 4075 1668 4125 coactis.
1723 4074 1924 4124 Pontius
1959 4075 2009 4124 in
2045 4073 2145 4123 Vite
2180 4072 2433 4137 Cypriani:
2469 4073 2591 4133 „Sic

1468 4148 1628 4191 autem
1667 4141 1911 4191 comitatui
1947 4143 2051 4190 eius
2085 4140 2299 4190 infinitus
2352 4140 2589 4190 exercitus

1471 4208 1796 4269 adhaerebat,
1880 4208 2017 4272 quasi
2084 4206 2144 4256 ad
2224 4206 2589 4274 expugnandam

1470 4283 1679 4326 mortem
1711 4291 1853 4327 manu
1884 4280 2010 4340 [uota
2053 4274 2347 4325 veniretur.“
2416 4273 2585 4323 Cicero

1469 4356 1561 4405 pro
1598 4342 1804 4394 Caecina
1840 4338 1971 4408 [cap.
2010 4336 2146 4407 121:
2194 4341 2322 4403 „Qui
2370 4342 2418 4389 in
2464 4353 2588 4404 pace

1470 4417 1518 4460 et
1551 4410 1601 4460 in
1637 4411 1736 4461 otio
1773 4423 1919 4475 quum
1952 4424 2139 4460 munim·
2180 4409 2369 4473 feeerit,
2422 4407 2589 4469 copias

1467 4478 1669 4541 pararit,
1706 4478 2063 4528 multitudinem
2099 4476 2348 4525 bominum
2386 4474 2586 4534 cogerit,

1469 4545 1685 4605 armarit,
1739 4542 2050 4595 instruxerit“
2105 4548 2214 4593 cett.
2277 4539 2479 4589 Tei-tull.
2526 4537 2586 4588 ad

1467 4611 1612 4678 Sap.
1671 4626 1776 4675 cap.
1831 4611 1877 4663 5.
1932 4610 2150 4673 „Omnes
2203 4606 2335 4657 illius
2388 4604 2595 4666 civitatis.
