3263 5311
749 405 873 471 786
1264 422 1469 474 omui-1
1514 420 1782 466 serum
1824 420 2156 467 recitemus
2200 422 2596 468 rauranum

745 574 811 636 in
855 590 1037 653 opera
1080 571 1276 635 carnis
1322 572 1397 634 de
1442 571 1846 635 continentiae
1889 572 2016 634 otio
2057 570 2429 638 ‘substantia
2468 583 2569 638 est
2593 572 2875 638 laterum.
2944 576 3101 640 Talis

737 674 1062 738 infirmitas
1107 680 1167 736 et
1206 672 1385 736 tertio
1431 682 1493 735 et
1533 681 1749 755 quarto
1792 682 1854 736 et
1893 691 2088 754 usque
2132 674 2393 756 septimo
2435 675 2688 739 forsitan
2724 676 3103 741 matrimonio

743 776 996 850 sufficit,
1055 781 1124 837 ut
1165 793 1315 854 quae
1357 774 1581 838 totiens
1623 774 1842 837 fortior
1880 777 2162 856 quotiens
2206 777 2390 839 merit
2440 776 2770 853 infirmior,
2837 777 3104 842 habimn

744 876 861 939 iam
906 894 1029 938 non
1071 877 1413 956 apostolum
1454 883 1790 950 auctorem,
1846 876 1957 939 sed
1995 875 2472 957 ’Hermogenem
2526 879 2787 959 aliquem
2796 892 2845 954 ⁸,
2900 879 3102 961 plures

745 977 995 1041 solitum
1036 977 1319 1041 mulieres
1364 979 1584 1040 ducere
1609 996 1792 1059 quam
1819 978 2090 1059 pingere.
2132 979 2376 1042 Materia
2404 980 2566 1042 enim
2596 981 2661 1042 in
2687 979 2794 1042 illo
2822 978 3101 1056 abundat.

743 1079 905 1143 unde
948 1088 1010 1142 et
1048 1079 1306 1141 animam
1349 1097 1487 1142 esse
1528 1098 1925 1160 praesumens
1968 1079 2157 1142 multo
2198 1080 2391 1161 magis
2436 1081 2713 1163 spiritum
2756 1100 2792 1143 a
2834 1082 2956 1144 deo
2982 1099 3101 1145 non

739 1181 953 1256 habet,
996 1182 1116 1242 iam
1158 1200 1272 1244 nec
1312 1181 1697 1263 ⁴psychicus‚
1743 1181 1883 1263 quia
1910 1199 2032 1243 non
2062 1182 2139 1243 de
2166 1182 2367 1244 afflatu
2397 1182 2493 1245 dei
2520 1182 2862 1264 psychicus.
2930 1183 3097 1258 Quid,

383 1334 394 1343 .
742 1282 798 1346 si
838 1282 1102 1364 inopiam
1145 1283 1281 1364 quis
1325 1291 1638 1359 causetur,
1681 1289 1750 1345 ut
1791 1300 2030 1345 carnem
2075 1292 2492 1372 suamaperte
2533 1283 2924 1364 prostitutam
2956 1303 3096 1365 pro-

438 1383 1014 1459 transsumam,
1060 1383 1443 1447 exhibitionis
1461 1385 1490 1423 ὓ
1533 1403 1713 1447 causa
1755 1383 2115 1461 nubentem,
2177 1383 2398 1447 oblitus
2453 1385 2531 1448 de
2580 1385 2737 1449 victu
2780 1394 2847 1448 et
2885 1384 3098 1449 vestita
3214 1405 3215 1414 ¹

742 1503 870 1550 non
913 1505 1053 1550 esse
1096 1485 1522 1566 cogitandum?
1608 1485 1803 1549 Habet
1855 1486 2037 1548 deum
2079 1486 2259 1550 etiam
2299 1486 2653 1549 “corvorum
2694 1485 3097 1560 educatorem,

744 1589 920 1652 etiam
966 1589 1183 1651 florum
1227 1588 1611 1651 excultorem.
1702 1586 1891 1660 Quid,
1950 1585 2004 1648 si
2048 1586 2433 1649 solitudinem
2480 1587 2693 1650 domus
2733 1585 3100 1651 ‘obtendant

744 1691 914 1772 quasi
955 1691 1077 1752 una
1118 1690 1331 1752 mulier
1372 1688 1767 1770 frequentiam
1809 1695 2079 1769 praestet
2135 1688 2368 1750 homini
2420 1688 2495 1750 ad
2549 1690 2751 1770 fugam
2802 1690 3100 1770 proximo.

675 1861 684 1874 ,
744 1791 939 1856 Habet
978 1791 1215 1853 viduam
1256 1790 1491 1870 utique,
1558 1808 1737 1869 quam
1791 1796 2061 1852 assumat
2112 1788 2332 1852 licebit.
2432 1789 2571 1853 Non
2623 1808 2808 1853 unam
2864 1790 3099 1871 generis

741 1892 924 1958 huius
967 1909 1248 1966 uxorem,
1295 1891 1404 1953 sed
1446 1889 1662 1953 'etiam
1703 1890 1909 1972 plures
1952 1888 2176 1952 habere
2217 1907 2574 1954 concessum
2614 1900 2732 1954 est.
2806 1891 3007 1965 Quid,
3050 1892 3100 1954 si

744 1993 821 2056 de
863 1992 1215 2074 posteritate
1259 1990 1394 2072 quis
1436 1991 1694 2073 ‘cogitet
1734 1992 1947 2054 iisdem
1986 1990 2205 2054 animis
2248 1991 2467 2071 quibus
2510 1991 2699 2055 oculis
2740 2011 2899 2057 uxor
2924 1993 3098 2067 Loth,

741 2093 846 2155 ⁹ut
897 2094 1035 2156 ideo
1092 2094 1228 2173 quis
1279 2100 1512 2174 repetat
1562 2093 2040 2168 matrimonium,
2115 2093 2256 2172 quia
2310 2094 2387 2154 de
2438 2094 2641 2175 priore
2690 2091 2925 2156 liberm
2983 2112 3101 2157 nou

741 2194 992 2257 babuit?
1078 2194 1379 2257 Haeredes
1435 2192 1666 2257 scilicet
1720 2193 2092 2257 Christianus
2163 2202 2410 2273 quaeret
2464 2194 2689 2257 saeculi
2740 2194 2936 2257 totius
2998 2214 3099 2258 ex·

738 2295 978 2358 haeres.
1064 2295 1258 2358 Habet
1290 2297 1540 2370 fratres,
1596 2294 1780 2358 babet
1819 2295 2130 2359 ecelesiam
2172 2303 2442 2358 matrem.
2527 2295 2701 2358 Aliud
2752 2305 2878 2370 est,
2946 2296 3003 2359 ai
3045 2304 3102 2359 et

740 2397 897 2477 apud
929 2395 1232 2459 Christum
1274 2396 1508 2478 legibus
1553 2396 1775 2459 ²⁰1uliis
1820 2396 1912 2476 agi
1955 2396 2234 2470 credunt,
2300 2405 2363 2458 et
2406 2396 2443 2429 ¹¹
2462 2395 2804 2460 existimant
2844 2397 3098 2460 caelibes

739 2505 804 2558 et
845 2496 1032 2557 orbos
1078 2515 1150 2557 ex
1194 2505 1557 2560 testamento
1612 2498 1708 2560 dei
1764 2497 2022 2560 solidum
2076 2515 2200 2560 non
2255 2513 2441 2578 posse
2498 2510 2765 2579 capere·-
2861 2497 3101 2563 Nubant

738 2595 920 2677 igitur
972 2593 1354 2675 huiusmodi·¹
1408 2599 1474 2660 in
1525 2599 1710 2661 finem
1760 2616 1989 2680 usque,
2054 2607 2121 2663 ut
2180 2599 2245 2662 in
2300 2599 2416 2662 ista
2466 2598 2825 2663 confusione
2878 2601 3097 2676 carnis,

740 2699 899 2764 sicut
954 2700 1218 2763 Sodoma
1271 2708 1334 2762 et
1375 2700 1710 2763 Gomorrha
1766 2708 1828 2762 et
1880 2700 2083 2763 diluvii
2138 2700 2302 2774 dies,
2367 2699 2441 2762 ab
2503 2698 2605 2763 illo
2662 2700 2877 2764 ultimo
2945 2702 3101 2765 exitu

436 2810 562 2855 icor
574 2811 727 2863 tvm-
742 2802 962 2863 saeculi
1006 2802 1546 2883 deprehendantur.
1631 2802 1904 2865 Adiciant
1953 2802 2197 2865 tertium
2251 2801 2502 2875 dictum,
2566 2801 3001 2865 Mandu-emus
3042 2810 3101 2866 et

492 2877 710 2982 xfflvllo,
737 2900 1013 2964 bibamus
1057 2912 1118 2965 et
1159 2904 1454 2967 nubamus
1470 2948 1487 2978 ,
1552 2922 1684 2965 cras
1742 2902 1901 2966 enim
1953 2903 2311 2978 moriemur,
2374 2920 2499 2965 non
2540 2901 2953 2983 recogitantes
2993 2922 3097 2966 ns

733 3001 881 3065 illud
921 3005 1387 3084 praegnantibus
1430 3013 1491 3066 et
1534 3004 1941 3068 ¹²lactantibus
1982 3003 2173 3067 multo
2218 3003 2455 3084 gravius
2498 3014 2561 3066 et
2600 3004 2866 3067 amarius
2914 3023 3095 3068 even-

732 3109 932 3166 turum
977 3105 1039 3166 in
1084 3107 1485 3168 concussione
1525 3106 1715 3168 totius
1744 3104 1985 3179 mundi,
2028 3124 2206 3185 quam
2235 3104 2434 3166 evenit
2461 3104 2522 3167 in
2550 3104 2887 3168 vastatione
2914 3106 3095 3170 unies

731 3205 1058 3287 particulae
1110 3206 1438 3271 ¹³-ludaeae.
1524 3207 1684 3271 Satis
1729 3214 2109 3287 opportunos
2152 3204 2496 3269 novissimis
2539 3206 2921 3287 temporibus
2966 3209 3097 3270 fiu-

731 3313 865 3369 ctus
907 3307 1138 3370 iteratis
1180 3306 1577 3370 matrimoniis
1621 3305 1929 3386 colligant,
1973 3306 2160 3369 ubera
2205 3307 2547 3370 ¹⁴fluitantia
2589 3315 2650 3369 et
2690 3315 2905 3371 uteros
2940 3326 3095 3373 m·

731 3414 972 3471 seantes
1014 3417 1076 3470 et
1116 3409 1374 3472 infantes
1421 3407 1793 3489 ¹⁵pipiantes.
1879 3407 2100 3470 Parent
2141 3406 2523 3482 antichristo,
2589 3408 2652 3471 in
2695 3407 2907 3488 “quae
2950 3408 3094 3473 lihi-

723 3505 995 3570 dinosius
1041 3508 1284 3572 saeviat.
1369 3508 1639 3572 Adducet
1680 3508 1799 3572 illis
1841 3508 2149 3573 carnifices
2190 3508 2567 3572 obstetrices.

723 3724 777 3775 2.
811 3726 1132 3778 substantiam
1165 3729 1254 3779 ΑΒ.
1359 3728 1407 3780 3.
1444 3728 1858 3791 hermogeneralls
1907 3742 2051 3793 quem
2085 3729 2173 3780 ΑΒ.
2278 3729 2329 3779 4.
2372 3728 2659 3794 psychicus,
2713 3728 2827 3793 quia
2876 3743 2987 3780 m
3034 3730 3101 3782 ὰ

726 3795 893 3845 efflatu
927 3796 1005 3846 dei
1041 3797 1314 3861 psychicus.
1365 3797 1491 3857 Quid
1526 3799 1630 3849 bed.
1699 3796 1957 3861 psychicus
1986 3796 2301 3861 (physicusc.
2336 3798 2590 3861 physicum
2605 3794 2732 3853 Aa).
2768 3796 2902 3855 Quia
2938 3797 3097 3849 ABG«.

726 3860 777 3911 5.
814 3878 1067 3914 corvorum
1104 3866 1176 3916 cd.
1212 3867 1332 3916 liber
1347 3865 1603 3915 Clementis.
1675 3877 1935 3929 corporum
1971 3865 2156 3928 reliqui.
2239 3862 2288 3913 6.
2326 3864 2558 3914 obtendat
2589 3865 2663 3914 cd.
2683 3862 3101 3915 liber-Clementis.

725 3930 951 3981 ostendat
983 3932 1172 3998 reliqui.
1274 3931 1323 3981 7.
1359 3933 1501 3983 etiam
1539 3933 1612 3984 cd.
1647 3933 1766 3983 teter
1803 3931 2061 3982 Clementis.
2133 3932 2225 3980 iam
2261 3932 2450 3997 reliqui.
2549 3929 2601 3982 8.
2635 3932 2859 3994 cogitetis
2896 3932 2971 3982 de
3006 3933 3100 3983 ni-

725 3997 872 4047 nimis
904 3999 1027 4049 ABG.
1132 3998 1183 4051 9.
1220 4008 1274 4053 ιιι
1308 4000 1417 4051 ideo
1453 4002 1557 4052 bed.
1642 4007 1789 4063 utque
1826 3998 1935 4048 ideo
1971 4015 2017 4050 a.
2101 3999 2266 4062 utique
2301 3999 2395 4049 deo
2429 3999 2572 4061 (adeo
2606 3999 2681 4059 B.)
2725 4000 2927 4064 reliqui.
3021 4000 3099 4051 10.
3214 4040 3215 4045 κ

725 4063 855 4113 nilus
888 4066 977 4115 ΑΒ.
1086 4067 1165 4117 11.
1202 4068 1460 4118 aestimant
1496 4067 1543 4116 G.
1613 4067 1843 4116 extimant
1874 4065 1962 4116 ΑΒ.
2070 4063 2151 4115 12.
2190 4065 2476 4116 lactentibus
2511 4068 2561 4119 A.
2660 4064 2741 4115 13.
2778 4066 2980 4118 viribus
3012 4067 3098 4119 n
3214 4090 3215 4095 ¹

729 4129 809 4180 14.
845 4131 1090 4183 fluctantia
1126 4138 1176 4184 A.
1248 4133 1524 4185 fluctuantia
1561 4134 1630 4195 B.,
1672 4140 1714 4183 et
1738 4138 1789 4184 A.
1810 4148 1986 4184 nureo.
2074 4132 2156 4183 15.
2192 4134 2417 4199 manus
2448 4134 2601 4185 anea.
2672 4132 2756 4184 to.
2792 4147 2899 4199 qno
2938 4136 3099 4205 ΔΒΕ.-

795 4298 914 4364 Cep.
949 4298 1061 4351 xvl.
1131 4316 1174 4350 a.
1211 4300 1566 4365 Hermogenem
1613 4297 1855 4371 aliquem]
2020 4302 2070 4353 Β.
2107 4298 2438 4370 exhibitionis]
2472 4302 2548 4355 Cr.
2575 4301 2739 4354 adnot.
2778 4302 2840 4353 ad
2882 4303 2963 4354 De
3000 4304 3098 4356 ce-
3214 4338 3215 4363 ,

724 4364 773 4417 V.
810 4364 924 4417 adv.
960 4367 1188 4430 Hermog.
1225 4370 1394 4434 cap..l
1465 4370 1539 4422 Cl'.
1580 4370 1647 4421 De
1681 4374 1850 4421 Anima
1951 4383 2074 4422 rona
2110 4385 2215 4434 cap.
2240 4368 2290 4419 7.
3214 4402 3215 4415 η

724 4448 865 4513 capp..
901 4433 925 4484 1
966 4441 1016 4485 et
1054 4436 1132 4486 ll.
1219 4436 1287 4487 De
1333 4439 1624 4502 pronomine
1676 4441 1849 4505 aliquis
2021 4454 2065 4488 c.
2100 4436 2311 4487 solidum
2348 4453 2444 4489 non
2478 4451 2628 4502 posse
2656 4432 2885 4504 capere]
2925 4439 2981 4489 V.
3008 4438 3103 4489 ad-
3214 4440 3215 4491 l

724 4503 908 4553 nomini
943 4503 1145 4568 proprio
1183 4505 1345 4556 addito
1371 4507 1435 4557 cs.
1453 4507 1618 4558 adnot.
1639 4504 1786 4572 adAp
1791 4522 1849 4557 o·
1951 4512 2052 4556 not.
2090 4505 2149 4554 ad
2187 4504 2270 4554 lib.
2307 4502 2375 4556 Aa
2415 4507 2556 4557 Uxor.
2591 4504 2630 4565 1,
2663 4502 2709 4553 1.
3214 4516 3215 4521 ’

724 4568 822 4631 log.
859 4571 1070 4635 cap.11.
1151 4572 1234 4623 Sic
1268 4575 1444 4624 iterum
1480 4576 1605 4625 intra
1642 4589 1749 4640 cap.
1758 4523 1845 4625 ρ1’“1
2018 4572 2067 4622 d.
2105 4569 2407 4639 huiusmodi]
2450 4572 2527 4624 ct.
2560 4572 2727 4623 anot.
2778 4572 2841 4624 ad
2880 4572 2965 4627 D·
2997 4572 3103 4625 8·-

721 4637 960 4697 „Ioennes
995 4641 1145 4707 aliqui
1180 4640 1358 4694 Christi
1393 4642 1604 4707 spadost‘
1948 4640 2130 4706 ptismo
2168 4655 2274 4705 cap.
2309 4641 2389 4692 12.
