3263 5311
2467 425 2594 493 373

233 595 492 652 tenere⁸¹
533 585 839 669 protexit?
923 589 1030 651 Est
1083 599 1144 652 et
1196 591 1506 653 Sanctus¹²²
1569 602 1819 672 propter
1861 592 2319 673 hospitalitatem
2364 613 2396 656 a
2451 611 2594 675 rege

236 691 434 753 Plotio
480 692 680 752 sanum
724 701 1111 753 consecutus:
1157 692 1455 772 potuit.et
1483 691 1682 755 Vlixes
1726 694 1802 755 de
1829 693 2267 758 humanissimo
2292 695 2594 758 “Alcinoo

232 811 423 855 unum
467 790 719 870 amplius
762 790 941 854 deum
984 792 1151 856 vobis
1195 794 1538 857 contulisse.

409 892 499 954 Ad
541 892 803 954 foediora
848 893 1086 955 festino.
1185 893 1320 956 Non
1362 895 1574 976 puduit
1614 903 1890 957 auctores
1934 906 2168 959 vesu-os
2211 898 2285 959 de
2328 898 2589 960 ¹Laren-
2626 921 2734 978 cap.
2755 918 2810 966 Χ.

228 998 371 1057 tiata
412 992 605 1072 palam
647 995 895 1055 facerem
983 994 1255 1057 Scortum
1299 996 1446 1058 haec
1485 996 1892 1059 ’meritorium
1934 997 2074 1070 ruit,
2122 998 2248 1059 sive
2289 998 2432 1060 dum
2461 999 2589 1061 Ro-

230 1095 386 1157 muli
428 1094 665 1155 ’nutrix
708 1105 768 1157 et
808 1095 945 1156 ideo
990 1096 1126 1176 lupa
1170 1097 1303 1177 quia
1349 1105 1647 1171 scortum,
1712 1098 1839 1160 sive
1893 1098 2034 1160 dum
2078 1098 2349 1162 Herculis
2406 1101 2591 1163 amica

230 1207 367 1271 est,
410 1197 505 1258 *et
546 1195 661 1257 iam
702 1197 923 1258 mortui
953 1197 1258 1271 Herculis,
1304 1198 1365 1260 id
1409 1207 1504 1260 est
1545 1199 1664 1260 iam
1705 1198 1822 1260 dei.
1889 1197 2035 1262 Nam
2065 1201 2261 1262 serunt
2289 1200 2590 1264 aedituum

230 1298 413 1360 eiusb
458 1297 654 1358 solum
697 1298 854 1359 forte
896 1299 991 1359 ‘in
1032 1299 1178 1386 aede
1220 1299 1458 1362 calmlis
1500 1300 1835 1362 “ludentem
1887 1310 1954 1364 ut
1996 1300 2109 1362 sibi
2153 1301 2588 1378 'conlusorem

226 1415 415 1480 quem
459 1417 583 1460 non
626 1398 905 1472 habebat,
951 1410 1455 1481 repraesentaret,
1502 1419 1616 1463 una
1660 1419 1839 1463 manu
1869 1399 2140 1463 Herculis
2171 1401 2431 1478 nomine,
2477 1403 2587 1465 alia

232 1519 313 1560 ex
356 1519 463 1561 sua
504 1517 761 1579 persona
805 1499 1004 1562 lusum
1049 1502 1267 1574 inisse,
1316 1503 1366 1564 si
1411 1502 1541 1583 ipse
1584 1502 1858 1575 vicisset,
1925 1504 2231 1565 coenulam
2275 1503 2373 1566 ‘et
2414 1523 2585 1568 seor-

232 1600 427 1664 tulum
473 1619 543 1662 ex
586 1599 875 1681 ⁹stipibus
922 1602 1189 1665 Herculis
1235 1612 1527 1676 sumeret,
1576 1604 1627 1664 si
1673 1621 1815 1665 vero
1854 1603 2170 1678 Hercules,
2216 1604 2275 1666 id
2320 1614 2415 1668 est
2455 1625 2588 1668 ma-

226 1721 357 1764 nus
402 1701 668 1775 ¹⁰altera,
726 1702 931 1764 eadem
992 1704 1226 1766 Herculi
1282 1704 1606 1768 exhiberet.
1694 1704 1844 1766 Vicit
1886 1723 2096 1767 manus
2140 1705 2433 1768 Herculis.
2521 1706 2590 1768 Id

226 1821 475 1884 quoque
519 1803 557 1835 ¹¹
573 1803 766 1882 potuit
820 1804 1132 1867 duodecim
1190 1806 1373 1867 titulis
1432 1806 1558 1867 eius
1615 1805 1891 1868 adscribi.
1999 1806 2286 1869 Aedituus
2342 1826 2589 1869 coenam

229 1904 469 1966 Herculi
496 1903 862 1984 ¹²dependit,
895 1919 1167 1970 scortum
1200 1908 1577 1970 Larentinam
1606 1907 1911 1980 conducit;
1956 1916 2165 1970 coenat
2193 1908 2385 1988 ignis,
2431 1908 2588 1989 ”qui

234 2006 415 2068 solvit
456 2005 647 2086 ipsioe
676 2005 953 2068 Herculis
1003 2008 1341 2092 ¹⁴corpus·,
1387 2022 1446 2074 et
1489 2009 1684 2070 omnia
1728 2026 1827 2070 ara
1873 2010 2265 2088 consumpsit.
2355 2008 2588 2071 Laren'-

230 2107 361 2169 tina
401 2107 463 2169 in
506 2107 653 2169 aede
698 2107 826 2168 sola
870 2108 910 2140 ¹⁵
925 2108 1144 2169 dormit
1198 2121 1255 2171 et
1309 2107 1532 2171 mulier
1587 2108 1661 2171 de
1705 2107 1994 2170 ¹“lenonio
2052 2109 2192 2171 ludo
2248 2109 2467 2172 iactitat
2521 2129 2594 2172 se

236 2209 489 2270 somniis
532 2208 575 2240 ¹¹¹
585 2207 824 2270 Herculi
868 2208 1184 2282 iunctam‘,
1246 2218 1306 2270 et
1350 2209 1629 2288 ‘'potuit,
1691 2210 1831 2272 dum
1886 2210 2086 2272 animo'
2136 2210 2586 2290 contemplatur,

186 2311 197 2321 '
236 2310 477 2370 somnio
530 2308 672 2389 pati.
781 2309 923 2371 Eam
979 2310 1053 2371 de
1096 2310 1241 2372 aede
1285 2309 1813 2389 ¹⁹progredientem
1868 2329 2041 2372 mane
2095 2311 2289 2392 primo
2349 2310 2590 2391 quidam

235 2409 669 2482 ”adulescens,
719 2411 927 2472 tertius
972 2410 1128 2490 quod
1174 2411 1338 2473 aiunt
1370 2410 1713 2484 Hercules·,
1759 2411 2155 2492 concupiscit,
2203 2413 2273 2474 ad
2315 2413 2441 2474 ²¹se
2484 2417 2584 2474 in-

1078 441 1150 483 AB
1196 440 1491 484 Nationes
1536 441 1650 485 mu.
1683 440 1747 484 Π.

234 2563 325 2613 45.
362 2562 542 2611 Alcinio
578 2563 661 2612 Aa.

375 2631 491 2696 Cap.
528 2629 582 2680 Χ.
657 2629 704 2681 1.
738 2630 994 2681 Larentina
1032 2633 1113 2695 by.
1183 2630 1375 2682 Laren..
1378 2646 1428 2682 ‚a
1465 2628 2030 2698 Aq2.1.aren...,.Asa
2120 2631 2168 2682 2.
2207 2631 2503 2682 meritorium
2542 2634 2589 2683 b.

234 2701 519 2749 meritorum
554 2701 637 2748 Aa.
740 2698 785 2747 3.
826 2700 978 2748 nutrix
1018 2707 1065 2749 et
1101 2700 1207 2748 ideo
1244 2702 1318 2749 ab
1391 2701 1589 2750 nutrix..
1592 2714 1693 2749 ..eo
1728 2697 1840 2764 Αφ.
1865 2708 1907 2751 et
1927 2697 2025 2761 Αβ
2128 2700 2174 2749 4.
2212 2700 2356 2750 etiam
2393 2716 2440 2749 a.
2538 2699 2586 2748 5.

234 2771 287 2815 in
323 2768 441 2816 aede
478 2766 677 2815 calculis
714 2768 795 2828 by.
866 2768 911 2814 iu
950 2782 1005 2814 ae
1042 2767 1239 2816 calculis
1273 2768 1353 2817 Aa.
1460 2767 1506 2816 6.
1546 2767 1791 2817 ludentem
1827 2770 1901 2817 ab.
1993 2767 2081 2816 Ιιι..
2098 2775 2225 2816 ntem
2262 2764 2372 2831 Αφ.
2409 2772 2452 2816 et
2485 2762 2587 2828 Ap.

234 2834 290 2882 7.
326 2834 633 2883 conlusorem
671 2836 713 2883 b.
754 2835 1072 2897 Gothori-edus.
1180 2835 1513 2883 conclusorem
1550 2836 1633 2884 Aa.
1739 2833 1786 2882 8.
1826 2842 1874 2882 et
1906 2834 2173 2882 scortulum
2209 2829 2306 2895 Αβ.
2334 2840 2376 2882 et
2403 2829 2588 2897 Αφὸγ.

246 2908 341 2949 et..
344 2900 547 2948 stolum
583 2918 625 2950 a.
711 2901 758 2950 9.
797 2902 1003 2964 stipibus
1040 2917 1139 2963 eqo.
1210 2902 1452 2974 stipitibus
1469 2902 1581 2951 Aah.
1668 2899 1747 2950 10.
1785 2900 1935 2949 altera
1955 2898 2126 2964 Aqob.
2198 2914 2222 2948 a
2240 2937 2305 2948 .....
2324 2897 2422 2961 Αβ.
2507 2898 2587 2949 11.

240 2968 404 3032 potuit
436 2966 680 3017 duodecim
720 2971 791 3019 ab.
864 2971 1071 3032 potnit...
1074 2970 1223 3018 .ecim
1259 2961 1367 3029 Αβ.
1391 2976 1433 3017 et
1460 2968 1580 3032 Αφ.
1706 2956 1784 3017 12.
1823 2967 2081 3031 dependit,
2116 2976 2329 3029 scortum
2365 2964 2588 3031 (Aqoby.

238 3034 531 3099 dependit.
534 3050 627 3083 ..m
658 3033 787 3102 Apa.
884 3036 959 3085 ¹3.
998 3036 1079 3100 qui
1115 3035 1257 3086 solvit
1292 3052 1389 3098 eqo.
1461 3036 1542 3099 qui
1579 3035 1654 3085 sol
1695 3042 1740 3084 et
1773 3035 1884 3084 Aah.
1954 3036 2063 3099 quia
2083 3035 2166 3083 Sol
2199 3034 2587 3098 etGolhosredus.

244 3102 324 3152 14.
366 3116 561 3166 corpus,
597 3111 641 3153 et
675 3104 835 3155 omnia
872 3120 969 3168 τρο.
1051 3118 1230 3153 comes.
1282 3103 1453 3151 Omnia
1488 3116 1540 3167 y.
1627 3117 1684 3151 co
1702 3138 1794 3151 ......
1814 3102 1939 3151 mnia
1976 3102 2085 3153 Aah.
2197 3102 2272 3151 15.
2311 3102 2505 3161 dormit,
2543 3109 2592 3150 et

232 3169 417 3221 mulier
451 3186 548 3233 eyo.
618 3170 811 3231 dormit,
849 3171 1023 3221 mulier
1057 3185 1110 3235 γ.
1179 3171 1397 3221 dormit..
1402 3207 1465 3219 .....
1494 3172 1604 3220 Aah.
1713 3168 1792 3219 16.
1833 3169 2022 3219 lenonis
2059 3187 2119 3229 o.,
2161 3171 2243 3219 sed
2280 3184 2398 3219 corr.
2425 3170 2475 3218 in
2491 3138 2585 3218 ’Er-

232 3241 372 3288 ratis.
460 3238 537 3287 17.
576 3239 798 3289 Herculis
831 3241 911 3289 Aa.
1005 3237 1080 3288 18.
1118 3239 1291 3302 potuit,
1328 3238 1441 3286 dnm
1478 3238 1639 3287 animo
1678 3239 1760 3302 by.
1830 3252 1893 3302 po
1911 3274 2003 3288 .......
2020 3237 2180 3287 animo
2198 3239 2279 3287 Aa.
2355 3235 2432 3287 19.
2468 3250 2587 3300 pro-

226 3306 536 3368 gredientem
570 3303 751 3371 Αᾳὸγ.
834 3306 1145 3371 progredi.....
1180 3304 1307 3367 Αβα.
1415 3305 1498 3355 20.
1549 3305 1838 3355 adulescens
1871 3307 1952 3356 Aa.
2033 3305 2319 3355 adolescens
2357 3307 2399 3355 b.
2505 3303 2590 3354 21.

230 3389 290 3422 se
329 3375 506 3425 invitat.
557 3372 643 3423 ΙΙΙ·
681 3374 988 3437 obsequitur,
1028 3387 1212 3423 mernor
1248 3374 1503 3423 commodo
1542 3373 1647 3421 lore
1684 3373 1729 3422 id
1767 3389 1866 3437 09⁰·
1953 3388 2007 3422 se
2042 3373 2329 3437 compellat:
2367 3371 2590 3421 Larentia

230 3442 540 3505 obsequitur,
576 3454 752 3505 nempe
790 3442 835 3490 id
872 3456 924 3506 γ.
995 3455 1047 3490 se
1062 3477 1470 3491 .........................
1485 3441 1534 3490 id
1566 3442 1680 3491 Aah.

306 3584 369 3624 ιι.
404 3571 594 3637 tenere]
630 3575 757 3625 Nos:
795 3576 880 3624 aur
911 3584 1038 3625 zarte
1070 3576 1228 3625 weise.

306 3657 375 3691 a.
411 3639 644 3708 Sanetus]
681 3642 749 3693 De
772 3643 930 3693 Sanco
967 3643 1036 3692 vel
1062 3644 1239 3692 Sancto
1277 3643 1361 3702 (ci.

230 3711 489 3771 augustin.
548 3709 607 3759 de
661 3710 759 3760 Civ.
815 3710 899 3760 Dei
951 3710 1110 3760 xviii.
1162 3709 1261 3769 19.)
1319 3726 1359 3759 v.

236 3776 379 3826 ovid.
412 3776 539 3827 Fast.
577 3777 649 3839 Vl,
686 3775 718 3826 2
815 3792 921 3843 sqq.
976 3773 1068 3827 Li'v.
1119 3778 1239 3838 Vlll,
1276 3776 1358 3826 20.

236 3842 421 3901 xxxii,
461 3844 503 3893 1.
540 3845 627 3894 Sil.
669 3845 733 3895 lta
759 3883 771 3893 .
810 3845 928 3903 vttt,
964 3844 1063 3894 422
1084 3860 1191 3908 sqq.
1241 3844 1360 3893 Pro-

232 3920 367 3974 pert-
402 3911 487 3971 w,
524 3912 573 3972 9,
611 3911 671 3961 71
697 3927 806 3976 sqq.
855 3912 1009 3961 Orelli
1044 3912 1168 3963 Coll.
1205 3912 1361 3976 Ampl-

228 3978 393 4028 {nscn
449 3979 547 4028 Lat.
601 3980 693 4029 vol.
731 3980 769 4038 1,
804 3993 854 4043 p.
892 3979 1009 4030 302.
1062 3995 1107 4029 ιι.
1150 3979 1275 4030 1547
1315 3986 1365 4029 et

243 4044 395 4096 1548.
442 4045 618 4096 Merkel
669 4047 888 4109 Prolegg.
939 4047 997 4096 ad
1046 4046 1179 4097 Ovid.
1231 4048 1359 4096 Fast.

168 4124 189 4145 ⁸
235 4128 288 4178 p.
327 4112 463 4164 CCIX
487 4129 563 4177 sq.
630 4114 845 4177 Hartung
878 4115 1028 4176 Relig.
1065 4115 1153 4164 der
1187 4115 1365 4164 Romer

230 4189 356 4232 tom.
403 4181 475 4242 ll,
524 4197 574 4245 p.
609 4181 693 4232 44.
748 4181 817 4232 De
870 4197 983 4244 rega
1030 4182 1185 4232 Plotio
1241 4189 1365 4232 tacet

234 4262 489 4300 memoria.

303 4316 421 4381 Cap.
458 4316 517 4377 Σ.
554 4331 599 4365 a.
637 4315 798 4380 palam
834 4313 1037 4382 tacere]
1073 4316 1155 4366 Sic
1190 4318 1363 4366 iterum

232 4384 361 4434 inl'ra
398 4382 615 4449 cap.13
670 4384 774 4444 „De
810 4398 908 4448 quo
944 4385 1131 4448 poetica
1178 4384 1250 4434 sic
1288 4384 1362 4433 lu-

228 4452 418 4514 sitavit,
478 4452 761 4540 quomodo,
811 4453 1005 4516 quando
1057 4452 1117 4501 de
1170 4452 1363 4515 fugitivo

218 4522 383 4585 felem
419 4527 491 4572 est
528 4517 744 4583 ractm“
778 4528 888 4570 cett.

293 4590 342 4640 b.
379 4589 513 4642 Nan
548 4588 714 4641 lerunt
747 4587 990 4637 aedituum
1027 4581 1156 4651 aius]
1207 4586 1366 4636 Fabu-

220 4656 320 4709 lam
388 4662 603 4709 narrant
662 4650 871 4705 Bacrob.
927 4656 1125 4705 Saturn-
1183 4653 1234 4715 1,
1286 4652 1368 4703 to.

1465 3574 1587 3625 Plut.
1638 3576 1853 3635 Quaestt.
1904 3574 2039 3623 Rom.
2094 3573 2174 3624 35.
2226 3574 2471 3636 Angustia.
2522 3573 2583 3624 de

1464 3643 1559 3692 Cir.
1599 3642 1687 3691 Dei
1724 3643 1798 3702 Vl,
1834 3642 1883 3691 7.

1532 3725 1575 3760 c.
1612 3711 1693 3774 qui
1729 3709 1871 3759 solvit
1918 3708 2072 3772 ipsius
2110 3708 2329 3757 Herculis
2381 3702 2582 3771 eorpus]

1465 3777 1584 3826 Cum
1621 3791 1791 3839 rogum
1830 3776 2208 3826 conscendisset.
2258 3774 2585 3824 Gotbol'redus

1464 3843 1684 3893 scribens
1717 3845 1828 3907 quio
1846 3844 1991 3892 Solet
2021 3844 2169 3905 ipsius
2190 3841 2403 3890 Herculia
2435 3855 2585 3891 comes

1465 3911 1692 3960 adnotat:
1730 3910 1796 3958 De
1819 3909 2074 3959 comitibus
2097 3910 2298 3958 deorum
2323 3907 2416 3957 iam
2435 3922 2587 3971 supra

1464 3993 1569 4043 cap.
1608 3978 1658 4026 7.
1704 3976 1853 4027 Porro
1890 3983 2055 4026 notum
2094 3989 2148 4023 ex
2183 3974 2425 4025 Macrobio
2462 3989 2588 4039 quo-

1466 4060 1560 4109 que
1608 4048 1800 4095 Saturn.
1839 4044 1889 4105 l,
1941 4040 2024 4092 20.
2073 4042 2328 4093 Herculem
2379 4043 2585 4093 eundem

1466 4128 1573 4164 cum
1614 4112 1745 4162 Sole.

1535 4181 1581 4229 d.
1619 4194 1676 4229 se
1711 4179 1917 4229 somniis
1953 4177 2145 4228 Herculi
2185 4175 2422 4242 functam]
2457 4179 2505 4228 h.
2542 4192 2585 4227 e.

1466 4263 1521 4297 se
1541 4248 1879 4310 morigeratam
1905 4260 2015 4295 esse
2035 4245 2244 4295 Herculi.
2271 4247 2419 4309 Funqi
2445 4245 2591 4296 alicui

1466 4316 1665 4379 proprie
1702 4323 1777 4365 est
1800 4315 2173 4372 accommodari,
2200 4314 2480 4363 satisfacere
2515 4311 2587 4361 vel

1466 4396 1719 4499 iim?
1722 4464 1764 4499 2.
1782 4382 1857 4498 ‘5'
1875 4381 2096 4526 ..4⁹3ae
2146 4395 2251 4444 ‘²¹¹‘
2287 4378 2336 4429 ⁹
2387 4380 2589 4429 ΜΝ

1536 4533 1580 4566 e.
1614 4517 1796 4566 tertius
1825 4515 1954 4579 quod
1991 4516 2125 4564 aiunt
2160 4507 2413 4576 Hercules]
2483 4508 2591 4560 Pri-

1469 4598 1577 4633 mus
1614 4583 1848 4634 Hercules
1902 4590 2005 4632 erat
2050 4595 2157 4630 cun
2213 4593 2309 4644 quo
2363 4578 2455 4627 sibi
2492 4576 2592 4627 visa
2701 4580 2712 4593 ¹

1470 4650 1603 4703 coire
1637 4650 1714 4701 vel
1745 4658 1878 4702 certe
1901 4647 2431 4707 iactitabubarentlua,
2466 4645 2596 4696 alter
