3263 5311
1157 450 1640 496 nomem-lemn.
2463 442 2586 505 15⁸1

236 600 433 663 lovem
474 599 921 663 ⁴'ostendemus
963 607 1085 662 tam
1126 600 1433 663 hominem
1488 620 1665 682 quam
1721 621 1793 665 ex
1847 601 2120 676 homine,
2189 611 2251 666 et
2306 604 2587 687 deinceps

233 710 421 764 totum
464 701 762 781 ⁴⁸⁹generis
806 719 1052 763 examen
1096 709 1217 763 tam
1258 702 1507 764 mortale
1547 722 1724 783 quam
1771 702 2018 765 seminis
2062 705 2156 765 sui
2199 704 2415 784 ”parm

398 803 517 864 ⁸Et
560 803 839 882 quoniam
884 802 1041 864 sicut
1081 801 1251 864 'illos
1294 803 1569 865 homines
1614 802 1807 864 fnisse
1847 821 1971 865 non
2024 803 2291 867 ’audetis
2346 779 2730 887 negat-estenp-
2762 807 2854 860 1¹·t

230 905 306 965 ita
346 913 491 983 post
542 909 800 964 mortem
857 904 1007 965 deos
1066 904 1253 965 factos
1315 903 1663 965 instituistis
1718 903 2098 978 adseverare,
2167 924 2376 968 causas
2432 926 2582 987 quae

231 1005 341 1066 hoc
384 1004 694 1082 exegerint
734 1011 1149 1066 retractemus.
1213 1003 1495 1084 Inprimis
1526 1004 1767 1083 quidem
1809 1022 2060 1066 necesse
2104 1013 2198 1067 est
2241 1008 2581 1071 concedatis

230 1105 399 1166 ⁴esse
443 1104 699 1183 aliquem
745 1103 1153 1167 sublimiorem
1184 1105 1363 1167 deum
1393 1114 1452 1166 et
1478 1105 1812 1184 mancipem
1839 1106 2169 1184 ‘quendam
2202 1107 2526 1172 divinitatis
2538 1123 2581 1185 ⁸,

232 1206 323 1284 qui
368 1223 443 1266 ex
485 1204 832 1267 hominibus
877 1205 1025 1267 deos
1068 1206 1295 1268 fecerit.
1395 1205 1544 1267 Nam
1598 1223 1796 1285 neque
1852 1205 1967 1266 sibi
2022 1206 2104 1268 illi
2150 1226 2386 1271 sumere
2429 1210 2580 1289 ‘po—

232 1308 487 1368 tuissent
528 1305 925 1380 divinitatem,
971 1324 1147 1385 quam
1190 1303 1316 1368 noh
1355 1304 1684 1380 habebant,
1729 1306 1877 1368 'nec
1917 1306 2068 1369 alius
2111 1316 2414 1387 praestare
2449 1329 2581 1374 eam

230 1423 343 1469 non
388 1407 751 1469 habentibus
802 1405 921 1475 nisi
979 1406 1081 1487 qui
1136 1406 1381 1486 proprie
1435 1406 1458 1438 ⁸
1468 1405 1839 1486 possidebat.
1929 1407 2205 1470 Ceterum
2262 1410 2314 1471 si
2367 1410 2580 1473 'nemo

229 1517 384 1570 esset
443 1508 543 1589 qui
600 1507 748 1574 deos
806 1508 1057 1582 faceret,
1130 1508 1351 1569 frustra
1406 1507 1788 1587 praesumitis
1832 1507 1981 1570 deos
2025 1509 2212 1571 factos
2257 1510 2579 1574 auferendo

228 1610 527 1670 factorem.
635 1607 810 1669 Certe
863 1606 1100 1688 quidem
1156 1607 1208 1669 si
1263 1606 1381 1686 ipsi
1438 1626 1506 1669 se
1572 1609 1765 1669 facere
1830 1610 2203 1689 potuissent,
2275 1629 2578 1691 nunquam
2655 1629 2666 1638 ·

233 1710 504 1772 homines
547 1708 833 1784 fuissent,
877 1708 1266 1799 possidentes
1312 1707 1590 1770 ¹⁰scillcet
1646 1708 2015 1771 condicionis
2073 1709 2340 1771 melioris
2398 1720 2576 1790 pote-

232 1818 453 1872 statem.
542 1810 731 1890 Igitur
775 1809 828 1870 si
871 1816 967 1872 est
1008 1810 1110 1889 qui
1153 1810 1327 1871 saciat
1368 1809 1546 1882 deos,
1610 1817 1880 1871 revertor
1923 1810 2048 1873 ¹¹ad
2096 1830 2303 1873 causas
2350 1813 2576 1874 exami-

231 1912 443 1973 nandas
492 1909 895 1973 faciendorum
940 1928 1031 1978 er-
1052 1908 1397 1972 hominibus
1445 1911 1696 1972 deorum
1712 1929 1743 1984 ,‘
1761 1905 1900 1994 'neq
1913 1910 2063 1972 ullas
2094 1911 2355 1987 invenio,
2401 1913 2576 1976 ¹²nisi

235 2013 280 2072 si
317 2011 649 2074 ministeria
695 2020 757 2073 et
798 2010 1012 2073 auxilia
1056 2011 1271 2074 officiis
1317 2012 1536 2073 divinis
1580 2011 1939 2074 desideravit
1979 2012 2076 2074 ille
2120 2031 2370 2092 magnus
2401 2013 2574 2076 deus.

235 2113 415 2175 Primo
464 2101 773 2192 indignum
818 2120 945 2185 est,
990 2119 1057 2174 ut
1099 2111 1348 2175 alicuius
1394 2131 1578 2192 opera
1606 2112 1930 2192 indigeret,
1977 2122 2037 2174 et
2065 2112 2305 2193 quidem
2333 2116 2575 2189 mortni,

235 2233 353 2275 eum
406 2214 646 2294 dignius
706 2213 779 2274 ab
834 2212 1004 2274 initio
1063 2211 1294 2275 ¹’deum
1349 2212 1605 2293 aliquem
1660 2214 1903 2275 fecisset
1957 2214 2059 2294 qui
2117 2214 2335 2277 mortui
2393 2215 2577 2278 ¹statut

235 2333 455 2395 operam
525 2313 993 2376 desideraturus.
1102 2314 1224 2376 Sed
1284 2332 1397 2376 nec
1451 2314 1723 2395 ¹⁸operae
1784 2315 1983 2377 locum
2049 2316 2243 2378 video.
2358 2316 2575 2379 Totum

235 2417 379 2477 enim
417 2418 536 2477 hoc
576 2414 781 2494 mundi
827 2432 1046 2493 corpus
1091 2414 1217 2477 sive
1259 2415 1523 2477 innatum
1570 2425 1631 2477 et
1675 2415 2052 2478 ¹⁶infectum¹>
2097 2417 2572 2497 secundum-Py-

237 2516 558 2596 thagoram,
606 2517 733 2577 sive
778 2515 1035 2577 ¹⁷natum
1079 2516 1369 2578 factumve
1400 2517 1736 2596 secundum⁴
1757 2517 2093 2591 Platonem,
2141 2518 2328 2580 semel
2371 2518 2574 2597 utique

239 2617 350 2679 ¹'in
388 2619 499 2681 ista
540 2616 989 2680 constructione
1033 2616 1394 2699 dispositum
1450 2626 1511 2680 et
1552 2619 1910 2681 instructum
1956 2627 2016 2680 et
2058 2619 2396 2682 ordinatum
2440 2607 2573 2682 cum

240 2768 321 2819 48.
355 2768 638 2821 ostendimus
675 2772 749 2821 cd.
889 2769 972 2821 49.
1009 2772 1201 2832 generis
1236 2771 1391 2836 ipsius
1426 2766 1472 2820 λ.
1613 2771 1695 2820 50.
1734 2785 1824 2835 par
1859 2780 1947 2821 est.
1996 2772 2150 2823 DEab.
2247 2779 2387 2835 paret
2421 2773 2470 2822 Ε.
2512 2788 2572 2822 m.

243 2851 331 2885 see.
370 2846 409 2886 et
446 2838 626 2888 vindob.
753 2846 892 2902 pater
937 2839 1039 2895 (aut
1077 2847 1217 2904 pater
1250 2839 1360 2901 est.)
1407 2839 1637 2890 Hem-sius
1677 2839 1784 2887 Crie.
1819 2839 1986 2889 Amob.
2018 2855 2068 2904 p.
2096 2838 2211 2888 227.
2268 2846 2312 2889 et
2353 2839 2575 2903 Wopkens

241 2903 367 2954 uiso.
406 2904 578 2956 observ.
619 2914 723 2955 tom.
758 2905 810 2965 Χ,
848 2921 897 2970 p.
920 2903 1002 2954 38.

374 2971 488 3034 Cap.
523 2971 595 3020 xl.
666 2972 711 3020 1.
742 2971 833 3021 Sed
870 2972 1099 3036 qnoniam
1135 2967 1180 3022 λ.
1321 2971 1370 3022 2.
1407 2972 1520 3021 illos
1558 2986 1648 3020 om.
1684 2986 1779 3021 ace.
1897 2970 1943 3020 3.
1983 2970 2170 3020 debetis
2204 2973 2257 3022 F.
2376 2968 2424 3021 4.
2462 2984 2572 3020 esse

238 3052 327 3088 om.
360 3038 409 3087 F.
482 3038 743 3088 Vocaaulu
774 3040 987 3102 aliquem
1025 3042 1319 3090 desideratur
1352 3042 1403 3089 in
1439 3041 1515 3089 ed.
1550 3039 1743 3088 Boane.
1883 3039 1931 3087 5.
1982 3038 2176 3101 quidem
2215 3039 2294 3088 Ga.
2335 3038 2568 3089 Gor-tiens.

231 3105 278 3155 6.
312 3107 577 3169 potuissent
607 3118 798 3157 sumere
834 3107 1055 3171 [lebedos.
1137 3121 1333 3157 sumere
1368 3107 1653 3156 debuissent
1689 3105 1741 3153 G.
1879 3104 1926 3153 ¹1.
1967 3120 2056 3153 nec
2092 3105 2200 3155 aliie
2237 3105 2383 3155 EGac.
2523 3105 2572 3157 8.

226 3173 531 3237 possidebant
565 3189 633 3225 ac.
735 3174 784 3224 9.
820 3187 965 3223 nemo
1003 3181 1078 3224 est
1109 3169 1152 3223 λ.
1263 3174 1342 3225 to.
1380 3174 1565 3224 scilicet
1600 3171 1900 3221 condicionis
1937 3172 2156 3222 melioris
2189 3160 2354 3223 ABFG.
2380 3172 2572 3224 Vindob.

228 3240 400 3291 scilicet
435 3242 650 3291 melioris
688 3241 989 3292 conditionis
1025 3242 1284 3306 DBobcdes.
1354 3241 1544 3291 scilieet
1578 3239 1707 3303 apud
1743 3254 1797 3288 se
1834 3238 2052 3289 melioris
2086 3234 2131 3289 λ.
2169 3241 2360 3289 flavere.
2491 3239 2573 3290 11.

227 3309 280 3357 ad
314 3310 649 3358 examinandas
682 3309 897 3359 rationes
934 3309 1267 3359 faciendorum
1315 3308 1519 3359 deornm
1548 3322 1622 3357 -ex
1662 3306 1937 3356 hominibus
1971 3308 2023 3357 F.
2178 3306 2258 3357 12.
2295 3306 2387 3356 nisi
2425 3306 2572 3357 mini-

225 3377 357 3424 steria
390 3378 442 3426 Ε.
512 3377 609 3426 nisi
647 3377 691 3425 si
728 3377 953 3439 mysteria
989 3393 1028 3428 ο.
1142 3375 1219 3426 13.
1255 3377 1376 3426 deas
1411 3377 1496 3426 Da.
1604 3375 1684 3424 14.
1723 3388 1922 3439 operam
1962 3381 2064 3423 erat
2097 3376 2152 3424 F.
2259 3373 2335 3422 15.
2375 3370 2594 3438 operae.'

222 3444 460 3508 ABGbedel.
486 3445 936 3495 &inoffici-tiens.
990 3445 1128 3507 operi
1148 3445 1233 3494 Da.
1256 3445 1404 3494 oxon.
1458 3442 1623 3506 operis
1645 3444 1694 3491 F.
1770 3442 1850 3491 16.
1870 3442 2097 3491 infactum
2121 3442 2235 3492 Dae.
2311 3442 2569 3492 17.natnm

225 3507 462 3562 et‘factnm
498 3513 731 3575 Decedet.
814 3510 895 3562 18.
932 3513 981 3561 in
1019 3512 1110 3561 hac
1145 3512 1504 3561 constructione
1539 3511 1675 3561 obed.
1744 3510 1792 3559 in
1832 3509 1936 3574 ipsa
1972 3510 2289 3573 conceptione
2323 3504 2572 3561 λ-Πονονσ.

220 3641 1340 3766 4:13.³5:⁵³..32'32‘fflnffi1553t3222022'3
1434 3643 2572 3775 {?ss:?·.÷.{.iz.'⁹¹:21⁵:5ss25‘223ffl‘s'2¹21

216 3795 291 3844 pm·
319 3784 374 3832 el'.
410 3783 614 3847 Apolog.
664 3794 770 3844 cop.
808 3781 867 3831 11
920 3783 1129 3842 „hom
1174 3789 1336 3831 antem
1438 3778 1763 3830 Tertullianus
1801 3778 1927 3828 libro
1965 3780 2026 3828 de
2049 3778 2326 3827 ldololatria
2348 3773 2476 3841 [cap.
2497 3773 2570 3841 1.]

211 3862 331 3911 pares
363 3851 481 3906 deus
515 3851 605 3900 ille
642 3850 905 3898 maiestatis
938 3863 1057 3898 suae
1089 3850 1335 3899 consortio
1437 3845 1554 3897 dixit
1584 3848 1818 3909 mancipes
1852 3847 2114 3896 idolorum.
2135 3845 2347 3907 (Rigalt.)
2392 3844 2444 3893 V.
2483 3844 2571 3895 ad-

214 3916 439 3968 adseivit.“
527 3918 600 3967 De
636 3915 866 3980 Spectac.
903 3930 1008 3980 cap.
1051 3915 1113 3967 19
1169 3916 1335 3980 „quod
1439 3921 1540 3964 not.
1577 3914 1636 3962 ad
1672 3912 1740 3962 De
1778 3912 1950 3962 ldolol.
1991 3927 2094 3975 cap.
2138 3911 2180 3961 1.

214 3981 341 4035 homo
369 4001 457 4051 par
491 3988 599 4036 eius
654 3990 755 4033 tam
804 3997 988 4034 nocens
1039 3985 1195 4033 factos
1243 3991 1335 4044 est,
1505 3980 1554 4029 h.
1604 3980 1704 4028 sive
1739 3979 1957 4029 innatum
1985 3989 2034 4029 et
2053 3974 2309 4043 infectum]
2344 3978 2413 4029 De
2435 3978 2572 4029 hisce

210 4057 373 4102 uttam
408 4053 688 4104 crudeliter
719 4050 1080 4115 impendatur-‚⁴⁶
1130 4050 1206 4099 -De
1241 4051 1334 4100 Pa·
1438 4048 1844 4113 philosophorum
1907 4046 2098 4110 placitis
2161 4062 2202 4094 v.
2264 4047 2364 4097 Cic.
2423 4047 2568 4097 Tusc-

210 4117 355 4169 tientia
389 4121 580 4186 cap.15
619 4119 795 4184 „quod
818 4119 924 4183 ipsa
948 4118 1198 4169 diversitas
1220 4117 1335 4168 mali
1438 4116 1481 4176 1,
1514 4114 1598 4176 28,
1636 4115 1722 4164 70.
1776 4115 1940 4164 Acad.‘
1958 4114 2019 4171 11,
2057 4112 2139 4171 37,
2180 4111 2293 4164 118.
2356 4113 2423 4163 De
2458 4114 2566 4163 Nat.

209 4193 250 4235 et
280 4187 386 4239 boni
422 4188 705 4255 aequaliter
726 4188 1168 4251 monandinispoe
1202 4183 1333 4235 est-‘⁸
1436 4182 1580 4233 Deor.
1619 4182 1657 4241 l,
1695 4180 1743 4231 8.
1790 4181 1851 4241 ll,
1888 4180 1969 4231 33.
2009 4181 2093 4241 111,
2133 4179 2212 4230 13.
2285 4181 2405 4230 Plat.
2443 4180 2569 4230 Tim.

210 4252 272 4303 ct.
316 4257 411 4307 Cic.
460 4258 559 4307 Pis.
615 4267 729 4317 cap.
766 4251 816 4303 4.
897 4253 1099 4304 Phaedr.
1139 4253 1213 4315 tv,
1251 4252 1332 4303 15.
1473 4249 1585 4300 .28.
1624 4249 1677 4299 Β.
1713 4249 1852 4312 Diog.
1886 4249 2045 4299 Laert.
2081 4248 2166 4309 nt,
2184 4248 2320 4309 41‚·1
2331 4248 2374 4298 1.
2427 4247 2569 4313 Apul.

204 4318 365 4372 Lucan.
401 4320 729 4382 ἥκωσι-Χ,
765 4318 883 4370 382.
1479 4334 1504 4368 e
1553 4317 1723 4380 Dogm.
1762 4318 1879 4367 Plat.
1929 4316 1980 4379 1,
2019 4315 2065 4366 8.
2166 4316 2346 4366 Enseb.
2395 4315 2515 4365 Prae
2552 4349 2567 4364 .

263 4390 371 4456 Cap.
406 4392 487 4442 ΙΙ.
564 4406 612 4440 a.
672 4397 724 4439 et
768 4388 1040 4453 mancipem
1090 4387 1331 4453 quendam
1435 4385 1610 4447 Evang.
1649 4383 1751 4449 l,8.
1800 4385 1986 4435 Tatian.
2023 4383 2090 4433 Ad
2111 4384 2324 4435 Graecos
2361 4396 2466 4446 cap.
2481 4330 2570 4431 42.

204 4454 465 4526 divinitatiq
529 4455 691 4518 Quasi
742 4456 1041 4518 magnarium
1093 4455 1334 4521 quendam
1434 4451 1673 4517 wyttenb.
1721 4453 1770 4502 in
1807 4452 1993 4502 comm.
2033 4452 2093 4500 de
2129 4451 2310 4501 Placito
2350 4451 2569 4500 Immort-

205 4521 441 4578 divinitatie
478 4525 866 4588 negotiatorem.
917 4522 1160 4588 naucipee
1182 4523 1334 4573 Asco-
1435 4521 1566 4581 (ante
1587 4520 1709 4570 Plat.
1729 4517 1925 4577 Phaed.)
1961 4534 2009 4583 p.
2023 4518 2183 4577 XXH„
2220 4526 2268 4568 et
2298 4532 2421 4580 qnae
2447 4529 2570 4565 con-

206 4591 297 4642 nius
331 4592 402 4658 [in
439 4595 603 4645 Divin.
643 4592 780 4641 Verr.
818 4606 924 4655 cap.
953 4587 1057 4654 to]
1091 4591 1334 4655 interpr-e·
1435 4595 1689 4651 gesserunt
1720 4588 2008 4650 interpretes
2029 4586 2086 4635 ad
2109 4584 2216 4634 Min.
2237 4585 2382 4634 Felic-
2406 4583 2570 4632 Octar.

205 4663 315 4711 utar
358 4663 617 4728 principes
676 4658 1082 4724 publicanorum,
1137 4659 1331 4710 redem-
1408 4660 1541 4721 ’σιμ
1562 4654 1648 4707 34.
1685 4662 1732 4707 et
1762 4654 1944 4706 Arnob.
1977 4654 2093 4705 Δάν.
2127 4652 2254 4703 Natt-
2290 4650 2355 4714 11,
2389 4647 2472 4700 56.

2847 773 2854 804 1
