3263 5311
396 1039 505 1099 Cap.
528 1041 618 1086 ΧΠ.

600 2385 601 2388 ,
652 2344 796 2392 tibus.

660 439 788 507 378

656 609 698 643 ⁸¹
717 610 1016 682 ordinata,
1063 608 1167 669 sed
1211 618 1387 682 sunt,
1424 606 1593 686 prola
1636 603 1860 685 pudor!
1907 615 1968 667 et
1995 606 2273 669 Mutunus
2305 613 2366 667 et
2395 605 2711 667 Tutunus·
2752 613 2814 667 et
2838 606 3022 669 ³²dea
3085 679 3090 683 ⁴

654 710 991 773 Pertunda*
1034 715 1095 770 et
1136 707 1392 787 Subigus
1436 714 1498 768 et
1535 706 1807 768 ”Prema
1852 707 1962 769 dea
2005 718 2062 769 et
2093 692 2408 787 Pei-'sicat
2473 706 2706 768 Parcite
2749 707 2843 769 dei
2884 707 3022 769 im-

655 808 978 893 pudentes!
1063 808 1503 871 ⁸⁴Luctantibus
1550 806 1794 886 sponsis
1839 825 2017 868 nemo
2060 805 2457 870 “intervenih
2541 807 2703 888 Ipsi,
2751 826 3022 888 quorum

654 923 858 975 votum
900 919 1027 984 est,
1072 910 1223 971 foris
1268 909 1592 989 gaudentes
1637 907 2060 971 erubescunt&

825 1013 901 1074 Et
944 1013 1233 1091 ¹quonam
1277 1028 1471 1089 usque
1498 1009 1682 1070 'deos
1728 993 1932 1078 edam}
1971 1010 2110 1090 quia
2153 1009 2574 1072 disserendum
2611 1010 2816 1090 quales
2853 1011 3020 1073 deos

652 1111 1051 1194 receperitis?
1139 1112 1436 1184 Quantum
1502 1110 1675 1171 vobis
1727 1109 2285 1173 'erubescendumi'
2382 1111 2628 1173 Rideam
2688 1111 3016 1174 vanitatem

650 1234 729 1278 an
772 1214 1126 1296 exprobrem
1171 1213 1510 1274 caecitatem
1554 1219 1650 1272 est
1688 1210 2042 1274 ⁴admodum
2085 1215 2404 1275 incertum.
2475 1212 2621 1276 Nam
2667 1222 2816 1293 quot
2855 1213 3012 1275 deos

653 1326 714 1378 et
757 1335 910 1396 quos
954 1313 1158 1394 utique
1200 1311 1572 1394 producam?
1628 1312 1884 1374 maiores
1929 1331 2005 1374 an
2049 1321 2110 1375 et
2151 1312 2497 1376 ‘'minores?
2554 1322 2779 1376 veteres
2824 1333 2898 1374 an
2941 1325 3014 1376 et

652 1409 1005 1480 οιιονὶόίοειὶῗ
1068 1433 1261 1477 mares
1320 1433 1393 1475 an
1450 1422 1511 1476 et
1564 1412 1867 1475 seminas?
1938 1414 2192 1477 caelibes
2247 1433 2324 1476 an
2379 1424 2440 1477 et
2479 1415 2669 1478 'lecto
2725 1419 3013 1480 mactes?

653 1519 911 1581 artifices
955 1535 1031 1579 an
1075 1524 1136 1577 et
1175 1513 1445 1577 inertes?
1487 1514 1864 1577 rusticos‘an
1910 1523 1973 1576 et
2011 1514 2322 1578 urbanos?
2365 1517 2520 1578 cives
2551 1535 2624 1577 an
2657 1525 2719 1578 et
2743 1516 3008 1595 ''bpere-

650 1617 906 1702 grinos?
991 1617 1110 1678 Tot
1151 1616 1309 1677 enim
1350 1614 1637 1687 familiae,
1706 1624 1795 1678 tot
1836 1617 2110 1679 nationes
2152 1635 2369 1679 census
2423 1618 2580 1679 bona
2621 1618 2772 1679 tide·
2813 1636 3010 1698 quae-

651 1728 826 1794 runt,
870 1726 936 1780 ut
978 1717 1295 1796 dispici·et
1335 1717 1620 1796 distingui
1665 1716 2038 1797 describique
2092 1736 2215 1779 non
2256 1718 2515 1799 possint.
2612 1718 2724 1782 ‘At
2778 1729 3010 1799 quanto

654 1821 871 1884 diffusa
914 1837 1014 1880 res
1060 1827 1189 1892 est,
1242 1826 1407 1880 tanto
1452 1818 1950 1898 ”substringenda
2003 1818 2180 1881 nobis
2237 1819 2411 1886 eritb,
2475 1828 2536 1880 et
2591 1820 2726 1881 ideo
2782 1821 2884 1899 qui
2937 1821 3012 1883 in

654 1922 768 1984 ista
810 1920 1010 2002 specie
1052 1938 1236 1980 unum
1274 1928 1515 1982 tuemur
1555 1920 1934 1999 propositum
1980 1919 2426 1984 demonstrandi
2467 1920 2608 1984 illos
2641 1940 2844 1984 omnes
2875 1921 3010 1982 bo—

652 2022 848 2085 mines
893 2020 1080 2083 fuisse
1124 2022 1270 2097 (non
1300 2020 1539 2100 quidem
1567 2029 1635 2081 ut
1663 2020 2070 2099 cognoscatis,
2113 2039 2250 2082 nam
2293 2021 2462 2101 quasi
2495 2021 2719 2098 ¹⁰obliti
2735 2023 3016 2102 agitisq,

1164 457 1368 507 QUINTI
1413 454 1675 500 SEPTfflU
1717 456 2047 499 nonanus
2094 456 2484 498 Taurunum

654 2207 736 2260 31.
776 2208 1021 2269 ordinata,
1057 2207 1145 2258 sed
1180 2211 1322 2267 sunt}
1362 2208 1484 2271 proh
1522 2209 1682 2272 pudor
1716 2224 1814 2272 eqo.
1896 2206 2131 2258 ordinata.
2186 2208 2313 2258 Proh
2351 2210 2509 2274 pudor
2541 2225 2595 2274 γ.

1655 2275 1872 2325 ordinata
1888 2275 2141 2325 ...........dor
2175 2294 2218 2326 a.
2300 2278 2384 2327 Pro
2421 2279 2614 2327 dotibus
2649 2281 2702 2327 in
2734 2280 2783 2329 A.
2820 2286 2888 2330 est
2925 2281 3012 2330 to*—

904 2341 986 2392 32.
1022 2344 1110 2392 dea
1148 2343 1384 2392 Pertunda
1423 2345 1465 2393 ὁ.
1526 2352 1601 2393 .et
1635 2342 1934 2393 Devertunda
1968 2360 2013 2393 α.
2097 2352 2145 2393 et
2178 2344 2468 2398 devertunde
2505 2345 2622 2411 Αφ.

1072 2410 1154 2461 33.
1192 2411 1361 2460 l’rema
1399 2411 1485 2459 dea
1525 2419 1571 2459 et
1608 2411 1787 2460 Pei-fica
1825 2427 1923 2474 eqo.
2007 2410 2280 2474 premam...
2316 2415 2396 2475 by.
2470 2412 2688 2464 Proemt
2705 2450 2840 2463 .......
2861 2415 3008 2475 Atia.

655 2277 746 2328 dor
778 2272 946 2338 (ΑβΝι.
1033 2276 1318 2326 ordinatam.
1338 2277 1429 2325 dor
1462 2274 1573 2340 Αφ.

654 2407 801 2461 ‘tunde
851 2409 955 2471 Αβ.

2689 2211 2906 2261 ordinata
2921 2249 3012 2263 ......

2709 2355 2756 2396 et
2790 2346 2849 2395 de
2888 2362 3008 2398 uer-

652 2461 899 2543 praetifflt’
937 2474 1048 2541 Αφ.
1139 2478 1324 2527 Prema.
1376 2478 1594 2527 Humano
1635 2478 1807 2542 pudori
1840 2479 2136 2543 Havercamp.
2172 2481 2235 2529 ad
2272 2480 2545 2530 Tertulliani
2575 2482 2766 2546 Apoloy.
2802 2482 3009 2547 cap.35.

650 2562 758 2610 puy.
777 2543 891 2596 302.

997 2544 1078 2595 34.
1117 2544 1406 2595 luctantibus
1442 2548 1483 2594 b.
1524 2545 1846 2608 Gothori-edua.
1928 2546 2227 2610 luptantibus
2261 2549 2344 2597 Aa.

2465 2547 2549 2598 35.
2586 2549 2852 2599 intervenit.
2903 2551 3007 2614 lpsi

653 2628 859 2679 quorum
896 2627 995 2677 eqo.
1066 2612 1345 2663 interveniat
1380 2611 1471 2662 nisi
1506 2627 1712 2678 quorum
1750 2627 1802 2677 γ.
1873 2613 2123 2665 intervenit
2138 2650 2188 2664 ...
2206 2629 2412 2678 quorum
2446 2617 2558 2667 Aah.

790 2681 906 2745 Cap.
944 2681 1042 2732 Xll.
1116 2680 1161 2729 1.
1200 2695 1408 2744 quonam
1440 2682 1821 2745 &Gotholredua
1891 2682 2118 2745 quoniam
2153 2679 2251 2747 (qiu
2278 2681 2396 2747 Αβ.)
2428 2685 2510 2734 Aa.
2582 2682 2628 2734 2.
2666 2683 2785 2734 deos
2820 2683 3011 2736 edam?

650 2765 751 2812 eqo.
822 2749 940 2799 deos
976 2762 1286 2798 recensemus
1321 2763 1377 2812 γ.
1445 2748 1565 2798 deos
1580 2785 1647 2797 .....
1681 2746 1907 2813 ΑφΑβῠ.
1979 2749 2096 2800 deos
2127 2786 2220 2800 .......

2256 2768 2301 2801 a.
2402 2750 2449 2801 3.
2487 2749 2913 2802 erubescendum?
2947 2769 3008 2817 y.

648 2818 1040 2868 erubes.....Aab.
1112 2814 1160 2865 4.
1196 2816 1454 2866 admodum
1476 2812 1728 2866 incertum.
1766 2816 1883 2865 Nam
1920 2819 2002 2880 by.
2072 2817 2333 2867 admodum
2349 2833 2568 2868 .....=.nam
2603 2822 2684 2869 Aa.
2756 2820 2806 2869 5.
2841 2820 3008 2870 mino-

649 2879 775 2934 res?
808 2893 993 2933 veteres
1029 2886 1104 2935 ab.
1176 2885 1238 2932 mi
1255 2921 1348 2933 .......
1366 2893 1492 2934 teres
1526 2880 1641 2949 Ᾱφ.
1663 2891 1705 2933 et
1730 2881 1827 2947 Αβ.
1910 2883 1959 2933 6.
1996 2885 2207 2935 novicios
2240 2887 2292 2935 A.
2343 2926 2354 2931 -
2381 2886 2428 2935 ⁷.
2465 2886 2591 2935 lecto
2629 2883 2863 2937 iunctos?
2899 2905 3005 2951 ego.

652 2952 843 3014 legibus
876 2952 1066 3003 iunctos
1101 2965 1154 3016 γ.
1227 2952 1273 3001 le
1288 2988 1396 3002 ........
1430 2953 1542 3002 Auli.
1648 2951 1738 3002 7b.
1776 2951 2062 3014 peregrinos
2100 2955 2175 3003 ab.
2246 2966 2307 3016 pe
2322 2990 2430 3003 ........
2464 2951 2577 3018 Αφ.
2603 2961 2646 3004 et
2667 2952 2772 3016 Αβ.
2858 2954 2907 3005 8.
2944 2959 3006 3006 At

651 3036 750 3084 eqo.
825 3027 876 3069 ut
906 3020 1015 3070 Aah.
1121 3018 1169 3069 9.
1209 3019 1543 3081 substrigenda
1579 3020 1630 3069 A.
1743 3019 1820 3069 10.
1858 3019 1995 3069 obliti
2031 3036 2130 3083 eqo.
2200 3020 2350 3070 oblita
2384 3022 2493 3072 Aah.
2650 3025 2663 3036 ⁶
2931 3028 2938 3033 “

718 3202 764 3236 u.
802 3186 1026 3236 Mutunus
1064 3194 1111 3236 et
1146 3184 1386 3251 Tutunus]
1456 3187 1672 3237 Conticta
1717 3186 1778 3237 de

649 3255 749 3305 Ideo
786 3262 834 3302 et
857 3255 948 3304 Tuo
985 3255 1111 3303 inter
1145 3269 1377 3303 venereos
1400 3255 1654 3318 amplexus
1691 3270 1774 3303 vo·

652 3320 840 3371 cabula.
897 3320 1112 3383 (Rigalt.)
1171 3321 1243 3371 Cl.
1289 3322 1491 3385 Apolog.
1547 3336 1653 3385 cap.
1691 3320 1773 3371 25.

649 3388 828 3437 Arnob.
864 3387 975 3436 Adv.
1011 3387 1136 3437 Natt.
1159 3388 1233 3446 lv,
1267 3387 1347 3439 11.
1384 3403 1490 3438 cum
1529 3389 1773 3453 interprr„

648 3453 866 3514 llartung
906 3453 938 3502 l.
978 3453 1009 3502 Ι.
1048 3453 1108 3514 ll,
1145 3468 1192 3518 p.
1231 3452 1347 3505 258.

716 3534 761 3568 v.
798 3516 1061 3585 Pertunda]
1095 3522 1274 3571 Arnob.
1322 3521 1432 3571 Λᾶν.
1468 3523 1593 3572 Natt.
1634 3523 1706 3583 tv,
1743 3523 1771 3571 7

649 3586 904 3648 „Etiamne
950 3588 1179 3637 Pertunda
1220 3613 1232 3629 ι
1269 3603 1392 3652 qnae
1442 3590 1490 3638 in
1539 3589 1774 3639 cubiculis

647 3663 844 3720 praesto
881 3661 955 3703 est
989 3627 1265 3717 virginalem
1287 3656 1509 3705 scrobem
1538 3657 1776 3707 effodien-

648 3722 778 3773 tibus
814 3722 1050 3771 maritis.“
1088 3721 1160 3771 Cf.
1198 3722 1266 3771 ld.
1297 3723 1369 3784 lv,
1410 3723 1489 3773 1¹.
1524 3726 1771 3787 Augustin.

649 3789 711 3840 de
745 3789 846 3841 Civ.
885 3789 970 3839 Dei
1005 3789 1080 3849 vt,
1116 3790 1165 3840 9.

660 3886 667 3895 ·
715 3872 772 3908 w.
810 3857 1020 3919 Subigus
1056 3865 1103 3907 et
1135 3857 1303 3906 Prema
1341 3856 1431 3907 dea
1466 3864 1514 3907 et
1550 3854 1773 3924 Perfice]

645 3925 845 3988 August.
884 3925 946 3975 de
981 3925 1078 3975 Civ.
1137 3926 1220 3974 Dei
1258 3926 1331 3986 vl,
1367 3925 1399 3976 9
1436 3924 1531 3985 „Et
1564 3934 1696 3976 certe
1730 3928 1772 3975 si

647 3991 786 4041 adest
838 3992 1132 4054 Virginensis
1182 3992 1299 4052 dea,
1350 4002 1417 4043 ut.
1447 3994 1614 4054 virgini
1652 4008 1771 4043 zona

644 4058 875 4118 solvatur,
911 4059 954 4108 si
990 4058 1127 4109 adest
1161 4059 1282 4109 deas
1301 4061 1518 4124 Subigus,
1557 4068 1611 4110 ut
1639 4061 1772 4123 virgo

645 4125 915 4187 subigatur,
943 4125 985 4175 si
1009 4125 1147 4177 adest
1165 4128 1253 4176 dea
1271 4129 1445 4189 Ρνεηια,
1476 4135 1527 4178 ut
1552 4128 1770 4187 subacta,

642 4202 708 4241 ne
742 4206 797 4241 se
834 4201 1158 4254 commoveat,
1209 4203 1487 4258 prematur,
1538 4195 1628 4245 dea
1663 4194 1773 4245 Per-

642 4261 791 4309 tunda
835 4259 899 4309 ibi
956 4260 1071 4324 quid
1124 4258 1281 4312 lacit?
1347 4261 1639 4322 Erubescat,
1694 4268 1772 4312 eat

646 4326 809 4387 foras,
863 4335 971 4389 agat
1016 4327 1198 4393 aliquid
1252 4337 1301 4380 et
1334 4330 1553 4383 naritus.
1625 4329 1771 4380 Valde

643 4392 954 4444 inhonestum
1004 4402 1097 4455 est,
1152 4401 1205 4445 ut
1257 4396 1387 4460 quod
1433 4403 1633 4448 vocatur
1666 4397 1769 4463 illa,

644 4460 845 4525 impleat
896 4462 1150 4527 quisquam
1201 4463 1295 4513 nisi
1329 4463 1427 4514 ille.
1498 4464 1594 4514 Sed
1644 4464 1770 4515 rorte

642 4529 754 4579 ideo
809 4529 1069 4589 toleratur,
1124 4530 1233 4593 quia
1282 4528 1371 4579 dea
1418 4530 1593 4582 dicitur
1639 4544 1767 4594 ease,

642 4609 741 4645 non
779 4595 915 4646 deus.
968 4595 1089 4646 Nam
1124 4597 1167 4645 si
1206 4597 1451 4648 masculus
1488 4598 1770 4650 crederetur

641 4669 693 4711 st
744 4661 1014 4713 Pertundus
1067 4670 1344 4726 vocaretur,
1394 4667 1772 4721 maiusveontra

1880 3201 1988 3237 eum
2027 3201 2116 3250 pro
2155 3188 2315 3237 uxoris
2341 3188 2570 3251 pudicitia
2592 3197 2817 3253 posceret
2853 3192 3007 3240 mari·—

1878 3262 1954 3303 tus
1989 3255 2216 3304 auxilium
2265 3270 2408 3319 quani
2448 3256 2591 3305 Foeta
2639 3264 2808 3306 contra
2843 3257 3007 3309 Silta-

1877 3323 2046 3370 num.“
2084 3323 2232 3371 Deam
2249 3323 2702 3387 Perficuindenique
2736 3325 2910 3387 repetii
2945 3340 3008 3375 ex

1874 3389 2085 3438 Aruobio
2120 3389 2234 3439 Λᾶν.
2270 3390 2397 3440 Nau.
2436 3390 2507 3450 lv,
2543 3390 2573 3439 7
2612 3391 2868 3451 „Etiamne
2892 3393 3005 3443 Per-

1874 3459 1963 3519 fica
1998 3470 2090 3506 una
2127 3466 2202 3506 est
2235 3472 2262 3507 e
2311 3458 2493 3521 populo
2547 3460 2827 3521 numinum,
2877 3474 3007 3524 qnae

1878 3525 2117 3573 obscenas
2166 3523 2276 3573 illas
2325 3532 2372 3574 et
2419 3525 2573 3575 luteas
2621 3526 2892 3590 voluptates
2941 3529 3004 3578 ad

1877 3592 2053 3641 exitum
2088 3592 2280 3655 perlicit
2314 3591 2569 3642 dulcedine
2607 3594 2844 3644 inoffensa
2882 3609 3006 3658 pro-

1877 3659 2125 3719 cedere.“,
2178 3659 2237 3708 ad
2275 3674 2399 3723 qnae
2444 3662 2587 3710 verba
2637 3661 2770 3711 citavi
2807 3662 3002 3712 Lucret.

1876 3724 1936 3782 ΙΙ,
1979 3725 2124 3775 1115.
2161 3724 2360 3776 Martial.
2383 3727 2649 3790 Epignlll,
2687 3728 2767 3778 79.
2791 3729 3004 3781 Salmas·

1873 3794 1935 3843 ad
1970 3793 2146 3858 Script.
2187 3793 2304 3843 Hist.
2341 3797 2456 3856 Aug.
2496 3795 2556 3855 ll,
2591 3810 2642 3859 p.
2683 3795 2760 3845 18.

1940 3875 1985 3909 x.
2022 3861 2143 3910 loris
2180 3861 2442 3922 gaudentes
2480 3857 2812 3927 erubescunt-'1
2883 3863 3004 3927 Ipsi,

1873 3941 2079 3991 quornm
2116 3943 2234 3992 prae
2286 3928 2500 3978 libidinis
2552 3930 2801 3992 prurigine
2837 3939 3006 3982 votnm

1874 4003 1949 4044 est
1983 3995 2270 4044 intervenire
2307 3995 2595 4047 luctantibus
2632 3997 2849 4061 sponsis.
2886 4012 3005 4049 eru-

1871 4061 2127 4112 bescentes
2163 4071 2414 4113 remanent
2448 4071 2496 4114 et
2529 4064 2650 4114 roris
2688 4065 2914 4127 gaudent.

1897 4176 1907 4189 ‚
1942 4129 2058 4193 Cap.
2075 4129 2173 4179 ΧΠ.
2194 4130 2466 4180 Concordat
2480 4131 2775 4195 Apologetici
2797 4147 2901 4196 cap.
2922 4132 3003 4182 to.

1941 4211 1985 4246 a.
2009 4197 2137 4247 bona
2157 4192 2276 4261 tide]
2301 4198 2372 4247 cf.
2396 4197 2558 4249 adnot.
2578 4199 2637 4249 ad
2661 4198 2744 4249 lib.
2768 4200 2805 4260 l,
2827 4215 2931 4263 cap.
2950 4197 3002 4250 2.

1941 4263 1988 4312 b.
2027 4271 2158 4314 tanto
2193 4265 2564 4327 substringenda
2597 4267 2739 4317 nobis
2777 4264 2893 4332 erit]
2929 4266 3003 4316 De

1871 4329 2034 4394 ellipsi
2071 4332 2378 4395 comparativi
2413 4335 2562 4397 ’παρὰ
2597 4334 2658 4384 cl.
2697 4334 2757 4384 ad
2778 4334 2848 4385 De
2867 4334 3002 4385 're-st.

1869 4398 2067 4448 Animae
2103 4413 2208 4463 cap.
2229 4398 2295 4450 -2,

1939 4480 1981 4516 c.
2018 4465 2156 4517 obliti
2192 4462 2359 4532 agitis]
2426 4467 2501 4517 ct.
2546 4468 2750 4533 Apoloss.
2785 4480 2892 4532 cap.
2935 4465 3004 4517 to

1868 4534 2218 4664 110052212322?
2233 4534 3003 4667 &Qumis-effiti-

1867 4636 1964 4719 tide
1995 4667 2235 4732 pudorem
2271 4676 2320 4720 et
2352 4669 2556 4736 pudoris
2602 4666 3004 4727 defusionamffi
