3263 5311
901 470 977 515 ns
1029 472 1217 519 cumn
1258 459 1601 513 mutuamur
1646 470 1759 514 ua.
1796 471 1858 514 tt.
2437 451 2575 520 715²

230 617 555 699 permittat)
597 625 699 681 ant
736 619 1079 701 ignorantes
1123 618 1468 703 simpliciter
1494 628 1595 681 aut
1622 619 2063 682 dissimulantes
2105 620 2144 654 ¹⁸
2159 621 2457 684 audaciter
2484 623 2569 686 ita

236 718 673 801 ingrediuntur,
740 723 910 803 quasi
962 722 1240 803 pudicitia
1294 722 1355 784 in
1415 722 1542 784 sola
1599 721 1795 784 carnis
1848 711 2217 801 integritate‘¹
2270 730 2332 785 et
2369 723 2566 805 stupri

238 821 663 884 ¹²aversatione
704 825 1021 899 consistat,
1069 823 1232 887 ¹⁸nec
1273 823 1583 904 quicquam
1627 832 1687 886 et
1728 822 2093 885 extrinsecus
2139 842 2291 906 opus
2333 821 2443 898 sit,
2487 826 2566 887 de

238 924 428 1020 cultus
472 924 609 987 dico
650 933 709 987 et
765 934 1009 987 ornatus
1055 925 1094 956 ¹⁴
1109 924 1540 1005 dispositione,
1608 923 1820 987 studiis
1879 924 2155 986 ¹⁸formae
2211 931 2272 986 et
2321 925 2560 1001 nitoris,

238 1024 483 1087 eandem
528 1025 571 1059 ¹⁶
584 1019 955 1105 superficiem
998 1025 1238 1088 incessu
1282 1026 1762 1089 circumferentes
1791 1025 1834 1058 ¹⁷
1847 1044 2024 1106 quam
2065 1025 2319 1087 feminae
2359 1026 2562 1087 natio-

234 1143 373 1187 num
392 1173 408 1200 ,
454 1145 488 1187 a
530 1127 744 1206 quibus
787 1128 959 1190 abest
987 1125 1399 1189 ¹⁸conscientia
1426 1146 1601 1190 verae
1627 1126 1973 1208 pudicitiae,
2018 1127 2156 1208 quia
2181 1127 2327 1188 nibil
2354 1146 2562 1191 verum

236 1227 299 1288 in
339 1227 433 1289 his
484 1228 583 1308 qui
627 1229 800 1290 deum
844 1228 1118 1290 nesciunt
1159 1228 1490 1309 praesidem
1536 1238 1596 1290 et
1627 1228 2024 1308 ¹⁹magistrum
2063 1227 2349 1290 veritatis.
2413 1228 2566 1291 Nam

235 1336 298 1391 et
336 1329 389 1390 si
432 1329 601 1409 ”qua
656 1330 719 1391 in
773 1329 1087 1409 gentilibus
1145 1329 1419 1409 pudicitia
1462 1329 1621 1391 credi
1664 1337 1899 1410 potest,
1962 1348 2150 1409 usque
2191 1329 2233 1362 ²¹
2248 1330 2395 1393 adeo
2439 1330 2562 1392 im-

231 1430 552 1510 perfectam
596 1438 656 1492 et
696 1430 1051 1493 inconditam
1095 1438 1356 1504 constat,
1402 1430 1558 1504 ”ut,
1612 1430 1750 1493 lieet
1789 1430 1909 1492 ”in
1952 1431 2150 1493 animo
2192 1432 2562 1512 aliquatenus

233 1540 406 1593 tenax
452 1531 543 1592 sui
589 1540 751 1612 agat,
795 1533 856 1594 in
886 1532 1179 1594 ²⁴habitus
1225 1541 1417 1593 tamen
1461 1532 1782 1594 ”licentias
1828 1550 1966 1594 sese
2008 1532 2343 1609 dissolvat0,
2383 1532 2557 1615 ”pro

214 1625 619 1714 'perversitate
660 1634 965 1714 gentilium
1008 1633 1339 1715 appetendo
1384 1634 1550 1695 cuius
1594 1634 1683 1695 rei
1711 1633 1929 1695 devitat
1956 1635 2249 1696 effectum.
2304 1634 2562 1709 ”Quota

232 1733 483 1813 denique
526 1733 620 1796 es't
661 1754 810 1815 quae
852 1734 985 1797 ”ne
1024 1735 1257 1817 placere
1297 1734 1535 1815 quidem
1579 1735 1871 1797 extraneis
1926 1733 2354 1815 concupiscat?
2410 1756 2566 1816 quae

228 1853 354 1898 non
395 1835 543 1897 ²‘'vel
587 1837 803 1899 idcirco
850 1855 918 1899 se
961 1836 1192 1916 expingi
1224 1845 1416 1911 curet,
1462 1844 1523 1897 et
1550 1844 1725 1914 neget
1751 1835 2147 1916 appetitam‘?
2209 1838 2560 1918 Quanquam

231 1945 295 2000 et
332 1938 447 2000 hoc
499 1938 699 2017 gentili
754 1937 1067 2019 pudicitiae
1122 1937 1403 2000 lamiliare
1462 1938 1570 2012 sit,
1633 1929 1756 1999 non
1812 1938 2183 2017 delinquere,
2244 1936 2562 2001 ³”attamen

228 2038 279 2072 ³¹
292 2038 468 2111 velle,
529 2040 620 2101 vel
666 2040 839 2101 etiam
885 2040 1076 2114 nolle,
1143 2048 1399 2103 attamen
1442 2057 1563 2100 non
1607 2037 1918 2118 denegare.
2033 2037 2249 2113 ”Quid
2292 2040 2566 2103 mirum?

232 2157 316 2209 11.
351 2158 592 2222 audaciter
620 2161 703 2209 Ad.
775 2158 999 2209 audacter
1034 2160 1218 2224 reliqui.
1327 2158 1402 2208 12.
1440 2159 1735 2210 aversatione
1770 2160 1853 2210 Ad.
1924 2152 2170 2210 averst‘one
2202 2161 2387 2225 reliqui.
2477 2159 2559 2212 13.

227 2241 325 2278 nec
357 2228 609 2292 quicquam
647 2235 694 2278 et
726 2229 809 2278 Aa.
882 2242 971 2280 nec
1006 2228 1260 2291 quicquam
1294 2229 1480 2291 reliqui.
1567 2227 1641 2276 14.
1681 2227 2016 2291 dispositione,
2040 2228 2213 2278 studiis
2235 2229 2320 2278 Ad.
2389 2228 2564 2293 dispo-

228 2293 418 2345 sitione.
468 2293 564 2344 Sed
599 2297 724 2345 euim
763 2303 1068 2359 perseverant
1094 2295 1501 2358 (perseverante.)
1536 2295 1583 2342 in
1622 2295 1837 2357 pristinis
1867 2295 2038 2343 studiis
2067 2298 2255 2360 reliqui.
2341 2296 2417 2346 15.
2456 2299 2558 2347 for-

228 2376 357 2412 mam
395 2362 567 2411 nitoris
601 2364 676 2412 sui
714 2363 913 2413 eandem
948 2362 1169 2420 (eandem
1208 2362 1283 2411 sui
1317 2363 1394 2412 st.
1415 2363 1590 2422 lunius)
1626 2363 1835 2411 Latinius
1863 2369 1903 2411 et
1931 2363 2005 2412 Fr.
2021 2363 2193 2412 lunius.
2266 2362 2343 2412 to.
2381 2378 2559 2427 super-

230 2430 384 2480 ficiem
421 2431 612 2481 incessu
649 2431 1042 2481 circumferentes
1077 2446 1178 2493 eqo.
1245 2429 1549 2494 superficiem
1575 2430 1694 2478 desu
1724 2430 2115 2480 circumferentes
2135 2432 2184 2480 A.
2254 2432 2564 2495 superficiem

173 2507 183 2516 ·
230 2499 624 2549 circumferentes
659 2500 706 2548 d.
788 2499 863 2549 sui
910 2499 1563 2562 speciem‘circuml'erentes
1596 2498 1724 2547 Fulv.
1753 2497 1961 2547 Ursinus.
2043 2498 2115 2547 sui
2167 2499 2561 2550 circumferentes

229 2567 368 2644 Βοῦς.
443 2566 836 2615 circumferentes
882 2566 967 2616 BG.
1074 2565 1152 2615 17.
1205 2568 1327 2630 qua'e
1362 2566 1411 2615 B.
1503 2580 1644 2630 quem
1696 2565 1740 2614 C.
1848 2564 1924 2615 18.
1973 2566 2253 2616 constientia
2288 2565 2384 2629 Αβ.
2483 2566 2562 2617 19.

228 2634 1258 2754 {ewafiat²⁰.÷.‘¹.·:⁸2⁸⁸53*“²2¹3
1287 2635 1640 2753 itm)...
1655 2631 2565 2767 ²¹23„?3‚2⁰..‘i.‘·¹4.2·.⁸‘¹⁶2⁰4.‘2?;hiim·

229 2769 312 2820 25.
350 2770 565 2820 licentias
601 2785 711 2820 sese
745 2786 842 2833 eqo.
917 2771 1133 2820 licentias
1168 2786 1221 2820 se
1256 2772 1305 2820 d.
1374 2771 1589 2820 licentias
1608 2785 1717 2820 esse
1736 2774 1784 2820 Α.
1859 2769 2047 2819 licentia
2067 2784 2176 2819 sese
2210 2772 2394 2835 reliqui.
2475 2769 2557 2820 26.

227 2853 322 2905 pro
368 2839 678 2901 perversitate
725 2838 971 2901 gentilium
1007 2841 1090 2889 Ad.
1174 2847 1373 2903 propter
1419 2839 1670 2887 vanitatem
1720 2837 1965 2899 gentilium
2013 2837 2239 2888 solatium
2288 2838 2563 2889 Salmasius.

225 2915 430 3023 Ῑὲιὲριει·
464 2908 706 3023 νῗέῐξεῑεω
744 2906 1268 3024 εεῖιὲιίΙὶυωἏέοΙοιίωη
1304 2907 1489 3022 rleliqui.
1572 2904 1673 3022 2297.
1712 2905 2051 3020 thadBtIDab.
2130 2906 2471 2983 lio-effectum
2508 2908 2564 3008 ig

230 3049 283 3090 et
310 2982 792 3107 ’uegetoaptpz‘txilt'am‘l
825 2988 960 3092 ›td-ue
1023 3009 1106 3090 36.
1141 2988 1511 3091 glscta't'tetggmllc.
1579 2988 1802 3090 tndug'tfnt
1824 2981 2570 3105 ,Ρῖῗηέἴιῖρὲἳείοεῗθδοᾞῖἑᾶ

227 3108 315 3159 31.
352 3107 471 3158 velle
505 3110 576 3160 vel
614 3110 756 3159 etiam
791 3109 942 3168 nolle,
980 3117 1185 3158 attamen
1224 3124 1311 3159 om.
1334 3110 1384 3159 A.
1478 3107 1560 3158 32.
1598 3108 1722 3166 Quid
1758 3109 1931 3157 mirum
1965 3110 2049 3157 Ad.
2119 3107 2288 3157 Mirum
2323 3110 2510 3173 reliqui.

297 3209 345 3260 d.
382 3210 428 3260 in
465 3211 568 3260 sola
607 3213 765 3260 carnis
793 3206 1084 3275 integritate]
1123 3210 1341 3274 Cyprian.

225 3278 261 3328 Ῑ.
283 3277 314 3328 l.
351 3293 400 3341 p.
422 3278 504 3328 94.
542 3278 617 3327 ed.
654 3278 805 3329 Oxou.
855 3278 1192 3338 „Continentia
1230 3293 1342 3327 vero

1447 3218 1642 3274 appetat
1677 3210 1812 3257 cuius
1850 3209 2021 3258 devitat
2055 3209 2292 3269 effectum,
2347 3211 2438 3260 hoc
2485 3218 2559 3261 est

1442 3278 1637 3341 placere
1687 3284 1881 3340 appetat
1928 3285 1974 3325 et
2018 3277 2395 3328 adolescentium
2446 3287 2560 3343 post

226 3353 275 3396 et
313 3346 535 3408 pudicitia
583 3361 677 3396 non
724 3348 771 3396 in
807 3346 910 3395 sola
949 3347 1107 3395 carnis
1144 3346 1341 3408 integri·

224 3422 324 3482 tqte
372 3414 608 3471 consistit,
664 3415 749 3463 sed
804 3415 947 3463 etham
997 3415 1043 3463 in
1091 3413 1247 3464 cultus
1296 3421 1343 3463 et

223 3490 429 3531 ornatus
476 3483 658 3531 bonore
705 3482 885 3545 pariter
932 3496 987 3531 ac
1032 3483 1236 3545 pudore,
1291 3488 1343 3530 ut

220 3550 490 3600 secundum
540 3550 813 3613 apostolum
861 3565 985 3612 quae
1035 3550 1232 3612 innupta
1269 3557 1343 3598 est

222 3624 392 3668 sancta
430 3618 492 3667 sit
527 3625 575 3667 et
610 3631 814 3681 corpore
850 3626 897 3666 et
929 3618 1157 3680 spiritu.“

294 3701 337 3733 e.
374 3685 423 3734 in
462 3683 648 3734 habitus
685 3693 841 3734 tamen
868 3684 1083 3733 licentias
1104 3698 1212 3733 sese
1239 3683 1339 3733 dis-

219 3748 404 3817 solvat]
441 3752 492 3802 ln
532 3752 863 3817 antiquissimo
883 3753 1142 3815 exemplari
1171 3753 1343 3814 legitur

217 3823 275 3871 in
313 3822 510 3870 ambitus
546 3821 754 3871 licentius
790 3836 891 3870 sese
912 3822 1151 3871 dissolvat.
1201 3818 1340 3879 Quod

218 3888 455 3952 explicari
511 3902 604 3937 uon
659 3889 963 3938 incommode
1010 3889 1238 3947 videatur,
1297 3888 1351 3936 si,

218 3956 335 4021 quis
374 3956 451 4005 hic
486 3958 704 4006 ambitum
755 3956 846 4005 dici
881 3956 993 4006 velit
1028 3956 1155 4020 quod
1192 3969 1340 4018 supra

217 4023 554 4074 Tertullianus
588 4026 868 4088 superficiem
896 4024 1027 4083 dixit,
1064 4037 1241 4087 corpus
1272 4024 1339 4072 vi-

214 4090 401 4141 delicet
434 4098 574 4154 atque
610 4091 763 4154 ipsius
799 4094 1017 4155 corporis
1042 4096 1343 4151 ornamenta,

215 4173 348 4223 quae
386 4160 597 4208 animum
644 4160 858 4208 ambiunt
904 4168 951 4208 et
982 4161 1204 4210 vestiunt.
1275 4159 1342 4207 De

213 4225 452 4290 pudicitia
469 4226 737 4277 Christiana
773 4227 968 4277 disserit
1002 4240 1204 4291 eamque
1220 4242 1342 4291 gen-

213 4293 295 4343 tili
334 4295 673 4358 perfectiorem
711 4308 819 4344 esse
853 4302 1079 4358 oportere
1115 4296 1339 4344 ostendit.

208 4360 394 4425 ltaque
427 4363 653 4424 gentilem
691 4361 969 4426 pudicitiam
1004 4362 1124 4413 adeo
1146 4376 1342 4425 perver-

212 4444 331 4481 sam
370 4444 481 4479 ease
511 4429 593 4489 ait,
645 4437 697 4479 ut
742 4429 856 4480 licet
900 4430 1086 4479 animus
1121 4436 1258 4479 tenax
1294 4431 1341 4477 in

211 4497 489 4563 pudicitiae
525 4511 767 4561 nunquam
803 4497 1049 4546 violandae
1091 4497 1343 4561 proposito

212 4573 520 4630 perseveret,
559 4566 661 4627 ipsa
691 4573 850 4615 tamen
888 4564 1112 4629 pudicitia
1149 4565 1196 4614 in
1234 4579 1345 4613 cor-

212 4634 365 4697 poris
415 4632 661 4683 excolendi
715 4632 1069 4697 exornandique
1127 4632 1346 4682 licentias

210 4702 292 4752 ita
340 4714 454 4753 sese
500 4701 732 4753 dissolvat
777 4709 823 4751 et
870 4701 1076 4762 frangat,
1136 4708 1187 4750 nt
1242 4712 1345 4749 rem

1442 3361 1496 3395 se
1531 3345 1722 3394 trahere
1756 3345 1964 3408 suspiria
1999 3344 2217 3406 gaudeat,
2253 3360 2360 3396 cum
2397 3354 2557 3397 tamen

1442 3414 1628 3463 alienae
1650 3413 1853 3472 libidini,
1889 3427 2030 3476 quam
2053 3413 2155 3476 ipsa
2184 3414 2413 3475 excitavit,
2441 3430 2556 3465 suc·-

1442 3480 1669 3531 cumbere
1705 3481 1838 3529 nolit.
1874 3481 2087 3542 (Rigalt.)
2174 3480 2328 3531 Etiam
2363 3482 2556 3533 Saltna-
2622 3482 2628 3488 “

1440 3549 1543 3597 sius
1579 3549 1638 3597 ad
1675 3548 1878 3598 Tei-tull.
1916 3548 1982 3597 De
2020 3547 2171 3598 Pallio
2208 3564 2255 3613 p.
2274 3548 2391 3601 349.
2429 3552 2558 3601 bunc

1442 3617 1599 3666 locum
1638 3617 1975 3680 interpretatus
2010 3624 2098 3666 est.

1510 3685 1542 3733 f.
1580 3691 1626 3732 et
1683 3692 1822 3745 neget
1873 3686 2129 3747 appetitam
2147 3677 2199 3746 T}
2253 3684 2406 3743 Quota
2463 3692 2555 3746 est,

1442 3753 1611 3815 inquit,
1660 3751 1941 3814 pudicarum
1980 3752 2124 3801 hodio
2158 3750 2553 3811 Christianarum,

1444 3833 1565 3882 quae
1600 3827 1696 3867 tam
1747 3827 1935 3867 austera
1985 3821 2048 3868 sit
2095 3826 2142 3868 et
2187 3819 2316 3867 serio
2363 3818 2556 3881 pudica,

1442 3894 1494 3935 ut
1530 3900 1589 3934 ne
1626 3887 1821 3948 placere
1856 3886 2047 3949 quidem
2101 3885 2338 3935 extraneis
2374 3899 2554 3934 coucu-

1440 3950 1637 4019 piscat?
1695 3968 1817 4017 quae
1868 3967 1964 4002 non
2012 3960 2145 4003 curet
2194 3967 2248 4001 se
2284 3952 2472 4014 expingi
2508 3959 2557 4002 et
2639 3990 2648 4005 f

1443 4023 1681 4079 exornari,
1736 4021 1808 4070 vel
1858 4021 2055 4081 idcirco,
2121 4028 2173 4069 ut
2218 4020 2277 4069 iis
2323 4016 2560 4083 placeat?

1444 4091 1597 4149 Quota
1646 4089 1852 4153 denique
1899 4096 1988 4148 est,
2036 4103 2156 4153 quae
2205 4102 2379 4150 negare
2425 4088 2556 4149 velit,

1443 4166 1524 4208 aut
1559 4172 1699 4223 quam
1737 4172 1834 4207 non
1869 4157 2046 4221 pudeat
2075 4170 2247 4218 negare
2269 4170 2325 4205 se
2342 4170 2553 4220 unquam

1442 4226 1593 4275 fuisse
1630 4221 1932 4289 appetitam?
1983 4238 2271 4290 quamquam
2319 4238 2374 4273 ea
2411 4225 2474 4273 sit
2508 4232 2556 4274 et
2663 4284 2666 4291 Ι

1442 4294 1691 4356 gentilium
1730 4293 1972 4357 pudicitia,
2020 4300 2072 4342 ut
2107 4306 2202 4341 nou
2237 4292 2429 4356 quidem
2467 4292 2558 4342 de-

1442 4363 1677 4425 linquant,
1714 4369 1920 4411 attamen
1942 4376 1999 4411 eo
2022 4375 2076 4410 se
2098 4360 2259 4411 habitu
2286 4360 2555 4419 exhibeant,

1444 4438 1495 4478 ut
1530 4428 1649 4477 velle
1684 4429 1933 4478 videantur
1983 4427 2108 4492 quod
2146 4428 2317 4485 nolint,
2373 4428 2445 4501 sie
2479 4428 2555 4475 in-

1445 4496 1631 4555 cedant,
1686 4503 1738 4544 ut
1782 4497 1972 4545 incessu
2020 4496 2127 4560 ipso
2176 4494 2400 4557 cultuque
2456 4506 2558 4543 nou

1446 4564 1681 4624 denegent
1733 4562 1861 4626 quod
1921 4563 2204 4626 promittunt
2268 4560 2559 4623 impudicae.

1446 4631 1565 4680 Tum
1588 4630 1783 4692 ingerit:
1821 4630 1942 4688 Quid
1966 4626 2181 4680 mirum?
2202 4642 2422 4691 perversa
2443 4635 2559 4679 sunt

1447 4700 1607 4749 omnia
1644 4712 1765 4763 quae
1800 4697 1877 4748 dei
1913 4712 2009 4748 nou
2046 4704 2173 4748 sunt.
2208 4695 2421 4758 (Rigalt.)
