3263 5311
946 475 1026 519 ns
1067 472 1398 519 vinciamus
1439 476 1744 519 vesanis.
2401 460 2542 523 909ss

171 601 253 688 ὀἱ
301 622 537 706 quidem
587 626 1004 707 frequentioris
1061 625 1430 689 immunitate
1481 626 1718 699 felices,
1793 626 1929 706 quia
1984 624 2213 687 facilius
2266 627 2531 689 adamari

193 745 356 807 quam
408 726 682 789 adamare
737 727 992 790 feminae
1044 726 1301 808 possint.
1404 727 1480 788 Et
1543 727 1812 789 ethnicae
1877 727 2116 807 quidem
2178 708 2549 806 disciplinae

193 827 471 891 meracior
499 839 604 915 ‚et,
647 838 717 889 ut
758 828 837 890 ita
880 827 1162 901 dixerim,
1204 827 1514 911 barbarior
1555 827 1848 890 modestia
1861 826 1910 890 Β.
2010 825 2200 890 Nobis
2246 827 2531 890 dominus

194 928 355 993 etiem
407 928 867 992 revelationibus
923 928 1231 991 velaminis
1285 929 1476 1009 spatia
1544 937 1800 991 metatus
1868 937 1980 991 est.

195 1030 380 1093 sorori
420 1024 953 1110 nostraeangelus
997 1029 1060 1091 in
1104 1029 1335 1093 somnis
1379 1029 1672 1102 cervices,
1720 1029 1888 1109 quasi
1926 1019 2338 1109 applauderet,
2382 1048 2525 1092 ver·

191 1132 425 1207 herens,
482 1131 830 1210 Elegantes‚
891 1130 1115 1210 inquit,
1181 1131 1442 1193 cervices
1506 1138 1567 1193 et
1608 1131 1825 1193 merito
1872 1128 2094 1218 nudae!
2158 1129 2399 1193 bonum·
2431 1140 2531 1193 est

191 1251 372 1313 usque
414 1232 487 1295 ad
529 1230 767 1294 lumbos
812 1250 846 1292 a
876 1231 1068 1311 capite
1095 1230 1465 1305 ’reveleris³,
1507 1249 1585 1292 ne
1628 1240 1691 1292 et
1734 1231 1841 1294 tibi
1871 1231 1985 1293 iste
2014 1233 2306 1293 cervicum
2335 1231 2527 1295 liber-

190 1342 278 1396 tas
329 1351 452 1395 non
503 1332 716 1413 prosit.
824 1331 898 1394 Et
950 1333 1152 1412 utique
1199 1332 1417 1413 ¹⁴'quod
1459 1333 1564 1393 nni
1605 1322 1879 1407 'dixerim
1945 1331 2223 1393 omnibus
2278 1332 2521 1394 dixeris,

191 1434 529 1508 ”Quantam
573 1441 768 1496 autem
813 1433 1260 1513 castigationem
1304 1430 1692 1495 maebuntur
1735 1432 1911 1495 etiam
1947 1432 2133 1494 ”illae
2176 1451 2328 1512 quae
2369 1433 2537 1495 inter

187 1535 441 1616 psalmos
487 1535 577 1596 vel
619 1535 681 1596 in
724 1551 1074 1614 quacunque
1119 1535 1212 1596 dei
1244 1535 1547 1597 mentione
1576 1543 1832 1596 retectae
1870 1543 2284 1613 perseverant,
2334 1532 2522 1595 ¹³mo-

187 1642 411 1697 retme
451 1622 630 1697 etiam
673 1633 793 1696 ¹‘iu
836 1634 1146 1697 oratione¹²
1189 1636 1320 1714 ipsa
1349 1634 1655 1697 facillime¹
1700 1634 1992 1697 fimbriam
2037 1642 2138 1696 aut
2174 1633 2379 1695 villum
2423 1643 2526 1697 aut

186 1735 481 1818 quodlibet
519 1735 682 1797 filum
726 1736 972 1797 cerebro
1018 1745 1434 1815 superponunt
1475 1742 1536 1797 et
1578 1744 1765 1799 tectas
1812 1754 1881 1797 se
1925 1734 2290 1815 opinantur?
2348 1735 2527 1797 Tanti

185 1843 352 1917 caput
394 1854 569 1898 suum
599 1836 1094 1898 ¹⁵mentiuntur·.
1159 1836 1352 1910 Aliae,
1397 1836 1614 1916 quibus
1658 1835 1832 1917 plane
1876 1837 2067 1897 maior
2111 1842 2206 1896 est
2235 1835 2522 1916 ¹⁶palma·

184 1989 234 2040 9.
268 1989 494 2039 reveletis
527 1990 794 2040 Phliasius.
862 1988 1037 2039 veleris
1071 1990 1184 2040 uem·
1215 2004 1388 2040 omnes.
2092 1988 2171 2038 11.
2210 1989 2395 2047 Quanta
2434 2005 2527 2039 an-

185 2066 278 2106 tem
312 2056 620 2119 castigatione
654 2056 775 2108 ABG.
899 2055 979 2107 12.
1016 2058 1128 2106 illos
1161 2057 1250 2107 AB.
1357 2055 1438 2106 13.
1488 2067 1760 2107 moraturae
1808 2072 1906 2120 ego.
1995 2058 2230 2105 meritone
2278 2057 2518 2108 Aseabca.

183 2127 437 2175 meriturae
484 2124 585 2175 Nic.
619 2125 862 2187 Riqaltius.
979 2123 1058 2174 1-1.
1096 2136 1219 2188 qaae
1271 2124 1318 2173 ln
1377 2124 1441 2185 «1.,
1481 2125 1611 2173 Puta.
1638 2125 1849 2174 Ursinus.
1970 2122 2048 2173 15.
2088 2124 2352 2174 metiuntur
2386 2128 2522 2177 abed.

187 2190 264 2242 ¹6.
297 2191 426 2256 palla
461 2190 585 2242 Beet.
614 2192 870 2242 Rhenanus.

1496 1989 1575 2040 to.
1614 1990 1743 2054 quod
1781 2004 1872 2041 em.
1897 1989 1984 2039 ΑΒ.

1396 2324 1478 2374 tibi
1533 2323 1716 2373 liberae
1764 2323 1972 2373 cervices
2020 2338 2045 2371 a
2092 2322 2360 2373 velamento
2412 2323 2523 2387 pla·

1396 2399 1522 2452 cent,
1558 2405 1646 2453 age
1682 2391 1827 2441 etiam
1863 2391 1924 2440 ad
1960 2391 2157 2440 lumbos
2190 2394 2370 2452 retege,
2422 2404 2523 2454 quo

1398 2458 1572 2524 peplos
1608 2459 1818 2508 cervices
1837 2466 2007 2520 tegens
2032 2460 2268 2523 pertinet:
2305 2459 2520 2522 alioquin

1398 2527 1523 2576 torte
1560 2539 1621 2575 ue
1659 2527 1766 2577 ista-
1784 2526 1978 2590 quidem
2034 2526 2232 2575 libertas
2280 2527 2522 2576 cervicum

1396 2595 1483 2645 tibi
1519 2595 1774 2659 protutura
1822 2594 1948 2643 est.“
2029 2594 2219 2658 Rigaltii
2266 2594 2527 2659 explicatio

1399 2663 1520 2713 nihil
1568 2663 1625 2713 ad
1681 2676 1783 2712 rem
1833 2663 1962 2713 tacit.
2045 2663 2225 2713 Temen
2275 2664 2518 2721 adscribo,

1399 2745 1496 2794 quo
1533 2731 1708 2780 melius
1744 2732 1849 2793 ipse
1886 2730 2047 2793 possis
2084 2730 2309 2779 iudicare.
2359 2731 2520 2788 „Gra-

182 2340 312 2376 mare
346 2340 435 2374 uec
480 2325 694 2376 adamari
742 2338 886 2390 quam
935 2324 1150 2375 adamari
1205 2338 1296 2373 nec

183 2395 419 2444 adamare.

250 2461 293 2511 h.
331 2460 568 2510 meracior
616 2468 680 2519 et,
727 2466 781 2508 ut
815 2461 879 2509 ita
914 2459 1133 2516 dixerim,
1179 2458 1294 2507 bar-

177 2527 339 2578 barior
357 2524 636 2589 modestia]
674 2528 741 2575 Ab
780 2527 959 2576 laxiore
994 2526 1293 2577 ethnicarum

179 2597 461 2653 feminarum
497 2594 683 2645 velandi
706 2595 851 2644 modo
882 2602 931 2644 et
947 2593 1296 2643 consuetudine

177 2666 346 2714 transit
379 2665 436 2713 ad
476 2663 778 2713 Christianae
828 2663 1115 2726 discipliuae
1158 2676 1295 2711 seve-

177 2735 381 2791 ritatem,
431 2732 501 2781 vel
539 2730 710 2779 divinis
747 2730 1116 2780 revelationibus
1153 2743 1296 2793 prae-

2090 928 2237 989 Nam
2294 928 2526 995 midam
2617 940 2621 944 ’

176 2801 422 2863 scriptam.
505 2798 815 2847 Ueraciorem
864 2812 977 2847 vero
1027 2806 1075 2848 et
1117 2797 1296 2846 barba-
1333 2795 1342 2808 '

173 2867 354 2917 riorem
388 2866 625 2916 ethnicam
682 2865 797 2916 dici-t
832 2866 1116 2915 modestiam
1153 2872 1296 2914 natu·

115 2981 130 2987 -
173 2934 327 2984 ralem
364 2939 412 2983 et
462 2932 749 2998 primitivam
804 2940 852 2981 et
897 2933 1109 2982 noudum
1147 2932 1294 2982 disci·

170 3002 423 3066 plinatam,
460 3015 583 3066 quae
618 3013 715 3049 non
752 3009 903 3050 totum
928 3001 1122 3049 reminis
1153 3006 1298 3063 caput

169 3069 314 3129 velet,
363 3069 449 3118 sed
500 3067 747 3117 dimidiam
797 3069 890 3118 frui
927 3069 1098 3116 lucem
1154 3069 1296 3117 sinat.

171 3136 448 3186 chronicon
496 3135 750 3184 Alexandr.
797 3135 896 3191 (cit.
937 3137 1113 3185 Ludov.
1150 3136 1209 3184 de
1245 3134 1292 3183 la

170 3203 348 3262 Cerda)
410 3236 452 3259 „
474 3196 862 3286 Βαρβαςισμὸς
918 3196 980 3250 δὲ
1045 3197 1296 3271 κέιξληται

168 3262 281 3319 ἀπὸ
330 3269 431 3319 τοῦ
476 3263 605 3322 τοὺς
651 3262 982 3337 ανθρώπους
1026 3263 1103 3336 μὴ
1150 3263 1295 3350 ἔχειν

164 3331 297 3453 {Z}
348 3329 603 3458 55²3}ss
621 3330 685 3455 ,²2²⁸
709 3332 888 3454 2555'-
935 3349 1296 3470 {z’t‘m‘za

163 3466 343 3538 νόμος
392 3466 568 3538 ἑωυτῷ
624 3467 766 3522 κατὰ
809 3418 914 3532 τῖν
956 3468 1295 3540 προτίμησιν

161 3537 269 3589 τοῦ
306 3532 452 3588 ἰδίου
485 3534 826 3609 βουλήματος
859 3532 1154 3604 ἐγγόετοπ*
1210 3540 1293 3590 Ri-

161 3608 302 3672 galtii
337 3609 691 3671 interpretatio,
745 3623 888 3672 quam
930 3609 1147 3672 probare
1195 3622 1293 3657 non

159 3689 393 3741 possum,
428 3677 547 3726 baec
582 3685 682 3727 est:
730 3676 863 3737 „Sed
900 3677 1118 3726 ethnicae
1153 3677 1293 3726 istius

161 3743 438 3793 modestiae
490 3744 745 3809 disciplina
808 3757 1013 3806 prorsus
1072 3746 1295 3806 agrestis,

156 3811 423 3871 inurbane,
448 3811 671 3872 incivilis,
697 3824 829 3861 mere
857 3811 1121 3860 barbaries.
1160 3813 1295 3869 Quae

153 3886 279 3929 suut
329 3894 419 3943 per
453 3879 667 3930 derisum
718 3880 861 3937 dicta,
905 3879 1043 3942 quasi
1089 3879 1295 3940 virgines

154 3946 473 3997 Christianae
538 3946 776 3997 obiectam
833 3946 926 3995 sibi
984 3945 1294 3995 Arabicarum

151 4014 477 4077 disciplinam
548 4014 819 4077 indignatae
897 4013 1295 4078 respondissent:

150 4081 412 4131 Barbarae
449 4082 578 4131 enim
614 4091 743 4131 suut.
791 4082 851 4132 Ut
870 4080 1069 4146 Populia
1102 4080 1294 4130 miranti

150 4148 280 4211 quid
335 4157 467 4199 esset
514 4156 811 4213 quapropter
856 4148 978 4198 aliae
1026 4150 1295 4198 animantes

147 4216 391 4278 gravidae
430 4230 611 4265 marem
651 4231 747 4266 uon
775 4223 1074 4282 paterentur,
1107 4216 1297 4266 Bestiae

146 4283 294 4332 enim
336 4291 467 4344 sunt,
504 4284 710 4348 iuquit.“

223 4351 489 4400 i.‘bouum
526 4361 600 4401 est
637 4365 792 4415 neque
828 4352 886 4401 ad
926 4351 1117 4400 lumbos
1155 4366 1179 4399 a
1208 4365 1290 4400 ca-

139 4417 261 4482 pite
301 4414 556 4483 reveletis]
591 4419 793 4481 Egregia
832 4420 950 4468 baec
980 4417 1291 4468 esth-,lunii

141 4485 461 4546 emendatio,
497 4501 591 4550 qna
629 4501 755 4536 nuuc
789 4501 906 4536 sana
941 4493 1054 4534 sunt
1080 4486 1292 4549 scripto-

135 4554 222 4603 ris
275 4554 447 4613 verba,
502 4568 654 4603 sanus
704 4561 753 4603 et
800 4553 1088 4602 intellectus.
1172 4553 1295 4604 Sunt

135 4621 291 4670 enim
335 4622 456 4671 baec
491 4635 581 4685 per
616 4622 821 4670 ironiam
841 4620 1056 4684 prolata:
1094 4620 1292 4683 „Siqui-

131 4689 290 4751 dem,
334 4688 490 4754 iuquit
524 4690 659 4749 (suut
694 4690 799 4753 ipsa
836 4687 1061 4738 Fr.1unii
1113 4688 1293 4747 verba),

1397 2813 1469 2858 ve,
1519 2799 1689 2863 inquit,
1743 2798 1996 2854 monitum,
2062 2811 2218 2860 neque
2271 2797 2523 2857 indignum
2605 2803 2618 2812 “

1331 2893 1372 2926 0
1398 2865 1589 2927 angelo,
1625 2866 1667 2914 si
1705 2867 1916 2914 animum
1937 2864 2056 2913 satis
2084 2865 2391 2913 advertimus.
2439 2865 2523 2914 At-

1399 2933 1613 2997 loquitur
1647 2932 1986 2982 Cbristiauam.
2038 2931 2314 2993 Elegantes,
2350 2931 2520 2995 inquit,

1399 3001 1625 3058 cervices,
1679 3014 1799 3062 quas
1847 2999 2003 3063 pretio
2054 3007 2187 3048 tanto
2240 3000 2521 3062 redemptas

1399 3068 1547 3117 voluit
1581 3067 1820 3118 Christus.
1885 3066 1943 3116 Et
1978 3067 2149 3116 merito
2186 3067 2372 3129 nudae3
2409 3068 2519 3130 qui-

1393 3135 1487 3185 bus
1522 3135 1711 3184 scilicet
1744 3134 2017 3183 dirissimae
2067 3135 2308 3184 servitutis
2358 3136 2519 3196 iugum

1397 3203 1575 3253 ademit
1624 3203 1750 3252 idem
1789 3203 2025 3252 Christus.
2097 3202 2192 3251 Sed
2230 3202 2409 3250 bonnm
2447 3209 2522 3256 est

1397 3286 1550 3335 usqne
1599 3271 1658 3319 ad
1698 3269 1890 3318 lumbos
1936 3284 1961 3318 a
2012 3271 2167 3332 capite
2214 3270 2404 3329 veleris,
2458 3283 2525 3318 ne

1395 3339 1522 3388 nuda
1561 3345 1728 3401 pateas
1765 3343 1982 3399 peccato,
2036 3351 2132 3400 quo
2181 3337 2331 3386 semel
2371 3351 2519 3386 occu-

1395 3414 1510 3470 pato
1546 3407 1753 3455 Satanae
1788 3404 2080 3468 mancipium
2108 3406 2232 3463 Aias,
2288 3419 2345 3453 ac
2380 3405 2521 3453 dein-

1397 3487 1513 3536 ceps
1561 3472 1650 3521 iata
1686 3472 1772 3521 tibi
1810 3479 1941 3521 tanto
1991 3471 2345 3521 manumissore
2382 3479 2516 3535 parta

1397 3541 1631 3591 cervicum
1671 3540 1868 3589 libertas
1914 3549 2010 3588 non
2058 3541 2230 3603 prosit,
2286 3540 2398 3588 vitio
2435 3548 2523 3588 tuo

1396 3610 1443 3658 in
1492 3615 1742 3657 aeteruum
1796 3608 1888 3657 sub
1942 3608 2207 3671 asperrima
2269 3607 2523 3670 tyrannide

1394 3677 1640 3726 servitium
1678 3675 1961 3725 recasura.“

1466 3744 1510 3791 k.
1549 3749 1825 3792 moraturae
1873 3742 2014 3792 etiam
2063 3743 2109 3792 in
2147 3739 2387 3804 oratione]
2449 3742 2522 3791 lta

1395 3809 1518 3860 baec
1553 3811 1692 3859 verba
1731 3811 1992 3858 emendavi.
2048 3811 2231 3859 Sensus
2267 3816 2482 3871 apertus.

1464 3877 1496 3927 Ι.
1537 3872 1790 3942 facillime]
1826 3877 2001 3925 Lndov.
2021 3877 2081 3925 de
2102 3876 2145 3924 la
2174 3875 2328 3925 Cerda
2368 3877 2519 3925 inter-

1394 3952 1613 4009 pretatur
1648 3934 1962 3999 εὐτελῶς,
2006 3943 2271 4007 respiciens
2292 3943 2521 3994 Clemen-

1397 4020 1492 4062 tem
1529 4013 1656 4062 Alex.
1695 4012 1894 4070 Paedag.
1917 4010 2081 4070 ttt,11
2124 4010 2202 4059 ubi
2239 4011 2354 4060 dicit
2388 4002 2518 4057 ἄνα-

1397 4073 1620 4127 δεῖσθαι
1670 4073 1773 4138 τὴν
1817 4073 1994 4143 κόμην
2040 4068 2264 4130 εὐτελῶς
2314 4071 2517 4145 περόνῃ

1396 4140 1508 4195 τινὶ
1541 4142 1677 4212 λιτῇ.
1732 4146 1962 4208 Rigaltius
1998 4153 2163 4195 contra
2189 4146 2519 4210 explicatsae-

1393 4216 1600 4280 pissime.
1687 4213 1845 4263 Malim
1896 4214 2114 4277 accipere
2158 4227 2251 4277 pr·
2287 4215 2519 4278 expedite,

1398 4290 1441 4332 et
1475 4285 1575 4333 sine
1609 4283 1713 4332 ulla
1746 4284 2073 4332 haesitatione:

1461 4364 1526 4398 m.
1563 4350 1703 4400 Tanti
1723 4357 1866 4413 caput
1883 4363 2025 4399 suum
2047 4342 2362 4411 mentiuntur]
2379 4348 2517 4398 Tanti

1393 4418 1535 4480 spatii
1573 4431 1682 4465 esse
1719 4425 2023 4481 caputsuum
2045 4417 2243 4478 lingunt,
2291 4415 2517 4464 Ceterum

1395 4485 1493 4534 sive
1537 4487 1788 4534 metiuntur
1826 4477 2002 4545 ‘tuen-is,
2044 4484 2170 4532 'sive
2215 4483 2515 4545 mentiuntur,

1395 4566 1568 4601 sensus
1605 4552 1777 4601 eodem
1814 4552 1954 4602 redit.

1463 4634 1511 4669 n.
1566 4619 1741 4684 quibus
1796 4618 1940 4684 plane
1992 4619 2146 4667 maior
2198 4625 2273 4667 est
2308 4611 2516 4682 palma]

1394 4686 1557 4750 Longe
1594 4686 1654 4736 ab
1689 4695 1821 4738 recta
1849 4688 2037 4738 ratione
2058 4700 2278 4739 erravere
2297 4686 2376 4751 qui
2398 4689 2517 4749 p'er-
