3263 5311
510 340 824 451 ἰιι

1202 401 1405 452 Qum‘rt
1449 399 1710 445 serrum
1752 396 2084 442 chonans
2130 398 2521 443 Taurunum

685 551 998 632 “dependi
1040 544 1117 611 in'
1143 550 1413 630 profectu
1457 562 1713 629 quorum
1741 556 1837 611 est
1861 549 2198 628 profectus,
2242 547 2377 628 ipsa
2404 547 2681 628 eroga-i*
2706 564 2859 627 quae
2886 547 3037 611 lucri

688 653 861 727 liant,
927 652 1132 714 eadem
1185 650 1377 731 pretia
1429 667 1584 730 quae
1637 656 1703 711 et
1748 664 2000 712 merces.
2106 649 2505 729 Prospexerat
2568 656 2630 710 et
2682 647 2831 711 alias
2882 648 3036 710 deus

685 752 1149 815 “inbecillitates
1190 750 1549 813 conditionis
1589 750 1900 824 humanae,
1945 736 2286 811 adversaris
2310 748 2584 824 insidias,
2626 766 2830 811 rerum
2864 748 3033 811 “fal-
3062 816 3069 817 ff

686 855 866 917 lacius
883 900 898 928 ,
945 850 1165 915 saeculi
1206 849 1384 925 retia,
1431 851 1609 914 etiam
1648 856 1792 930 post
1828 849 2124 915 lavacrum
2144 874 2149 879 ²
2165 850 2626 930 periclitaturam
2666 848 2877 924 fidem,
2917 868 3032 929 pe·

687 955 909 1017 rituros
952 952 1271 1033 plerosque
1311 969 1551 1014 rursum
1593 959 1737 1032 post
1760 950 2023 1013 salutem
2040 995 2058 1024 ,
2120 950 2223 1029 qui
2266 951 2547 1013 vestitum
2593 949 3039 1013 obsoletassent

584 1088 596 1097 -
685 1054 729 1086 ⁴⁷
741 1053 1063 1134 nuptialem
1083 1099 1100 1126 ,
1163 1051 1265 1131 qui
1319 1052 1528 1115 faculis
1584 1051 1781 1113 oleum
1824 1069 1950 1113 non
1990 1059 2478 1141 praeparassent,
2546 1052 2648 1131 qui
2690 1050 3034 1131 requirendi

453 1438 619 1482 Psalm.

397 1489 543 1545 xm,
557 1492 576 1531 1
591 1499 658 1542 aq.

379 1725 400 1770 1
415 1725 530 1770 Petr.
540 1723 607 1774 tv,
617 1724 656 1766 Β.

484 1775 630 1817 Matth.

450 1825 656 1903 ”¹¹⁹³7‘
685 1859 861 1920 deum
907 1850 1421 1934 scilicet-diligens
1466 1874 1542 1917 ex
1583 1854 1727 1916 totis
1771 1853 2000 1928 viribus
2044 1855 2205 1929 suis,
2247 1855 2465 1934 quibus
2508 1856 2567 1917 in
2604 1857 2892 1935 martyrio
2922 1857 3033 1918 de-

433 2673 540 2732 Cap.
558 2673 649 2718 vn.

685 1174 795 1236 per
837 1161 1072 1216 montes
1116 1161 1178 1215 et
1218 1151 1407 1214 saltus
1451 1160 1513 1214 et
1553 1150 1873 1213 “humeris
1918 1148 2524 1231 essent‘reportandi.
2601 1151 2815 1215 Posuit
2854 1151 3035 1230 igitur

686 1254 949 1317 secunda
989 1254 1074 1291 ‘³⁸¹‘
1091 1253 1302 1315 solatia
1342 1252 1461 1314 ⁴⁹et
1503 1259 1767 1315 extrema
1807 1251 2136 1331 praesidia,
2181 1252 2620 1314 dimicationem
2662 1251 2932 1331 martyrii
2974 1260 3035 1313 et

683 1354 980 1417 lavacrum
1036 1352 1340 1433 sanguinis
1397 1352 1607 1415 exinde
1642 1351 1697 1403 .³⁰
1708 1368 2007 1414 securum.
2112 1352 2199 1415 De
2260 1353 2432 1415 cilius
2487 1352 2767 1414 felicitate
2817 1352 3033 1417 David:

686 1456 849 1518 Beati
891 1472 1147 1534 quorum
1177 1454 1217 1486 ⁶¹
1235 1453 1522 1515 dimissae
1564 1461 1707 1515 sunt
1745 1453 2091 1531 iniquitates
2135 1461 2199 1515 et
2236 1471 2491 1533 quorum
2534 1461 2689 1515 tecta
2718 1461 2863 1515 sunt
2891 1471 3035 1534 pec-
3102 1490 3115 1497 -

687 1566 830 1620 cata.
918 1555 1191 1617 “Beatus
1234 1553 1325 1614 'vir
1367 1553 1461 1616 cui
1515 1571 1643 1614 non
1684 1552 2127 1632 ⁸⁵'’imputaverit‘
2172 1553 2321 1616 deus
2378 1553 2674 1615 delictum.
2783 1554 3035 1633 Proprie

688 1658 844 1719 enim
889 1655 1244 1736 martyribus
1289 1654 1436 1716 nihil
1477 1655 1595 1715 iam
1638 1653 1901 1733 reputari
1942 1661 2171 1735 potest,
2238 1644 2457 1733 quibus
2498 1653 2561 1715 in
2615 1654 2848 1716 lavacro
2902 1655 3036 1735 ipsa

684 1759 803 1820 vita
833 1755 1202 1837 deponitur¹.
1275 1754 1378 1817 Sic
1404 1753 1642 1817 dilectio
1688 1754 1885 1834 operit
1910 1754 2345 1817 multitudinem
2372 1756 2416 1788 ω
2426 1763 2838 1835 peccatorum,
2887 1774 3038 1835 qnae

687 1965 902 2031 certat,
949 1975 1020 2019 ex
1047 1956 1185 2018 'tota
1229 1956 1422 2017 anima
1466 1974 1606 2030 sua,
1669 1974 1846 2035 quam
1887 1973 1998 2034 pro
2044 1955 2159 2016 deo
2202 1956 2403 2036 ponit,
2460 1956 2764 2019 hominem
2808 1964 3034 2036 marty-

685 2077 815 2121 rem
859 2056 1113 2119 excudit.
1199 2056 1359 2119 Haec
1399 2064 1465 2119 tu
1507 2057 1798 2130 remedia,
1856 2055 2134 2138 consilia,
2178 2055 2391 2118 iudicia
2408 2103 2423 2130 ‚
2480 2055 2815 2135 spectacula
2858 2058 3037 2118 etiam

688 2160 783 2221 dei
826 2158 1193 2221 atrocitatem
1248 2155 1591 2219 ”vocabis?
1678 2157 2043 2236 Sanguinem
2096 2156 2357 2218 hominis
2415 2156 2562 2219 deus
2620 2146 3036 2237 concupiscit?

684 2260 761 2321 Et
800 2268 998 2321 tamen
1041 2257 1235 2321 ausim
1277 2258 1509 2331 dicere,
1579 2258 1631 2320 si
1685 2267 1746 2324 et
1778 2259 1968 2319 homo
2011 2274 2260 2337 regnum
2318 2258 2445 2331 dei,
2502 2257 2616 2318 “si
2670 2256 2855 2318 homo
2900 2274 3033 2320 cer-

687 2371 808 2422 tam
840 2360 1120 2432 salutem,
1167 2358 1221 2419 si
1264 2367 1326 2420 et
1366 2359 1549 2420 homo
1597 2359 1919 2420 secundam
1961 2357 2493 2437 regenerationem.
2552 2357 2595 2391 '³
2609 2357 2817 2419 Nulli·
2860 2376 3031 2420 com-

684 2459 957 2542 pensatio
1024 2458 1315 2521 invidiosa
1371 2467 1466 2520 est
1527 2460 1589 2521 in
1613 2458 1620 2465 '
1647 2478 1762 2540 qua
1817 2466 1919 2520 aut
1972 2458 2193 2540 gratiae
2248 2467 2350 2521 aut
2400 2457 2653 2520 iniuriae
2696 2459 3030 2520 communis

686 2571 780 2624 est
820 2561 996 2623 ratio.
1363 2590 1401 2619 ο

858 2662 1111 2724 Incutiat
1150 2660 1344 2722 adhuc
1387 2661 1660 2741 scorpius
1717 2659 2073 2721 homicidam
2126 2660 2304 2722 deum
2360 2660 2645 2726 ventilans
2658 2671 2698 2730 ⁸,
2757 2658 3030 2721 horrebo

657 2764 859 2845 'plane
913 2780 1193 2843 spurcum
1248 2761 1653 2842 blasphemiae
1710 2761 1941 2822 ¹tlatum
2009 2760 2084 2822 de
2138 2760 2438 2823 haeretico
2495 2779 2612 2822 ore
2649 2758 3032 2832 'foetentem,

683 2917 766 2967 44.
805 2910 1012 2981 dependi
1048 2916 1096 2965 in
1132 2914 1428 2979 praesectum
1465 2914 1627 2964 franc.
1643 2914 1818 2963 Iunius.
1898 2912 1980 2962 45.
2021 2911 2357 2963 inbecillitates
2391 2913 2748 2963 conditionisA.
2815 2910 2901 2961 46.
2941 2911 3034 2961 ral-

682 2985 824 3034 latias
858 2982 1039 3033 saeculi
1075 2979 1173 3044 Αβ.
1276 2981 1359 3032 47.
1399 2980 1680 3046 nuptialem,
1727 2982 1807 3045 qui
1846 2979 2018 3030 faculis
2053 2980 2215 3030 oleum
2253 2995 2350 3029 ιισιι
2386 2986 2761 3044 praeparassent
2806 2995 2898 3030 οπι
2917 2977 3032 3041 Δβ.

680 3051 767 3102 48.
804 3051 986 3101 umoris
1019 3047 1117 3113 Αβ.
1221 3048 1349 3099 481).
1386 3049 1580 3100 solacia
1602 3045 1700 3111 Afi-
1787 3047 1871 3097 49.
1909 3056 1957 3097 et
1991 3055 2200 3097 extrema
2236 3047 2352 3098 aea.
2423 3055 2631 3100 extrema
2666 3049 2748 3100 Ab.
2829 3046 2915 3096 50.
2948 3060 3032 3096 se-

684 3132 851 3170 curum
897 3117 1153 3180 ABmyGob.
1242 3123 1519 3169 secuturum
1555 3117 1608 3164 B.
1731 3115 1814 3164 51.
1861 3115 2090 3165 dimissae
2124 3122 2238 3164 sunt
2272 3115 2547 3178 iniquitates
2581 3122 2630 3163 et
2664 3128 2870 3191 quorum
2907 3121 3029 3163 tecta

681 3193 796 3237 sunt
831 3192 1027 3250 peccata
1059 3189 1112 3235 A.
1202 3183 1398 3233 dimissa
1447 3191 1562 3234 sunt
1608 3182 1783 3232 delicta
1831 3191 1879 3231 et
1912 3195 2116 3260 quorum
2155 3189 2352 3246 opertae
2386 3187 2501 3231 sunt
2536 3180 2811 3246 iniquitates
2845 3182 3053 3246 reliqui.-

682 3252 766 3304 52.
800 3252 1016 3301 beatus..
1019 3265 1145 3301 ,non
1182 3248 1296 3315 Αφ.
1367 3250 1712 3301 Hildebrondss
1746 3265 1899 3300 vocem
1934 3250 2004 3299 vir
2037 3251 2089 3299 in
2116 3249 2166 3300 A.
2203 3251 2414 3300 extitisse
2446 3256 2598 3312 neque.
2702 3247 2783 3299 53.
2821 3249 3032 3312 imputa-

679 3319 799 3370 verit
832 3321 914 3368 Ab.
985 3318 1274 3380 reputaverit
1305 3318 1491 3381 reliqui.
1596 3317 1678 3367 54.
1717 3323 2024 3380 peccatorum
2049 3318 2101 3366 A.
2172 3315 2456 3367 delictorum
2492 3317 2677 3392 reliqui.
2768 3315 2852 3366 55.
2891 3331 3033 3366 voca-

681 3385 759 3435 bis
793 3387 844 3436 A.
915 3383 1149 3433 iudicabis
1182 3385 1368 3448 reliqui.
1471 3384 1553 3434 56.
1591 3386 1633 3433 si
1669 3386 1817 3433 homo
1852 3391 2033 3433 certam
2068 3383 2274 3434 salutem
2322 3399 2410 3434 om.
2445 3382 2496 3434 Δ.
2576 3383 2619 3433 si
2655 3390 2703 3433 et
2734 3382 2888 3433 homo
2924 3397 3033 3434 cer-

681 3460 780 3502 tam
816 3450 1022 3501 salutem
1062 3451 1349 3502 ciacconius.
1451 3451 1534 3501 57.
1569 3451 1713 3501 Nulla
1749 3451 1879 3500 Folo.
1920 3451 2127 3501 Ursinus.
2284 3493 2293 3502 .

755 3515 758 3518 ’
818 3517 937 3581 Cap.
973 3515 1068 3566 vll.
1142 3517 1185 3565 1.
1222 3518 1387 3566 flatum
1422 3519 1502 3568 Ab.
1576 3519 1803 3570 adflatum
1837 3519 2024 3582 reliqui.
2128 3517 2175 3567 2.
2210 3505 2441 3595 ‘retentem
2478 3514 2577 3581 Αβ.

1904 3656 1997 3700 tur.
2058 3648 2114 3699 ln
2152 3648 2340 3701 lavacro
2376 3650 2639 3712 sauguinis.
2678 3649 2724 3699 V.
2753 3649 2919 3699 Desid.
2934 3649 3034 3700 He-

1905 3717 2029 3766 ral.
2082 3717 2142 3766 acl
2178 3718 2210 3766 Α
2217 3717 2429 3781 pologet.
2480 3731 2583 3783 cap.
2609 3715 2694 3767 49.
2743 3732 2792 3780 p.
2823 3716 2923 3767 186
2958 3732 3033 3782 sq.

1904 3783 2119 3834 Dodwell
2156 3781 2225 3833 D'e
2217 3734 2460 3835 ¹'secundo
2484 3783 2691 3849 Martyrui
2716 3779 2874 3848 Bapt„
2906 3783 3035 3834 inter

1903 3851 2176 3901 Dissertatt.
2228 3852 2449 3916 Cyprian-
2484 3851 2608 3903 xm.
2698 3848 2773 3902 Cf.
2822 3851 2894 3900 De
2940 3850 3035 3902 Ba-

1901 3919 2082 3982 ptismo
2120 3934 2209 3982 cap
2211 3917 2334 3969 ..16

1973 3999 2038 4035 ιιι.
2086 3934 2240 4051 Nulli]
2291 3985 2480 4036 Fulvius
2515 3984 2719 4036 Ursinus
2755 3992 3037 4036 correxerat

1903 4051 2047 4103 Nullo
2080 4055 2388 4117 companatio
2423 4067 2563 4117 sqq„
2609 4050 2806 4116 praeter
2855 4053 3034 4102 iustam

1905 4133 2116 4172 causam.
2170 4120 2301 4172 Infra
2338 4119 2496 4185 cap.8
2532 4118 2817 4181 „nunidem
2852 4120 3034 4170 nullius

1903 4194 2097 4251 praeter
2131 4187 2208 4237 dei
2243 4185 2571 4252 supplicem.“
2630 4185 2837 4249 Apolog.
2866 4201 2977 4251 cap.
3000 4185 3030 4236 8

1904 4253 2075 4314 „Veni,
2111 4253 2337 4316 demerge
2374 4255 2555 4304 terrum
2590 4254 2639 4302 in
2669 4253 3034 4303 infantema!-

1901 4321 2006 4371 lius
2030 4322 2296 4382 inimicum,
2328 4323 2509 4372 malins
2540 4319 2734 4370 reum.“
2785 4317 2837 4370 V.
2876 4319 3034 4370 adno-

1901 4395 1999 4440 tata
2035 4389 2095 4439 ad
2130 4388 2201 4439 De
2235 4388 2429 4440 Corona
2466 4401 2571 4453 cap.
2589 4386 2667 4438 10.

1938 4456 2087 4521 -.Cap
2106 4455 2203 4520 Vll.
2251 4471 2295 4506 a.
2304 4450 2601 4521 vendilsus]
2635 4453 2878 4504 Nimirum
2913 4465 3034 4502 eau-

749 3651 795 3700 k.
850 3647 1066 3713 erogari]
1113 3650 1159 3700 b.
1196 3664 1238 3701 e.
1286 3649 1519 3714 impendi,
1568 3653 1804 3702 consumi.

682 3716 994 3769 Tertullionei
1057 3717 1156 3766 stili
1210 3716 1513 3767 vocabulum.
1600 3718 1805 3783 Apolog.

682 3802 788 3852 cap.
807 3784 875 3836 48
927 3799 1062 3846 „non
1112 3784 1237 3834 enim
1287 3784 1496 3834 absumit
1543 3786 1633 3846 (sc.
1680 3786 1805 3849 ignis

680 3854 865 3904 divinae
912 3853 1120 3917 poenae)
1165 3852 1295 3917 quod
1332 3853 1499 3913 exurit,
1553 3853 1640 3903 sed
1688 3853 1803 3903 dum

681 3928 854 3984 erogat,
895 3919 1140 3984 reparat.“
1195 3919 1264 3968 Ad
1299 3918 1424 3970 Natt.
1462 3919 1582 3980 1,10
1618 3935 1804 3987 „anper

677 3989 1038 4053 inquinamenta
1075 4000 1339 4051 poenarum
1390 3956 1592 4052 proinde
1627 3987 1804 4037 saltant

681 4055 758 4105 dei
793 4054 934 4104 vestri
972 4061 1250 4115 argumenta
1286 4061 1334 4104 et
1366 4053 1594 4104 historias
1621 4067 1802 4104 nocen-

677 4120 807 4171 tibus
843 4117 1150 4183 οινιιςιιιιιάἰε.η
1194 4120 1396 4183 Apolog.
1434 4136 1538 4186 cap.
1551 4121 1670 4182 44,
1675 4135 1801 4182 ‚cum

678 4194 752 4239 tot
803 4187 1083 4236 innocentes
1146 4187 1447 4252 eropamur.“
1535 4189 1647 4238 Adv.
1699 4188 1801 4237 lud.

680 4269 787 4317 cap.
818 4252 851 4302 2
900 4260 1103 4320 „eroque
1154 4253 1400 4305 h‘ominem
1459 4253 1663 4305 febris.“
1734 4255 1802 4304 De

675 4322 845 4372 Anima
865 4333 970 4386 cap.
983 4321 1046 4371 51
1086 4322 1430 4388 „con-aptelae
1447 4323 1676 4372 materias
1699 4335 1824 4373 ero-

676 4387 871 4454 porotf‘
939 4388 1010 4438 Cr.
1058 4387 1274 4441 Hildebr.
1329 4389 1388 4439 ad
1435 4390 1576 4454 Apul.
1610 4389 1823 4440 Metam.

678 4457 729 4517 V,
758 4455 907 4520 13.p
912 4454 1062 4506 ..34·1
1109 4463 1158 4505 et
1203 4457 1425 4522 inprimis
1460 4457 1664 4508 Dirksen
1700 4458 1801 4507 lla-

676 4519 821 4573 nuale
854 4471 907 4573 ιι)
914 4537 957 4573 v.
995 4538 1045 4588 p.
1065 4521 1165 4572 327
1202 4538 1279 4588 sq.

719 4589 779 4638 Ι.
816 4590 993 4654 quibus
1029 4591 1078 4640 in
1115 4589 1304 4642 lavacro
1340 4592 1446 4656 ipsa
1479 4592 1571 4643 vita
1589 4592 1825 4658 deponis

1900 4491 2030 4574 dam.
2083 4522 2157 4574 Cr.
2193 4535 2341 4589 supra
2378 4537 2485 4588 cap.
2503 4523 2550 4572 1.
2604 4521 2673 4572 De
2708 4521 2872 4584 ellipsi
2907 4533 3031 4569 eou-

1901 4590 2157 4666 dicionalis
2190 4605 2291 4643 uon
2327 4599 2401 4643 est
2434 4589 2565 4657 quod
2599 4587 2746 4641 verbo
2780 4599 3025 4639 moneam.
