3263 5311
671 433 799 496 274
1183 445 1388 496 QumTI
1433 443 1698 490 sumum
1741 441 2090 491 nonanus·
2118 442 2513 485 ‘restructum

897 552 925 577 ε*

670 597 809 660 usui
852 604 1076 658 vestro.
1166 593 1483 667 Quomodo
1528 591 1884 655 infructuosi
1928 589 1969 624 ¹³
1982 590 2250 656 videmur
2289 591 2544 671 negotiis
2588 591 2802 655 vestiis
2818 638 2837 666 ,
2890 610 3022 655 cum

671 688 888 779 qu'ibus
934 705 993 758 et
1033 695 1108 757 de
1151 694 1367 773 quibus
1411 692 1695 768 vivimuS,
1741 693 1918 754 ¹‘non
1961 691 2109 754 scio.
2195 691 2316 754 Sed
2358 693 2413 756 si
2453 692 2846 757 caerimonias
2891 702 3020 756 tuas

622 810 629 818 ·
672 818 797 860 non
830 799 1182 876 -nequcnto,
1227 803 1485 858 attamen
1530 794 1571 826 ¹⁵
1585 802 1648 856 et
1686 792 1786 856 illa
1827 793 1926 856 die
1967 793 2151 856 homo
2194 812 2349 881 sum.
2423 793 2614 858 ¹·Non
2654 793 2825 872 lavor
2865 794 3019 858 dilu-

673 900 805 962 culo
852 894 1317 970 Saturnalibus·,
1362 914 1440 957 ne
1484 903 1543 955 et
1584 902 1824 959 noctem
1867 904 1929 957 et
1971 894 2128 957 diem
2171 894 2415 974 perdam
2430 940 2448 969 ,
2505 894 2549 927 ¹⁷
2559 903 2816 958 attamen
2863 895 3025 958 lavor

672 1001 926 1062 honesta
978 999 1128 1059 hora
1182 1005 1243 1059 et
1304 996 1559 1071 salubri,
1626 1014 1781 1075 quae
1833 994 1979 1062 mihi
2035 995 2152 1058 ¹⁸et
2193 995 2236 1028 ¹⁹
2249 995 2506 1060 calorem
2553 1003 2623 1058 et
2675 996 3026 1076 sanguinem

673 1108 903 1172 servet3
946 1098 1200 1177 ²⁰rigere
1243 1088 1304 1159 et
1343 1097 1565 1178 pallere
1606 1107 1749 1177 post
1788 1097 2079 1159 lavacrum
2125 1104 2399 1163 mortuus
2443 1114 2713 1176 possum.
2787 1097 2931 1161 Non
2971 1098 3026 1160 in

670 1200 908 1281 publico
952 1198 1326 1263 Liberalibus
1370 1198 1715 1273 discumbo,
1772 1198 1932 1278 quod
1975 1197 2272 1260 bestiariis
2314 1198 2357 1230 ²¹
2373 1216 2714 1278 supremam
2757 1216 3021 1266 coenan,

672 1300 833 1364 tibus
877 1319 1012 1363 mos
1057 1297 1197 1372 θεῖ’,
1244 1307 1501 1362 attamen
1542 1299 1702 1361 ”ubi
1747 1299 1821 1361 de
1864 1290 2055 1378 copiis
2095 1298 2215 1360 tuis
2245 1318 2458 1362 coeno.
2518 1298 2655 1361 Non
2683 1317 2820 1362 emo
2852 1300 3027 1380 capiti

672 1420 979 1465 coronam.
1068 1400 1227 1473 Quid
1272 1409 1369 1462 tua
1413 1400 1693 1475 interest,
1739 1400 1956 1480 emptis
1999 1399 2385 1463 nihilominus
2431 1399 2678 1463 floribus
2720 1401 3024 1480 quomodo

672 1501 848 1566 utar?
934 1501 1088 1571 Puto,
1130 1501 1353 1585 gratius
1398 1500 1593 1563 ”esse
1637 1500 1841 1564 liberis
1884 1508 1945 1562 ct
1986 1501 2197 1562 solutis
2242 1509 2301 1562 et
2342 1501 2603 1582 undique
2631 1502 2847 1581 vagis„
2914 1502 3029 1566 Sed

674 1603 790 1666 etsi
832 1603 896 1665 in
941 1620 1223 1664 coronam
1266 1602 1517 1676 coactis,
1543 1601 1732 1663 .²‘nos
1777 1619 2058 1665 coronam
2088 1601 2332 1663 naribus
2360 1601 2725 1676 ²“novimum
2769 1602 3028 1666 viderint

674 1704 775 1785 qui
816 1722 926 1783 per
970 1702 1239 1782 capillum
1297 1703 1679 1766 odoramure.
1789 1702 2153 1782 Spectaculis
2208 1720 2332 1763 non
2388 1703 2806 1780 convenimus3
2880 1722 3027 1784 quae

679 1889 760 1940 13.
795 1887 1010 1940 videmur
1045 1889 1285 1940 ABDEFG.
1323 1892 1500 1955 Erfurt.
1580 1891 1824 1942 videamur
1860 1893 2037 1954 abcdes.
2075 1891 2264 1942 Haverr.
2391 1889 2470 1940 14.
2520 1903 2616 1940 non
2665 1891 2783 1940 scio.
2853 1890 2954 1941 Sed
2989 1893 3028 1943 si

674 1957 1049 2021 ABDEFGacdes.
1096 1959 1282 2008 Vindob.
1324 1959 1473 2009 Oxou.
1507 1960 1681 2024 Ertkrt.
1756 1957 1939 2020 nescio,
1975 1966 2022 2008 et
2056 1958 2097 2008 si
2133 1953 2179 2005 λ.
2271 1972 2368 2007 non
2406 1957 2525 2007 scio.
2576 1958 2671 2008 Sed
2708 1961 2754 2009 b.
2865 1958 2948 2008 15.
2985 1968 3030 2008 et

677 2025 949 2076 πιθοῦσα.
1060 2023 1137 2075 16.
1173 2025 1279 2075 Nou
1318 2025 1422 2077 lavo
1457 2026 1548 2077 sub
1586 2034 1775 2076 noctem
1804 2025 2140 2076 Saturnalibus
2174 2019 2241 2089 21·-
2261 2025 2449 2076 Havete.
2557 2025 2638 2075 17.
2674 2033 2888 2076 attamen
2925 2026 3027 2076 lavo

674 2098 724 2142 et
758 2091 916 2142 debita
953 2092 1072 2142 bora
1108 2097 1143 2156 s.
1178 2093 1370 2144 Havcrc.
1474 2094 1562 2144 sed
1610 2092 1715 2144 lavo
1764 2102 1810 2144 et
1855 2093 2014 2143 debita
2064 2094 2182 2142 bora
2217 2088 2265 2140 λ.
2389 2092 2468 2142 18.
2520 2100 2568 2143 et
2614 2108 2704 2145 om.
2739 2095 2793 2143 F.
2836 2094 3029 2145 Vindob-

679 2159 758 2210 19.
794 2159 1007 2210 calorem
1042 2160 1353 2225 ᾼΒΠΕΡαάεῙ.
1382 2161 1571 2212 Vindob.
1605 2161 1752 2213 Oxou.
1782 2162 1955 2226 Erfurt.
1978 2161 2178 2211 Gaudeo.
2209 2160 2375 2211 Elnon.
2403 2161 2646 2211 Vaticanus
2679 2176 2816 2210 unus.
2892 2161 3029 2211 colo-

676 2241 777 2276 rem
817 2227 923 2277 Gbc.
1029 2226 1110 2277 20.
1147 2228 1325 2290 frigere
1359 2223 1405 2275 λ.
1515 2227 1597 2278 21.
1635 2242 1911 2293 supremam
1945 2229 2154 2291 ABFGcs.
2181 2228 2371 2278 Vindob.
2442 2227 2532 2276 sub
2570 2228 2775 2291 primam
2801 2228 3027 2291 Bonam-s.

672 2307 899 2359 suprema
936 2295 1150 2345 DEabdc.
1187 2296 1360 2359 Errat-t·
1412 2296 1560 2346 Ozoa.
1621 2297 1863 2347 Vaticanus
1897 2310 2034 2346 unus.
2172 2294 2254 2345 22.
2304 2295 2385 2344 ubi
2430 2295 2792 2346 ABDEFGnced.
2834 2295 3028 2346 Vindob-

676 2364 824 2412 Oxon.
859 2362 1035 2425 Errat-t.
1068 2376 1076 2384 ¹
1106 2362 1269 2413 ubiubi
1306 2365 1372 2425 df.
1406 2363 1597 2414 Haaerc.
1670 2364 1942 2428 ubicunque
1974 2359 2021 2411 λ.
2131 2360 2212 2412 23.
2250 2374 2360 2412 esse
2395 2357 2460 2426 λῙ.
2495 2363 2686 2413 Haverc.
2736 2364 2821 2412 Ρνο
2859 2363 3029 2412 liberis

672 2433 722 2479 ia
756 2430 808 2480 F.
843 2436 912 2479 est
947 2428 1259 2489 liberalibus,
1293 2431 1346 2480 in
1371 2431 1559 2481 Vindob.
1596 2429 1828 2480 liberalis.
1934 2429 2017 2481 24.
2054 2444 2151 2480 non
2187 2433 2261 2481 ab.
2367 2429 2449 2479 25.
2487 2430 2785 2480 admovimus
2820 2432 2925 2481 abc.
2978 2430 3028 2480 ln

673 2492 717 2542 λ.
760 2501 887 2545 extat
922 2499 1129 2555 coactis,
1168 2513 1250 2547 vos
1286 2497 1415 2546 enim
1450 2512 1548 2548 non
1586 2496 1821 2548 novimus.

674 2628 818 2691 ,πῆς
848 2623 961 2696 γὰρ
997 2623 1138 2697 ἒμπο
1178 2625 1265 2683 iac
1300 2621 1396 2680 οὔκ
1432 2621 1613 2691 οὔσης,
1672 2622 1796 2681 οὔδ’

675 2692 1053 2766 &swainu-
1092 2711 1102 2724 ¹
1176 2697 1278 2752 εῶς
1329 2690 1602 2759 ἀλλήλοις,
1676 2690 1804 2749 οὔτε

672 2761 813 2817 κατὰ
845 2765 982 2832 γῆν,
1033 2757 1155 2816 οὔτε
1190 2760 1283 2814 διὰ
1328 2760 1676 2827 θαλάσσης-Ἀ*
1744 2768 1803 2817 Et

679 2836 878 2899 passim.
935 2836 1037 2885 Hac
1072 2843 1230 2886 autem
1269 2835 1328 2884 de
1365 2850 1418 2885 re
1439 2836 1655 2886 diversae
1692 2836 1799 2887 tue·-

661 2910 787 2953 ruut
821 2911 1033 2953 veterum
1084 2903 1465 2953 Christianorum
1513 2903 1798 2953 sententiae.

673 2967 911 3030 ζῆθι-816.)
948 2970 1022 3022 Cl'.
1043 2970 1246 3020 Salmas.
1274 2971 1337 3020 de
1360 2971 1527 3021 Usuris
1546 2985 1655 3035 pag.
1681 2969 1797 3021 660.

744 3052 787 3087 e.
823 3037 931 3087 Non
984 3038 1117 3087 lavor
1172 3038 1386 3088 diluculo
1435 3034 1798 3104 Saturnalibus]

674 3104 976 3169 Tempestiva
996 3106 1125 3155 euim
1152 3106 1199 3155 in
1225 3107 1285 3156 iis
1311 3107 1650 3156 festivitatibus
1680 3120 1799 3156 con·-

673 3172 786 3223 vivia
825 3173 1034 3232 adibant,
1073 3181 1119 3221 et
1156 3174 1334 3224 idcirco
1367 3174 1603 3223 maturius
1642 3173 1799 3223 lavare

674 3240 944 3303 oportebat.
992 3239 1109 3289 Nam
1148 3241 1321 3289 balnea
1360 3240 1530 3303 epulas
1565 3254 1797 3304 praeces-

674 3308 799 3356 sisse
836 3314 884 3355 et
920 3313 1084 3355 notum
1123 3313 1214 3367 est,
1252 3314 1295 3355 et
1334 3320 1423 3355 uos
1448 3321 1643 3372 quoque
1679 3307 1796 3357 olim

559 3389 574 3410 ·
674 3373 1049 3423 observabamus
1068 3372 1199 3422 alibi.
1236 3373 1450 3424 Mortuos
1473 3384 1631 3423 autem
1653 3374 1797 3426 etiam

671 3439 911 3499 lavabant,
949 3439 1076 3502 qnod
1113 3448 1161 3488 et
1196 3440 1308 3490 alibi
1346 3441 1671 3491 notabamus:
1698 3435 1798 3504 [Cf.

672 3504 854 3560 Becker
902 3505 1067 3556 Gallus
1106 3507 1193 3573 ll,v
1228 3522 1274 3571 p.
1313 3507 1412 3557 273
1459 3504 1595 3574 sqq]
1667 3508 1799 3568 Qua-

674 3580 876 3636 propter
894 3572 1024 3623 addit
1044 3569 1397 3624 Tertullianus:
1432 3576 1582 3638 riyere
1616 3583 1660 3625 et
1690 3577 1798 3640 pal-

673 3642 768 3691 lere
800 3648 905 3705 post
934 3643 1166 3693 lavacrum
1195 3649 1402 3692 mortuus
1430 3658 1634 3706 possum.
1671 3644 1796 3703 Nou,

673 3708 858 3773 iuquit,
907 3708 1121 3760 lavamur
1170 3709 1290 3759 bora
1336 3710 1699 3774 intempesti'ea,
1752 3719 1799 3761 et

675 3777 784 3826 inde
821 3778 1030 3841 rigorem
1067 3785 1210 3841 atque
1246 3792 1302 3827 ex
1348 3778 1508 3840 rigore
1554 3778 1794 3842 pallorem

675 3845 1047 3908 contrahamus3
1088 3845 1174 3895 sed
1202 3845 1414 3904 lavamur
1445 3845 1650 3898 honesta
1676 3846 1795 3896 bora

674 3920 723 3963 et
757 3912 959 3973 salubri,
1009 3928 1133 3978 quae
1168 3920 1216 3963 et
1250 3914 1533 3977 sanguinem
1571 3921 1618 3963 et
1659 3913 1796 3963 colo·

675 3993 778 4028 rem
814 3979 956 4030 nobis
985 3990 1252 4032 conservet.
1288 3981 1522 4043 (Hei-ald.)
1558 3981 1634 4032 Cl'.
1664 3981 1799 4045 Lips.

673 4045 874 4097 Excura.
910 4047 968 4095 ad
1006 4048 1154 4098 Tacit.
1190 4052 1310 4099 Anu.
1349 4048 1457 4099 xlv.
1494 4064 1540 4112 p.
1580 4046 1697 4098 335.

742 4111 776 4161 t.
814 4113 943 4173 quod
978 4114 1220 4165 bestiariis
1266 4129 1544 4173 supremam
1586 4129 1799 4166 coenan-

1558 4196 1658 4233 ema
1685 4197 1800 4234 coe-

1558 4250 1633 4300 uid
1671 4250 1797 4315 apud

1558 4326 1625 4368 est
1678 4319 1795 4368 mibi

1576 4385 1795 4436 existimo

1561 4455 1667 4508 can.
1689 4448 1796 4518 13]

1558 4536 1614 4581 is,
1650 4535 1796 4571 vena-

1561 4586 1626 4639 ibi
1646 4588 1792 4647 noxii,

1561 4656 1794 4709 satiatum

1902 2630 2096 2695 saginas
2145 2629 2492 2681 instruentes.·‘
2543 2630 2781 2692 (Herald.)
2848 2630 3028 2683 Suidas

1902 2714 2000 2748 s.v.
2034 2689 2286 2752 Εἴποις
2312 2692 2390 2747 τὰ
2412 2694 2577 2764 τρία
2601 2692 2754 2763 παρὰ
2775 2696 2842 2763 τῇ
2859 2692 3024 2778 αὐλῇ.

1900 2766 2017 2818 τοῖς
2038 2758 2130 2815 ἐπὶ
2150 2758 2403 2814 θάνατον
2420 2756 2712 2831 ἀγομένοις
2742 2761 3030 2832 παρῤησια

1898 2826 2041 2893 ἐξῆν,
2077 2827 2232 2882 σίτου
2249 2827 2339 2881 καὶ
2362 2826 2514 2881 οἴνου
2532 2829 2871 2913 πλιζρωθεῖσι
2897 2830 3030 2900 τρία

1898 2896 2075 2965 λέγειν
2101 2890 2137 2948 ἃ
2159 2893 2444 2963 βούλοιντο
2465 2916 2478 2929 ·
2503 2901 2618 2966 μεθ
2669 2890 2707 2948 ἃ
2737 2898 3031 2967 ‘pap-›25³-

1899 2981 1988 3022 τες
2017 2958 2294 3032 ἀπήγοντο
2318 2963 2417 3028 τὴν
2434 2962 2574 3033 πρὸς
2593 2960 2861 3018 θάνατον.
2904 2971 3030 3020 Pas-

1899 3038 1974 3086 sio
2013 3036 2100 3085 SS.
2139 3037 2404 3100 Perpetuae
2446 3045 2493 3085 et
2524 3036 2785 3087 Felicitatis
2817 3038 3031 3101 cap-17.

1901 3102 2097 3163 „Pridie
2127 3118 2319 3168 qnoque
2355 3120 2457 3155 cam
2488 3105 2575 3154 illa
2610 3119 2752 3158 coena
2789 3120 2924 3169 quam
2958 3106 3031 3155 li·

1900 3173 2056 3221 beram
2072 3178 2249 3231 vocant,
2291 3172 2594 3236 quantumin
2625 3172 2744 3235 ipsis
2767 3180 2887 3230 erat,
2924 3185 3034 3225 nou

1901 3242 2101 3288 coenam
2140 3236 2362 3299 liberam,
2397 3241 2484 3288 sed
2522 3254 2706 3304 agapen
2743 3249 3031 3300 coenarent,

1900 3305 2070 3355 eadem
2118 3307 2385 3356 constantia
2402 3305 2434 3330 “
2484 3314 2597 3357 cett.
2653 3306 2727 3357 ct.
2778 3306 2844 3359 lo.
2896 3308 3033 3359 Gan.

1899 3374 2080 3423 Stucltii
2116 3373 2345 3438 Antiquit.
2384 3374 2573 3424 Conviv.
2613 3375 2648 3433 l,
2685 3373 2770 3426 26.

1968 3455 2014 3502 g.
2050 3441 2256 3491 viderint
2290 3444 2372 3505 qui
2406 3456 2496 3506 per
2543 3440 2774 3506 capillum
2808 3441 3034 3493 odoran-

1900 3503 2020 3572 tur]
2059 3508 2228 3559 Minue.
2267 3509 2366 3558 Fel.
2404 3510 2566 3559 Octav.
2602 3524 2707 3572 cap.
2745 3508 2828 3559 38.
2865 3509 3033 3569 „Quis

1901 3583 2059 3625 autem
2096 3575 2178 3625 ille
2214 3576 2293 3640 qui
2331 3577 2517 3627 dubitat
2565 3578 2725 3627 vernis
2768 3576 3034 3638 indulgere

1899 3657 1991 3692 nos
2039 3644 2270 3704 floribus,
2324 3659 2433 3694 cum
2479 3645 2727 3708 capiamus
2772 3652 2822 3695 et
2857 3658 3035 3696 rosam

1897 3710 2022 3761 veris
2058 3710 2279 3766 etlilium
2299 3720 2346 3762 et
2379 3712 2608 3777 quicquid
2635 3712 2766 3762 aliud
2800 3712 2849 3761 in
2886 3711 3033 3762 flori-

1897 3777 1990 3827 bus
2027 3778 2189 3828 blandi
2242 3780 2422 3829 coloris
2471 3787 2519 3829 et
2552 3780 2719 3830 odoris
2767 3775 2884 3830 est?
2936 3779 3033 3830 uis

1897 3846 2024 3896 euim
2041 3853 2088 3895 et
2103 3847 2288 3909 sparsis
2304 3848 2497 3907 utimur,
2514 3847 2743 3897 mollibus
2757 3861 2814 3898 ac
2824 3847 3031 3907 solutis,

1899 3921 1949 3962 et
1982 3915 2126 3963 sertis
2163 3913 2288 3965 colla
2319 3915 2700 3977 complectimur.
2737 3915 2867 3964 Sane
2891 3915 3034 3979 qnod

1901 3987 2044 4045 caput
2078 3996 2176 4030 non
2201 3996 2509 4041 coronamus,
2546 3983 2816 4046 ignoscite:
2852 3997 3032 4034 auram

1896 4047 2013 4099 boni
2050 4048 2185 4099 floris
2213 4050 2410 4102 naribus
2435 4050 2630 4111 ducere,
2665 4064 2763 4099 non
2794 4050 3030 4115 occipitio

1899 4115 2146 4180 capillisve
2181 4117 2399 4168 solemus
2425 4117 2672 4168 haurire.“
2731 4117 2890 4182 Caput
2926 4132 3032 4170 non

1898 4197 2162 4234 coronasse
2212 4192 2420 4234 veterem
2472 4184 2802 4237 Christianum
2852 4195 3033 4237 notum

1900 4259 1989 4302 est.
2027 4250 2248 4315 cyprian.
2283 4251 2355 4301 De
2372 4253 2574 4317 Lap‘sis:
2611 4251 2716 4312 „ab
2739 4252 2893 4318 impio
2915 4267 3032 4305 see·

1896 4317 2148 4385 leratoque
2183 4315 2434 4381 velamine,
2471 4335 2567 4385 quo
2605 4320 2706 4371 illic
2723 4320 3031 4381 velabantur,

1895 4387 2269 4447 sacrificantium
2308 4390 2462 4453 capita
2501 4389 2700 4453 captiva,
2758 4398 2908 4453 capnt
2944 4402 3065 4438 ve·.

1897 4460 2051 4504 strum
2089 4454 2297 4505 liberum
2319 4456 2510 4507 mansit.
2548 4456 2704 4507 Frons
2734 4470 2844 4506 cum
2881 4457 3029 4519 signo

1895 4520 1972 4569 dei
2008 4536 2132 4586 pura
2166 4521 2347 4574 diaboli
2385 4538 2612 4575 coronam
2645 4525 2775 4574 ferre
2805 4539 2903 4574 uon
2929 4537 3030 4587 po·
3088 4560 3101 4569 .

1893 4589 2000 4649 tuit,
2032 4604 2242 4642 coronae
2266 4606 2322 4641 se
2348 4591 2530 4643 domini
2559 4591 2871 4644 reservavit.“
2907 4590 3031 4642 Cle·

1893 4665 2042 4709 ment.
2068 4657 2196 4710 alex.
2225 4658 2429 4725 Paedag.
2451 4659 2513 4724 ll,
2528 4658 2576 4710 8.
2625 4658 2771 4711 Plura
2802 4659 3029 4725 reportes
