3263 5311
888 431 964 477 ur.
1010 418 1199 478 cuti-v
1243 418 1580 477 remmam!
1624 431 1738 477 un.
1770 433 1836 477 ιι.
2316 412 2324 418 ’
2424 421 2547 485 729

192 585 366 667 peris
403 584 776 647 damalius
815 597 1000 665 grana
1042 584 1250 647 neseio
1295 595 1446 664 qnae
1496 583 1857 664 panderent,

197 686 576 768 ”parmas
621 697 859 766 quoque
914 686 1043 747 suis
1106 678 1394 747 bullarum
1451 685 1579 747 viee
1633 687 1878 748 inserun

195 797 403 851 aurum
446 787 675 868 ipsum,
720 789 892 850 euius
933 803 1046 850 vos
1088 789 1280 868 gloria
1320 797 1600 868 occupat,
1668 788 1878 850 eaidau

195 890 423 953 serviro
465 883 785 953 ”referunt
826 890 1132 969 gentilium
1174 889 1459 951 litterae'.
1531 889 1697 951 Adeo
1740 903 1863 952 uon

194 982 305 1054 sed
345 990 620 1065 nritate3
687 992 969 1054 uartibus
1013 1001 1209 1053 autem
1250 1009 1364 1072 per
1405 989 1649 1071 angelos
1693 1003 1878 1072 peecaw

195 1092 473 1155 materias
501 1093 926 1173 prodiderunt,
974 1091 1266 1155 inductis¹
1315 1092 1698 1173 operositas⁸
1726 1106 1861 1154 eum

198 1192 682 1274 “pretiositatem
725 1203 786 1257 et
828 1212 897 1256 ex
943 1214 1011 1257 ea
1055 1194 1360 1262 libidinem
1393 1194 1433 1226 ¹⁷
1443 1194 1843 1274 possidendae

194 1305 403 1357 uarum
449 1295 735 1358 excitavit.
847 1296 1077 1369 ¹¹’Quod
1123 1296 1175 1358 si
1231 1293 1410 1358 iidem
1467 1296 1657 1376 angeli
1716 1297 1818 1375 qui
1871 1321 1878 1352 ι

192 1396 498 1460 modi¹¹et
539 1396 868 1459 inlecebras
912 1398 1296 1472 detexerunt,
1339 1397 1524 1460 ¹'¹'auri
1569 1397 1703 1459 dieo
1749 1404 1810 1460 et
1837 1396 1878 1431 ²¹

194 1506 257 1561 et
316 1498 586 1578 “operas
650 1516 860 1560 eorum
924 1498 1323 1573 tradiderunt,
1391 1497 1509 1561 “et
1575 1498 1691 1560 iam
1743 1498 1878 1579 ipsu

192 1599 646 1680 ”vellerumque
688 1600 977 1662 tincturas
1021 1600 1176 1662 iuter
1219 1608 1421 1662 cetera
1460 1599 1795 1661 docuerunt
1811 1645 1826 1675 ,
1872 1621 1878 1656 ι

189 1708 261 1763 ut
303 1700 509 1762 Enoch
567 1701 779 1777 refert,
846 1702 1149 1781 quomodo
1191 1701 1556 1782 placebimus
1602 1701 1749 1775 deo,
1809 1714 1878 1781 ga

192 1820 327 1864 rum
371 1801 472 1882 qui
515 1801 661 1863 iram
707 1812 764 1863 et
820 1802 1390 1864 animadversionem
1447 1801 1600 1863 ⁸'dei
1657 1810 1878 1883 propte:

193 1901 421 1965 ¹'¹'Nunc
465 1910 529 1963 ut
572 1904 687 1965 ista
731 1904 1112 1983 prospexerit
1153 1904 1336 1978 deus,
1384 1904 1533 1966 deus
1562 1903 1878 1984 permiseri
1924 1972 1934 1979 ,

194 2003 387 2084 chylio
448 2013 675 2066 vestem
717 2005 922 2067 Esaias
987 2005 1029 2038 ⁸¹
1044 2006 1343 2085 increpet,
1424 2004 1706 2067 ⁸'nullum
1770 2006 2199 2069 botronatum*
2250 2008 2543 2083 retundat,
2569 1974 2750 2095 Ῑῗὲἷζξὲζ

203 2121 281 2174 11.
320 2124 583 2188 peronibus
619 2138 811 2189 quoque
848 2125 949 2174 suis
986 2123 1227 2174 bullarum
1265 2123 1540 2186 (bulherum
1577 2124 1649 2183 A.)
1684 2126 1768 2175 Ad.
1858 2138 1948 2190 per
1994 2126 2154 2177 omnia
2202 2142 2422 2192 quaeque
2458 2142 2546 2177 sua

194 2193 437 2244 bullarum
469 2194 655 2256 reliqui.
775 2192 853 2243 12.
904 2193 1055 2242 vincla
1104 2193 1243 2244 Derbe.
1368 2191 1444 2242 13.
1494 2193 1658 2242 terunt
1689 2195 1773 2243 Aa.
1887 2194 1964 2245 14.
2012 2195 2197 2247 artibus
2250 2204 2408 2245 autem
2457 2203 2548 2261 per

196 2261 396 2323 angelos
433 2267 731 2324 peccatores,
767 2263 846 2324 qui
885 2268 932 2309 et
968 2262 1099 2323 ipsas
1136 2261 1360 2310 materias
1396 2260 1732 2325 prodiderunt,
1769 2261 1976 2311 inductis
1995 2264 2266 2326 operositas
2300 2265 2383 2313 Aa.
2456 2264 2549 2312 Per

195 2327 395 2390 angelos
431 2334 589 2377 autem
629 2336 908 2392 peccatores
945 2328 1271 2376 demonstrata
1309 2333 1421 2377 sunt
1457 2329 1700 2376 communi
1738 2335 1784 2377 et
1819 2329 1951 2392 ipsas
1977 2330 2202 2379 materias
2227 2330 2547 2392 prodiderunt

196 2404 244 2445 et
276 2396 551 2459 operositas
584 2396 672 2445 BG.
743 2398 833 2446 Per
867 2396 1067 2457 angelos
1101 2404 1260 2444 autem
1299 2402 1579 2458 peccatores
1616 2395 1944 2461 demonstrata
1979 2404 2093 2445 suut
2127 2398 2208 2459 qui
2234 2399 2334 2460 (qui
2361 2412 2448 2447 om.
2472 2397 2548 2456 D.)

196 2471 244 2513 et
280 2464 411 2526 ipsas
450 2464 674 2513 materias
711 2464 1029 2528 prodiderunt
1064 2473 1110 2513 et
1145 2466 1217 2522 (ut
1236 2463 1283 2512 B.
1306 2479 1366 2512 m.
1390 2471 1500 2518 see.)
1537 2464 1812 2526 operositas
1847 2462 2261 2522 B(m.sec.)Debe.
2350 2465 2426 2514 15.
2464 2479 2544 2514 ra·
2645 2461 2652 2465 ’

195 2532 313 2581 ritas
358 2531 489 2581 futu.
518 2530 728 2581 Ursinus.
854 2530 932 2581 16.
983 2531 1282 2593 pretiositate
1332 2530 1705 2594 (pretiositatem
1756 2531 1824 2592 C.)
1876 2545 1932 2581 ex
1981 2547 2037 2581 ea
2085 2532 2285 2582 libidine
2335 2533 2545 2583 BCDabc.

195 2600 367 2649 excitet
402 2598 459 2647 ad
500 2599 744 2649 libidinem
781 2600 1010 2649 B.m.sec.
1082 2598 1382 2663 pretiositate
1419 2612 1474 2648 ex
1510 2613 1565 2648 ea
1604 2597 1751 2648 libido
1789 2600 2015 2650 Latinius.
2107 2600 2185 2649 17.
2223 2600 2546 2663 possidendae

195 2666 508 2732 (possidenda
528 2664 663 2732 Αφ.)
699 2668 757 2716 de
795 2668 1093 2732 pretiositate
1119 2671 1170 2717 A.
1256 2666 1334 2717 18.
1377 2668 1578 2717 seminas
1614 2667 1850 2723 B.m.see.
1925 2668 2004 2718 19.
2042 2669 2182 2728 Quod
2218 2669 2362 2718 iidem
2399 2668 2547 2726 (idem

193 2736 344 2793 BCB.)
380 2734 535 2796 augeli
574 2735 785 2786 BCDabe.
868 2736 998 2785 fulv.
1038 2736 1230 2785 Ursinus
1265 2739 1466 2787 correxit
1503 2735 1643 2795 Quod
1681 2737 1722 2784 si
1745 2736 1903 2785 iidem
1941 2737 2098 2795 angeli
2132 2761 2201 2770 —
2234 2761 2302 2770 —-
2338 2736 2397 2785 sd
2436 2735 2545 2784 ille·

197 2805 367 2854 cebras
418 2803 715 2853 detexerunt.
820 2801 900 2853 20.
943 2803 1216 2853 huiusmodi
1255 2806 1325 2854 loe.
1414 2812 1462 2852 et
1506 2802 1746 2852 eiusmodi
1783 2804 1869 2854 BG.
1991 2803 2071 2853 21.
2112 2811 2158 2852 et
2205 2819 2294 2853 om.
2330 2803 2543 2854 Bcvatoc.

195 2870 276 2921 22.
315 2871 418 2920 auri
453 2873 539 2921 Aa.
630 2886 799 2919 aurum
834 2872 1022 2935 reliqui.
1127 2870 1208 2919 23.
1260 2869 1473 2934 lapidum
1511 2871 1785 2919 inlustrium
1819 2872 1904 2920 Aa.
1986 2878 2235 2932 argentum
2285 2870 2545 2920 illustrium

192 2940 380 3003 reliqui.
485 2938 569 2988 24.
606 2954 783 3002 operas
816 2941 901 2988 Ad.
985 2953 1132 3001 opera
1181 2940 1366 3001 reliqui.
1438 2991 1443 2997 ,
1474 2936 1556 2987 25.
1592 2944 1641 2986 et
1676 2939 1769 2986 iam
1808 2939 1966 3001 ipsum
2001 2940 2086 2988 Aa.
2169 2938 2314 2987 etiam
2359 2939 2545 3002 reliqui.

193 3006 280 3056 26.
317 3006 686 3056 calliblelarium
721 3008 773 3057 A.
856 3006 940 3057 27.
977 3007 1304 3069 vellerumque
1320 3007 1489 3055 Aobed.
1560 3005 1634 3055 vel
1662 3004 1953 3068 plerumque
1975 3005 2101 3056 BCD.
2172 3004 2546 3070 palpebrarum·

193 3089 292 3138 que
328 3074 455 3123 Bau.
484 3090 575 3125 sec.
691 3073 775 3126 28.
822 3074 898 3123 dei
945 3082 1203 3137 propterea
1241 3089 1328 3123 om.
1363 3072 1577 3123 Bcooeoc.
1694 3071 1774 3124 29.
1822 3072 1959 3123 Nune
2007 3081 2060 3122 ut
2106 3073 2196 3123 ista
2245 3073 2549 3137 prospexerit

193 3142 319 3191 deus
354 3143 631 3206 permiserit
668 3144 720 3193 A.
809 3143 945 3191 Nune
981 3143 1101 3192 deus
1138 3143 1226 3190 ista
1265 3141 1585 3204 prospexerit,
1639 3140 1758 3189 deus
1792 3142 2073 3204 permiserit
2106 3142 2406 3205 (promiserit
2441 3142 2548 3201 BC.)

191 3209 411 3260 Bonoso.
516 3209 598 3259 30.
635 3209 694 3260 de
732 3217 807 3259 est
841 3210 1218 3273 conchylimBC.
1297 3209 1534 3258 detextam
1573 3209 1824 3271 conchylio
1859 3209 1989 3259 Bau.
2013 3224 2106 3258 see.
2174 3209 2257 3259 Ρνο
2295 3209 2547 3271 conchylio

190 3280 246 3327 in
279 3278 328 3328 Δ.
374 3284 439 3326 est
476 3277 702 3337 concilio,
751 3284 793 3328 et
829 3278 995 3326 Eseias
1027 3292 1111 3341 pro
1150 3277 1333 3326 Esaias.
1440 3274 1521 3326 31.
1560 3277 1778 3339 increpat
1811 3276 1899 3325 BG.
2014 3274 2096 3326 32.
2136 3276 2322 3325 nullum
2376 3276 2548 3325 botro-

191 3353 361 3395 natum
399 3344 649 3403 redundst,
687 3345 847 3394 nullas
885 3345 1078 3394 lunulas
1113 3345 1344 3408 reprobet
1375 3345 1423 3393 A,
1512 3343 1674 3393 nullas
1708 3343 1903 3394 lunulas
1938 3344 2184 3408 reprobet,
2233 3343 2420 3394 nullum
2459 3344 2565 3394 bo·-

190 3420 437 3464 trouatutu
474 3413 696 3462 retundat
727 3415 915 3477 reliqui.

186 3518 287 3566 bus
326 3515 560 3564 innocens
598 3514 753 3564 adbuc
779 3515 977 3565 infantia
1005 3522 1050 3565 ct
1075 3513 1191 3563 mali
1212 3528 1321 3563 sae·
1423 3511 1580 3563 Utitur
1615 3513 1709 3563 boe
1742 3510 1974 3562 vocabulo
2000 3511 2228 3563 irenaeus
2262 3524 2353 3576 pro
2382 3512 2550 3562 labore

189 3581 376 3634 cularis
428 3583 589 3643 ignara
629 3584 885 3643 crucietur,
945 3591 995 3631 ut
1042 3591 1210 3645 postea
1261 3581 1321 3631 de
1424 3588 1472 3630 et
1493 3592 1722 3630 aerumna
1761 3578 1922 3639 lib.ll,
1955 3579 2549 3646 cap.19.(Rigalt.)'0pe-

189 3653 385 3701 aurium
421 3651 725 3699 cicatricibus
768 3658 815 3698 et
852 3650 1066 3699 cavernis
1103 3650 1320 3714 pretiosa
1420 3651 1593 3699 rositas
1631 3649 1757 3714 apud
1796 3649 2146 3698 Tertullianum
2183 3650 2355 3700 eodem
2399 3663 2546 3698 sensu

188 3730 343 3782 grana
380 3717 703 3781 dependeant,
752 3719 925 3779 gravia,
971 3719 1058 3767 etsi
1097 3732 1194 3767 non
1230 3731 1319 3766 suo
1421 3716 1620 3780 semper
1655 3717 1864 3780 positum
1915 3725 1988 3766 est
2024 3731 2119 3780 quo
2157 3725 2358 3780 usurpat
2394 3716 2546 3777 Quin—

185 3777 436 3852 pondere,
463 3786 692 3835 mercium
718 3782 1024 3850 quantitate?
1060 3786 1192 3845 Quae
1212 3798 1320 3833 em·
1423 3782 1520 3832 ctil.
1559 3783 1677 3833 inst.
1699 3776 1974 3845 oniwttt,
1995 3784 2054 3834 3:
2093 3785 2214 3844 „Est
2248 3786 2389 3832 etiam
2423 3796 2546 3847 quae

187 3854 271 3904 nia
312 3859 593 3917 peccatores
628 3861 677 3903 et
706 3862 955 3917 apostatae
977 3852 1171 3914 augeli“
1209 3859 1318 3902 cett.
1421 3845 1708 3918 περιεργία
1757 3850 1948 3910 dicitur,
1998 3864 2311 3915 supervacua,
2372 3858 2424 3899 ut
2476 3851 2549 3899 sie

263 3922 312 3969 d.
352 3937 474 3985 quae
512 3922 654 3984 plane
692 3922 851 3971 Parthi
896 3921 1159 3985 peronibus
1197 3935 1320 3984 quo·
1422 3918 1640 3978 dixerim,
1676 3918 1948 3982 operositas,
1990 3926 2041 3967 ut
2076 3933 2102 3967 a
2140 3917 2352 3978 diligenti
2383 3918 2545 3966 curio—

187 4001 289 4054 qne
327 3988 430 4037 suis
467 3987 707 4037 bullarum
744 3981 1124 4054 vieeinserunt]
1164 3988 1211 4036 V.
1237 4003 1322 4037 su·
1421 4000 1507 4035 sus
1556 3993 1603 4035 et
1649 4000 1676 4034 a
1730 3985 1965 4046 religione
2014 3985 2297 4048 superstitio
2347 3984 2544 4033 distat.“

186 4071 282 4122 pra
324 4055 392 4104 De
429 4055 568 4105 Cultu
606 4056 788 4105 Femin.
827 4057 932 4117 t‚7.
1004 4057 1076 4106 Cl'.
1114 4056 1321 4105 Salmas.
1422 4053 1503 4103 Sic
1557 4054 1699 4103 etiam
1749 4067 1825 4115 ap.
1875 4052 2001 4101 Flav.
2041 4051 2232 4116 vopisc.
2272 4052 2356 4100 Vit.
2394 4051 2545 4101 Taciti

187 4124 253 4174 ad
293 4122 496 4173 Tertull.
535 4123 603 4173 De
640 4124 792 4173 Pallio
831 4140 878 4189 p.
899 4124 1015 4174 395.
1422 4136 1527 4185 cap.
1554 4121 1646 4172 ll:
1698 4120 2004 4182 „vitreorum
2065 4120 2337 4169 diversitate
2403 4127 2547 4183 atque

266 4205 308 4239 e.
349 4192 536 4240 cuidam
575 4193 702 4253 genti
738 4192 799 4241 ad
836 4192 1021 4241 vincula
1042 4192 1222 4241 servire
1241 4203 1322 4240 re·
1421 4192 1700 4254 operositate
1746 4188 2054 4238 vehementer
2102 4196 2176 4237 est
2223 4186 2545 4236 delectatus.“

187 4260 362 4310 ferunt
387 4260 634 4321 gentilium
671 4257 898 4324 litterae]
934 4260 1113 4311 Eadem
1136 4259 1321 4309 refere-
1421 4257 1623 4307 Tertull.
1664 4256 1732 4305 De
1765 4257 1932 4306 Anima
1970 4255 2127 4319 eap.2
2174 4255 2399 4315 „Quanta
2449 4255 2545 4303 dir-
2644 4318 2646 4321 Ι

182 4324 278 4378 bat
314 4338 460 4391 supra
503 4327 584 4376 lib.
617 4328 651 4378 l.
690 4343 795 4392 cap.
829 4327 877 4376 7.
1424 4325 1613 4374 ticultas
1648 4323 1906 4388 probandi,
1959 4329 2089 4372 tanta
2139 4325 2396 4387 operositas
2431 4336 2547 4371 sna·

264 4388 299 4443 l'.
338 4395 522 4444 artibus
559 4403 716 4444 autem
764 4410 855 4458 per
903 4394 1100 4457 angelos
1146 4407 1321 4456 pecca·
1425 4391 1621 4442 dendi.“
1690 4391 1758 4440 De
1794 4391 2023 4441 Oratione
2060 4406 2164 4455 cap.
2193 4389 2251 4438 14
2288 4389 2426 4449 „auri
2463 4403 2549 4437 au-

180 4470 348 4519 tores,
386 4462 467 4526 qul
506 4470 552 4512 et
578 4464 709 4526 ipsas
734 4464 958 4511 materias
989 4462 1322 4525 prodiderunt,
1424 4460 1642 4523 perbiam
1681 4466 1727 4506 et
1763 4459 1964 4508 erinium
2013 4458 2255 4508 lenoniam
2289 4458 2548 4520 operosita-

181 4527 431 4593 intlnctis]
468 4530 539 4579 (Π.
581 4530 647 4579 De
667 4531 808 4580 Cultu
845 4530 1024 4580 Femiu.
1062 4527 1101 4589 1,
1128 4527 1176 4577 2.
1211 4541 1321 4580 cum
1426 4525 1573 4576 tem.“
1644 4525 1711 4574 De
1747 4524 1889 4575 Cultu
1925 4525 2058 4574 Fem.
2094 4525 2154 4584 n,
2176 4524 2209 4574 6
2258 4520 2547 4582 „ordinandi

179 4599 364 4648 adnot.
1426 4594 1572 4645 crinis
1594 4592 1913 4657 operositas.“
1956 4593 2029 4641 Ct'.
2051 4593 2192 4641 etiarn
2214 4590 2279 4639 Ad
2298 4590 2421 4639 Natt.
2450 4590 2546 4650 t‚4.

260 4681 310 4728 g.
360 4662 659 4732 operositas]
727 4667 891 4730 Opus,
948 4664 1319 4728 manupretium.
1495 4664 1544 4711 b.
1584 4655 1917 4724 botronatum]
1964 4661 2275 4709 Botronatum
2313 4657 2428 4708 dicit
2463 4671 2549 4708 co·
