3263 5311
2363 389 2406 418 ‘a

1167 463 1642 507 wonocsrrcuu.
2479 453 2599 517 133

240 616 329 679 lus
372 616 602 676 Verus‘
644 613 982 694 inpressit·.
1072 612 1353 676 Facilius*
1409 614 1960 695 ⁴''utiquepessimi
2026 615 2099 677 ab
2160 616 2403 696 optimis
2461 620 2598 698 qui-

238 717 486 795 busque,
554 719 622 775 ut
675 715 748 776 ab
806 714 1113 788 aemulis·‚
1182 734 1360 795 quam
1425 735 1458 777 a
1519 717 1648 777 suis
1719 717 1900 776 sociis
1959 717 2296 779 eradicandi
2367 719 2596 782 iudica-

237 826 462 879 rentur.

400 917 575 978 Nunc
614 915 1086 995 'religiosissimi
1139 916 1337 996 legum
1403 925 1463 978 et
1522 925 1912 997 paternorum
1979 919 2387 982 institutorum
2443 903 2860 1018 pr0-!cap.Y1.‚³

238 1027 493 1080 tectores
552 1025 612 1080 et
650 1017 911 1079 'ultores
977 1016 1383 1097 respondeant
1434 1018 1609 1080 velim
1667 1019 1741 1080 de
1808 1038 1916 1080 sua
1973 1020 2086 1081 fide
2143 1029 2205 1081 et
2257 1021 2488 1083 bonore
2537 1033 2597 1085 et

235 1120 525 1199 obsequio
582 1137 719 1197 erga
772 1118 1065 1180 maiorum
1132 1120 1422 1193 consulta,
1489 1119 1541 1180 si
1589 1140 1621 1181 a
1667 1119 1826 1182 nullo
1876 1121 2343 1196 'descivemnt·,
2388 1123 2477 1184 ⁴si
2531 1123 2593 1184 in

236 1222 388 1282 nullo
448 1219 962 1293 exorbitaverunt,
1031 1221 1085 1281 si
1141 1239 1265 1282 non
1307 1221 1649 1282 necessaria
1694 1229 1755 1282 et
1797 1222 2106 1301 aptissima
2149 1241 2418 1303 quaeque
2462 1223 2594 1286 dis·

235 1322 482 1400 ciplinae
530 1320 1033 1382 oblitteraverunt.
1131 1322 1405 1396 Quonam
1448 1323 1581 1386 illae
1635 1323 1799 1401 leges
1844 1323 2117 1385 abierunt
2173 1331 2476 1403 sumptum
2531 1331 2598 1386 et

236 1422 618 1483 ambitionem
649 1422 1110 1502 comprimentes
1126 1422 1191 1484 ⁸?
1235 1443 1387 1504 quae
1418 1432 1656 1485 centum
1700 1442 1838 1485 aera
1884 1442 2005 1485 non
2050 1424 2303 1503 amplius
2347 1425 2412 1484 in
2443 1443 2587 1485 coe-

235 1541 359 1600 nam
404 1523 749 1584 subscribi·
792 1522 1074 1584 iubebant
1114 1543 1226 1585 nec
1270 1525 1522 1604 amplius
1568 1543 1745 1604 quam
1791 1543 1967 1584 unam
2025 1524 2230 1585 inferri
2294 1525 2587 1604 gallinam,

237 1633 291 1685 et
331 1643 459 1685 eam
504 1642 633 1685 non
680 1623 1021 1704 saginatam,
1068 1643 1216 1704 quae
1260 1625 1594 1705 patricium,
1642 1625 1801 1704 quod
1844 1625 2082 1686 ⁵deoem
2127 1624 2330 1706 pondo
2362 1626 2591 1704 argenti

236 1725 561 1799 habuisset,
608 1744 718 1805 pro
763 1744 975 1805 magno
1020 1725 1396 1787 ‘ambitionis
1440 1727 1612 1789 titulo
1660 1734 1873 1787 senatu
1919 1726 2369 1799 submovebant,
2439 1746 2590 1806 quae

238 1826 448 1887 theatra
496 1827 843 1905 stuprandis
875 1826 1143 1888 moribus
1177 1827 1428 1888 orientia
1459 1827 1659 1888 statim
1690 1826 2129 1901 destruebant&
2177 1847 2326 1907 quae
2353 1828 2588 1907 ''digni-

236 1935 409 1990 tatum
473 1933 540 1989 et
607 1929 999 1989 honestorum
1056 1929 1337 1990 natalium
1402 1928 1695 2007 insignia·
1736 1947 1860 1989 uon
1919 1937 2139 1990 temere
2198 1948 2310 1990 nec
2366 1930 2589 2010 inpune

238 2114 312 2164 to.
347 2115 509 2180 itaque
548 2115 623 2164 cd.

360 2199 478 2263 Cap.
520 2199 597 2246 Vl.
674 2198 718 2247 Ι.
755 2198 1118 2261 religiosissime
1156 2200 1206 2249 G.
1245 2200 1457 2249 Leidens.
1502 2199 1694 2248 vindob.
1816 2197 1865 2246 2.
1905 2197 2089 2247 ultores
2123 2193 2350 2250 ABDGM.
2395 2200 2586 2250 Vindob.

236 2266 436 2316 Leideus.
471 2268 590 2316 libri
622 2265 813 2316 Pumelii
859 2281 1029 2316 omnes.
1114 2267 1326 2316 cultores
1374 2268 1558 2328 Eabces.
1592 2267 1799 2316 Λητὼ-οε.
1841 2265 1989 2315 Oxou.
2026 2267 2202 2329 Erfurt.
2285 2266 2586 2317 institutores

236 2333 282 2381 F.
381 2334 427 2383 3.
464 2335 763 2383 disciveruut
795 2334 921 2382 ABE.
959 2335 1085 2383 Leid.
1125 2335 1298 2398 Erfurt.

1403 2334 1452 2383 4.
1488 2334 1530 2381 si
1569 2334 1615 2382 in
1655 2334 1740 2383 illo
1779 2334 2109 2382 exorbitarunt
2144 2350 2186 2384 e.
2333 2335 2378 2384 5.
2416 2335 2586 2388 decem

237 2401 440 2462 pondera
478 2401 535 2451 F.
642 2400 689 2450 6.
727 2401 1002 2450 ambitionis
1040 2403 1177 2451 titulo
1214 2402 1415 2451 ABEFG.
1452 2402 1663 2450 Leidens.
1708 2402 1898 2451 Vindob.
1937 2401 2111 2464 Erfurt.
2181 2401 2320 2451 titulo
2359 2403 2586 2453 ambitio-

236 2468 306 2517 nis
338 2471 560 2531 Dabcdes.
667 2468 715 2516 7.
753 2469 1035 2530 dignitatum
1071 2465 1441 2535 Aqossfcaabds.
1488 2470 1681 2520 Vindob.
1711 2470 1920 2518 Leidens.
1955 2469 2190 2519 Gorneas.
2228 2470 2319 2520 duo
2362 2471 2583 2521 Vaticani.

237 2534 504 2597 dignitatem
542 2534 773 2598 AssDEce.
813 2536 983 2599 Erfurt.
1027 2537 1173 2587 Oxou.

304 2703 343 2737 r.
376 2683 544 2753 Verus]
592 2688 766 2737 Verum
806 2703 912 2737 cum
950 2689 1065 2738 dicit
1100 2689 1361 2738 Tertullia-

241 2769 347 2812 nus,
380 2763 632 2819 utrumque
653 2757 995 2818 imperatorem
1022 2756 1277 2815 intellegit,
1316 2765 1365 2805 et

245 2820 443 2870 Hereum
499 2823 775 2887 praecipue.
860 2824 928 2873 De
975 2824 1150 2873 Severo
1201 2818 1363 2887 [cuius

248 2902 419 2936 nomen
449 2892 775 2952 reponendum
822 2891 901 2940 bic
945 2892 1109 2941 statuit
1144 2891 1237 2941 lac.
1275 2891 1366 2940 Pa-

250 2950 443 3018 melius]
487 2958 607 3006 idem
652 2959 815 3008 dicere
863 2974 958 3008 nou
1008 2967 1212 3022 poterat.
1285 2958 1364 3007 Si—

252 3022 439 3084 quidem
485 3027 835 3085 persecutiones
890 3027 980 3075 sub
1030 3041 1087 3075 eo
1137 3026 1367 3074 excitatae

253 3103 439 3138 causam
475 3090 698 3143 dederunt
746 3094 861 3143 buic
883 3093 1212 3157 Apologetico.
1248 3093 1366 3150 (lle-

250 3154 387 3215 rald.)
437 3157 664 3210 Batonius
719 3163 838 3211 Anu.
888 3170 1004 3211 tom.
1040 3160 1113 3221 ll,
1161 3177 1210 3226 p.
1252 3160 1365 3209 134.

248 3223 395 3273 solum
464 3226 667 3277 Marcum
726 3230 896 3277 Verum
970 3229 1218 3291 intellegit.
1290 3229 1361 3278 Cf.

246 3290 447 3343 fluenter
497 3294 762 3345 Primordin
810 3296 938 3346 Eccl.
977 3297 1075 3345 Al'r.
1111 3312 1160 3360 p.
1197 3296 1277 3345 21.
1316 3302 1364 3345 et

242 3374 288 3421 p.
328 3360 415 3409 170
442 3374 552 3425 sqq.
594 3364 663 3411 De
700 3364 802 3412 Veri
836 3370 881 3412 et
918 3364 1074 3413 Severi
1111 3366 1359 3412 nominum

240 3429 613 3546 {aurasiensi-cs.
652 3432 792 3480 etiam
821 3432 1025 3480 Salmas.
1066 3431 1126 3481 ad
1162 3432 1357 3494 Scriptt.

301 3578 337 3611 s.
370 3561 628 3630 inpressit]
665 3566 713 3613 h.
746 3581 787 3615 e.
823 3566 1187 3629 persequendas
1226 3580 1361 3614 mau-

239 3629 352 3681 davit
407 3642 454 3682 et
510 3633 783 3683 inculcavit.
866 3634 932 3683 De
981 3633 1136 3683 Pallio
1187 3648 1292 3696 cap.
1328 3634 1363 3682 4

232 3699 407 3758 „babes
440 3710 693 3766 spectare,
741 3701 867 3764 quod
916 3701 1121 3750 Caecina
1157 3701 1362 3750 Severus

236 3770 427 3826 graviter
456 3769 655 3819 senatui
691 3770 937 3833 messit,
980 3776 1226 3818 matronas
1257 3769 1362 3817 sine

236 3835 347 3882 stola
382 3837 427 3885 iu
474 3836 737 3901 publico.“
807 3836 879 3886 (ΣΙ.
915 3837 1115 3899 Apolog.
1154 3850 1260 3900 cap.
1299 3834 1363 3885 18

236 3901 359 3958 „Sed
390 3919 483 3967 quo
519 3904 721 3969 plenius
757 3910 804 3951 et
848 3907 1117 3967 impressius
1151 3911 1249 3953 tam
1286 3904 1364 3967 ip-

237 3980 337 4017 sum
370 3986 506 4034 qnam
544 3971 897 4035 dispositiones
934 3971 1039 4021 eius
1065 3970 1363 4021 adiremus.“

236 4034 339 4083 Δάν.
372 4037 593 4090 larcian-
634 4038 722 4098 ΙΙΙ,
760 4036 791 4087 8
839 4053 1011 4098 „mors
1046 4039 1224 4088 Christi
1273 4052 1363 4087 ne·

236 4109 383 4161 gatar,
414 4100 553 4169 quarn
592 4115 694 4156 tam
728 4108 951 4169 impresse
981 4106 1232 4170 apostolus
1269 4106 1362 4154 im-

235 4169 469 4221 mendat.“
534 4175 738 4224 Exhort.
777 4172 906 4223 Cast.
944 4188 1050 4238 cap.
1077 4173 1108 4223 3
1147 4174 1279 4234 „alte
1315 4180 1364 4221 et

228 4237 442 4299 impresse
480 4241 853 4303 recogitandum
904 4255 1013 4291 esse
1058 4242 1220 4291 dico.“
1291 4240 1362 4289 De

228 4302 381 4354 Carne
418 4308 597 4359 Christi
636 4323 743 4373 cap.
772 4307 835 4357 12
874 4308 971 4368 ,,Εῑ
1003 4316 1055 4358 ut
1089 4310 1360 4374 impressius

222 4371 433 4435 dixerim,
469 4378 668 4427 animae
703 4376 863 4426 anima
900 4390 1074 4426 seusun
1112 4376 1240 4425 est.“

284 4448 317 4488 t.
352 4439 592 4508 Facilius]
623 4444 670 4492 b.
685 4459 727 4493 e.
751 4445 936 4508 potius,
960 4444 1137 4507 aptius,
1164 4443 1360 4492 rectius.

220 4504 290 4557 Cf.
338 4524 461 4627 ᾳιιιὸε
536 4510 835 4561 adnotavere
908 4510 969 4560 ad
1036 4511 1107 4561 De
1170 4511 1362 4561 Corona

220 4586 319 4638 cap.
427 4612 440 4623 .

222 4704 231 4713 .
282 4656 326 4691 u.
366 4641 609 4711 aemulis]
661 4647 709 4695 V.
751 4647 977 4698 adnotata
1027 4646 1087 4698 ad
1130 4646 1199 4697 De
1235 4646 1364 4708 Fuga

217 4719 263 4756 m
298 4709 548 4765 Persecut.
594 4726 703 4778 cap.
741 4713 790 4763 2.

1518 2689 1635 2752 Cap.
1673 2688 1743 2738 vt.
1816 2704 1857 2738 a.
1907 2689 1948 2737 si
1996 2704 2022 2737 a
2078 2689 2211 2738 nullo
2259 2686 2584 2752 desciverunt]

1450 2756 1707 2807 Indicativo
1744 2769 1833 2818 pro
1872 2756 2169 2805 coniunctivo
2207 2755 2344 2805 ntiin
2375 2757 2586 2806 interro-

1449 2824 1659 2884 gatione,
1718 2836 1861 2886 qnam
1924 2824 2154 2882 dicimus,
2215 2823 2492 2882 indirecta,·
2533 2829 2590 2872 ut

1452 2892 1619 2940 Graeci
1677 2890 1856 2947 solent,
1927 2889 2148 2951 inprimis
2216 2890 2440 2938 Afrorum
2512 2896 2590 2938 est

1451 2959 1761 3020 scriptorum.
1810 2956 1878 3004 Ex
1901 2955 2181 3005 Tertulliani
2208 2956 2402 3018 scriptis
2422 2970 2586 3004 exem·-

1452 3025 1533 3088 pla
1560 3022 1807 3074 cumulare
1833 3036 1929 3071 uon
1955 3038 2081 3086 opus
2108 3031 2197 3081 est,
2235 3038 2342 3072 cum
2365 3038 2586 3086 quaeque

1454 3094 1557 3140 sere
1592 3090 1765 3154 pagina
1815 3090 2051 3139 eiusmodi
2107 3090 2395 3153 suppeditet.
2465 3090 2587 3139 Dedi

1452 3159 1640 3223 aliquot
1684 3157 1745 3207 ad
1784 3157 1892 3206 libri
1929 3157 1995 3206 Ad
2033 3157 2222 3221 Martyr.
2261 3172 2366 3220 cap.
2404 3156 2451 3205 2.
2517 3158 2585 3209 Ex

1448 3227 1660 3277 Arnobio
1715 3225 1932 3288 exempla
1988 3225 2181 3286 collegit
2231 3225 2586 3274 Hildebrandus

1450 3295 1508 3344 ad
1548 3295 1651 3345 eius
1687 3293 1725 3353 1,
1764 3292 1845 3341 27.
1884 3300 1932 3340 et
1968 3292 2051 3353 Ill,
2082 3292 2128 3342 6.
2168 3293 2242 3342 Cf.
2280 3291 2487 3342 eundem
2525 3293 2589 3341 ad

1446 3361 1586 3426 Apul.
1622 3362 1812 3410 Metam.
1853 3360 1890 3421 1,
1930 3359 2022 3409 25.“
2049 3376 2097 3424 p.
2134 3360 2217 3410 70.
2254 3368 2303 3410 et
2347 3374 2471 3423 quos
2520 3360 2586 3408 ibi

1446 3429 1623 3480 laudat.
1697 3429 1765 3477 De
1819 3429 1863 3478 si
1908 3428 2144 3491 particula
2194 3442 2283 3490 pro
2332 3444 2392 3477 aa
2427 3427 2590 3491 posita
2667 3478 2676 3484 ,

1449 3498 1511 3547 cl.
1549 3498 1777 3547 adnotata
1812 3495 1870 3545 ad
1904 3496 2015 3546 libri
2050 3497 2118 3545 Ad
2155 3495 2288 3545 Mart.
2327 3510 2432 3558 cap.
2470 3493 2517 3545 2.

1517 3565 1563 3613 b.
1603 3572 1850 3627 sumptum
1904 3571 1951 3612 et
2004 3564 2314 3613 ambitionem
2369 3562 2588 3626 compri-

1450 3626 1661 3696 mentes]
1699 3632 1767 3680 De
1804 3631 1993 3691 legibus
2033 3630 2268 3681 censoriis
2303 3647 2344 3679 v.
2381 3629 2503 3681 Geli.
2528 3630 2586 3679 N.

1448 3703 1499 3748 Α.
1542 3700 1613 3760 ll,
1651 3697 1732 3748 24.
1805 3698 2016 3748 Macrob.
2065 3699 2163 3747 Sat.
2200 3697 2271 3756 11,
2311 3695 2390 3746 13.
2462 3696 2590 3749 Ptin.

1450 3767 1504 3817 n.
1544 3766 1599 3816 N.
1639 3766 1763 3827 vlu,
1806 3765 1884 3813 ¹5.
1920 3765 1976 3825 X,
2014 3764 2094 3813 50.
2133 3763 2335 3822 xxxin,
2377 3762 2456 3813 11.
2494 3763 2586 3811 Va-

1450 3834 1539 3883 ler.
1577 3833 1692 3882 Max.
1733 3832 1794 3893 11,
1829 3833 1880 3893 9,
1917 3832 1965 3881 4.
2033 3832 2278 3881 Bormanu
2316 3828 2442 3880 Diss.
2478 3834 2588 3883 Ant.

1452 3901 1548 3950 lur.
1586 3901 1654 3949 De
1690 3900 1833 3961 Legg.
1872 3900 2011 3949 Rom.
2048 3903 2237 3962 sumpt.
2271 3896 2553 3947 LB.·1816.

1520 3984 1560 4017 c.
1598 3962 1866 4033 subscribi]
1919 3967 1967 4016 V.
2007 3982 2128 4031 quae
2166 3966 2383 4016 adnotavi
2420 3964 2480 4015 ad
2514 3965 2592 4014 De.

1449 4036 1572 4085 idol.
1611 4049 1716 4098 cap.
1757 4032 1837 4083 13.

1518 4104 1561 4153 d.
1614 4117 1737 4166 quae
1787 4102 1970 4152 theatra
2020 4126 2078 4135 —
2131 4097 2466 4166 destruebant]
2538 4100 2588 4151 V.

1451 4170 1654 4220 Tertull.
1702 4169 1771 4218 De
1822 4169 2039 4233 Spectac.
2086 4184 2190 4233 cap.
2235 4169 2311 4218 10.
2382 4169 2587 4232 Appian.

1446 4238 1500 4288 B.
1539 4239 1591 4289 C.
1628 4237 1667 4297 1,
1705 4236 1787 4288 28.
1841 4237 1963 4286 Plin.
2001 4237 2059 4285 Η.
2094 4236 2150 4286 Ν.
2188 4235 2324 4296 xvll,
2363 4235 2444 4285 25.
2494 4234 2588 4285 Va-

1447 4306 1535 4355 ler.
1573 4305 1698 4354 Ma».
1725 4304 1785 4365 ll,
1814 4304 1863 4364 4,
1899 4304 1962 4353 2>
1988 4303 2060 4353 Cr.
2097 4306 2344 4365 Angustia.
2386 4303 2451 4351 De
2488 4303 2585 4352 Cir.

1420 4373 1532 4423 ‘Dei
1574 4375 1608 4431 l,
1648 4371 1728 4422 32.
1784 4372 1914 4435 Lips.
1953 4371 2013 4420 ad
2050 4372 2197 4420 Tacit.
2234 4368 2589 4429 Aumxmzo.

1448 4456 1497 4505 p.
1534 4440 1651 4490 245.
1723 4439 1792 4489 De
1840 4438 2007 4489 dativis
2067 4440 2335 4505 stuprandis
2381 4438 2588 4487 moribus

1451 4509 1512 4560 cl'.
1549 4523 1672 4572 quae
1710 4507 1929 4557 adnotavi
1966 4506 2026 4556 ad
2061 4505 2129 4555 De
2152 4509 2371 4568 spectac.
2408 4518 2514 4565 cap.
2535 4502 2585 4551 3.

1519 4591 1561 4625 e.
1586 4569 1830 4652 insignia]
1866 4573 2157 4651 Dignitatum
2194 4581 2242 4621 et
2272 4572 2585 4647 bonestorum

1452 4643 1682 4693 natalium
1732 4642 1780 4692 h.
1818 4656 1859 4690 e.
1910 4646 2295 4701 magistratuum,
2349 4636 2583 4685 nobilium

1454 4719 1501 4761 et
1532 4710 1870 4774 ingenuorum,
1905 4707 2114 4770 insignia
2135 4712 2250 4761 suat
2276 4703 2406 4755 anuli
2432 4705 2585 4766 aurei,
