3263 5311
1247 460 1317 502 ,ιιι
1362 430 1683 504 maurinis.
2553 444 2624 503 11

288 612 650 673 borarentur
691 610 755 671 in
799 608 991 671 vobis.
1079 608 1301 689 Nempe
1345 611 1501 672 enim
1545 619 1606 672 et
1649 609 1898 672 athletae
1941 617 2326 688 segregantur
2367 608 2442 669 ad
2483 609 2628 669 stri-

284 714 541 774 ctiorem
582 710 953 790 disciplinam
967 724 1029 784 ¹¹,
1075 720 1139 771 ut
1181 710 1381 773 robori
1426 711 1824 773 aedificando·
1867 718 2091 771 vacent.
2165 710 2553 771 Continentur
2596 730 2628 771 a

290 814 541 887 luxuria,
590 833 622 874 a
665 812 813 874 cibis
856 811 1218 887 laetioribus,
1263 833 1295 873 a
1339 822 1481 892 potu
1524 811 1948 885 ”iocundiorm
1994 819 2311 889 coguntur,
2357 810 2625 874 crucian-

294 924 409 986 tur,
456 914 803 993 fatigantur:
868 922 1085 993 quanto
1128 914 1260 993 plus
1305 914 1365 974 in
1411 913 1927 974 exercitationibus
1970 911 2393 986 laboraverint,
2465 920 2628 974 tanto

290 1016 427 1096 plns
473 1016 551 1077 de
591 1013 836 1076 victoria
881 1023 1139 1094 sperant.
1212 1015 1286 1075 Et
1314 1014 1415 1090 illi,
1462 1014 1648 1094 inquit
1690 1013 2016 1093 apostoluS‚
2059 1022 2127 1074 ut
2167 1032 2443 1075 coronam
2488 1032 2624 1076 cor-
2669 1019 2710 1060 ¹·
2736 1018 2834 1061 cor.
2859 1018 2928 1069 tx,

290 1116 632 1196 ruptibilem
676 1124 1130 1196 consequantur.
1217 1115 1339 1177 Nos
1395 1124 1693 1177 aeternam
1755 1114 2128 1177 consecuturi
2172 1130 2465 1176 carcerem
2507 1134 2624 1176 no-

292 1217 385 1278 bis
430 1236 543 1297 pro
600 1218 887 1297 palaestra
930 1217 969 1250 ²¹
988 1218 1466 1295 interpretamur,
1532 1226 1595 1279 ut
1661 1217 1735 1278 ad
1800 1214 2054 1278 stadium
2103 1206 2411 1276 tribunalis
2476 1216 2627 1277 bene

295 1319 597 1380 exercitati
634 1318 1024 1379 incommodis
1069 1318 1343 1380 omnihus
1386 1318 1801 1398 producamur,
1854 1317 1988 1397 quia
2029 1308 2236 1379 virtns‘
2263 1316 2476 1378 duritia
2519 1335 2623 1378 ex-

297 1419 532 1494 truitur,
578 1419 820 1481 mollitia
861 1438 1001 1481 vero
1045 1419 1386 1481 destruitur.
2219 1428 2254 1441 ”

2698 1088 2776 1129 25.

460 1521 694 1582 Scimus
739 1540 811 1583 ex
853 1520 1151 1582 dominico
1190 1528 1536 1600 praecepto,
1595 1519 1754 1600 quod
1801 1537 1937 1581 caro
1979 1519 2208 1581 infirma
2252 1518 2385 1593 sit·,
2443 1519 2624 1598 spiri-
2663 1522 2769 1579 cap.
2806 1524 2875 1568 lv·
2945 1584 2950 1591 ,

296 1631 387 1681 tus
431 1630 766 1701 promptae.
829 1622 962 1683 Non
1006 1640 1146 1702 ergo
1190 1622 1396 1683 ¹nobis
1437 1621 1822 1695 blandiamur,
1869 1620 2003 1700 quia
2046 1619 2320 1681 dominus
2365 1623 2771 1685 consen-¹¹⁸²&-
2786 1624 2923 1677 xxvi,

297 1722 371 1783 sit
400 1742 641 1784 carnem
669 1723 960 1784 infirmam
991 1742 1147 1785 esse.
1189 1722 1511 1803 Propterea
1554 1722 1712 1785 enim
1750 1721 2041 1803 praedixit
2081 1720 2353 1802 spiritum
2380 1722 2619 1801 ²prom--

2695 1695 2771 1737 41.

288 1834 484 1902 ptum,
544 1834 609 1886 ut
651 1823 1023 1897 ostenderet,
1080 1823 1241 1903 quid·
1264 1824 1356 1885 cui
1400 1822 1653 1886 debeat*
1696 1843 1836 1887 esse
1878 1822 2238 1896 subiectum,
2296 1822 2519 1885 seilicet
2558 1832 2625 1887 ut
2730 1842 2738 1852 ·

289 1944 425 1985 earo
471 1927 692 1987 serviat
731 1924 1032 2004 ³spiritni,
1076 1924 1365 1987 infirmior
1407 1925 1668 1999 fortiori,
1725 1933 1806 1999 ut,
1833 1924 1906 1987 ab
1950 1944 2023 1986 eo
2069 1924 2244 1985 etiam
2285 1924 2450 2004 ⁴'ipsa
2491 1927 2619 1987 for-

290 2026 601 2087 titudinem
663 2035 947 2089 assumat.
1033 2026 1411 2107 Colloquatur
1472 2026 1717 2107 spiritus
1781 2045 1914 2087 cum
1970 2043 2146 2087 carne
2200 2024 2275 2086 de
2325 2028 2621 2090 communi

286 2127 496 2202 salute,
542 2146 657 2189 nec
696 2127 813 2191 iam
851 2126 963 2188 ‘de
1006 2127 1396 2190 incommodis
1438 2127 1746 2200 ⁸carceris,
1794 2127 1902 2189 sed
1944 2127 2076 2207 ipso
2119 2145 2308 2206 agone
2352 2138 2410 2189 et
2435 2146 2616 2208 proe-

282 2227 361 2290 lio
404 2229 697 2308 cogitans.
762 2229 1055 2291 'Timebit
1095 2229 1342 2291 forsitan
1386 2247 1520 2291 caro
1564 2229 1818 2309 gladium
1861 2246 2098 2308 gravem
2141 2236 2202 2289 et
2244 2246 2477 2291 crucem
2511 2249 2615 2292 ex-

286 2329 505 2392 celsam
551 2340 616 2392 et
656 2329 879 2391 rabiem
922 2329 1243 2399 bestiarum
1287 2339 1347 2394 et
1386 2349 1677 2393 summam
1729 2329 1953 2409 ignium
2015 2347 2268 2409 poenam
2323 2339 2383 2391 et
2443 2350 2617 2394 omne

282 2432 585 2493 mmificis
623 2431 926 2511 ingenium
967 2431 1029 2492 in
1070 2430 1415 2508 tormentis,
1480 2431 1587 2494 sed
1652 2429 1894 2511 spiritus
1950 2438 2335 2510 contraponat
2388 2431 2502 2493 sibi
2558 2441 2618 2495 et

276 2534 437 2595 oerni
481 2532 701 2596 acerba
742 2532 910 2595 ⁸licet
950 2532 1081 2607 ista,
1125 2552 1159 2595 a
1200 2533 1398 2596 multis
1440 2542 1639 2597 tamen
1679 2552 1865 2613 aequo
1908 2532 2103 2595 animo
2134 2542 2390 2613 excepta,
2435 2534 2615 2601 immo

178 2674 187 2680 „
274 2645 337 2697 et
376 2634 536 2697 ultro
581 2634 871 2715 appetita,
932 2636 1121 2698 famae
1164 2644 1223 2697 et
1262 2635 1482 2716 gloriae
1526 2653 1703 2698 causa
1757 2653 1868 2698 nec
1910 2653 1943 2697 a
1985 2634 2128 2697 viris
2183 2642 2441 2711 tantum,
2507 2636 2615 2698 sed

274 2736 455 2798 etiam
498 2755 533 2798 a
576 2735 849 2812 seminia,
892 2737 993 2799 ⁹ut
1033 2756 1141 2799 vos
1187 2756 1449 2818 quoque,
1493 2737 1864 2811 benedictae,
1910 2738 2074 2800 sexui
2116 2745 2315 2799 vestro
2358 2756 2612 2820 respon-

282 2837 493 2899 deatis.
576 2837 855 2918 Longum
897 2847 1017 2914 est,
1074 2839 1127 2902 si
1172 2857 1511 2901 enumerem
1555 2838 1820 2918 singulos
1845 2884 1860 2912 ,
1917 2839 2015 2917 qui
2061 2857 2129 2899 se
2173 2838 2363 2916 gladio
2408 2839 2612 2898 confe-

296 2938 479 2999 cerint
525 2939 724 3002 animo
767 2958 880 3002 suo
952 2940 1129 3002 ducti.
1213 2940 1299 3001 De
1362 2938 1597 3001 seminis
1655 2938 1728 2999 ad
1783 2957 2020 2999 manum
2064 2938 2107 2969 ¹⁰
2124 2944 2235 2998 est.
2319 2938 2613 3013 Lucretia,

299 3056 450 3117 qnae
490 3040 597 3102 vim
634 3039 832 3121 stupri
877 3041 1104 3122 ¹²passa
1148 3048 1261 3115 est,
1306 3040 1553 3102 cultrum
1596 3038 1639 3070 ¹²
1652 3036 1764 3099 sibi
1809 3038 2001 3118 adegit
2029 3037 2092 3099 in
2120 3047 2439 3118 conspectu
2465 3058 2609 3119 pro-

288 3174 370 3225 20.
403 3177 682 3229 iucundiore
714 3178 768 3228 B.
872 3176 953 3228 21.
988 3178 1357 3242 interpretamur
1378 3174 1503 3227 ABG.
1570 3175 1943 3239 interpretemur
1974 3175 2157 3240 reliqui.

418 3245 630 3309 Cap.1V.
687 3246 732 3295 1.
769 3246 903 3298 vobis
935 3246 988 3296 A.
1022 3245 1100 3304 (m.
1117 3247 1208 3309 pr.)
1232 3245 1287 3294 B.
1389 3244 1436 3293 2.
1464 3251 1761 3307 promptum,
1794 3249 1849 3293 ut
1880 3241 2104 3295 ABCDab.
2170 3249 2447 3308 promptum
2486 3257 2611 3304 esea,

282 3321 331 3361 nt
364 3315 440 3363 ed.
478 3322 573 3363 tm
616 3315 835 3374 Vaticani,
874 3321 986 3364 teste
1017 3313 1231 3364 Pamelio.
1333 3311 1378 3362 3.
1417 3312 1608 3374 spiritui
1643 3313 1693 3361 Α.
1730 3315 1807 3369 (m.
1831 3310 1923 3375 pr.)
1958 3310 2012 3361 B.
2113 3311 2162 3361 4.
2202 3311 2305 3376 ipsa
2341 3313 2473 3361 abed.
2511 3327 2613 3362 cum

281 3381 533 3432 corzieni.
606 3382 761 3444 ipsam
794 3381 956 3432 Anco.
1026 3379 1169 3431 5.·de
1206 3379 1520 3430 incommodis
1553 3379 1603 3430 A.
1642 3379 1717 3440 (m.
1756 3378 1867 3438 sec.)
1902 3381 1974 3429 cd.
2009 3380 2267 3429 Heri-isius.
2341 3379 2610 3429 incommo-

277 3448 349 3498 dis
382 3450 559 3513 reliqui
661 3448 711 3498 6.
748 3449 970 3508 carceris,
1005 3449 1065 3498 de
1101 3448 1206 3513 ipso
1240 3449 1496 3499 Rhenanm.
1598 3446 1650 3494 7.
1689 3445 1876 3496 Tibebit
1908 3449 1958 3496 A.
1997 3445 2075 3508 (m.
2106 3445 2201 3511 pr.)
2234 3446 2285 3496 B.
2390 3446 2438 3496 8.
2468 3456 2515 3497 et
2549 3446 2609 3496 li-

279 3525 347 3566 eet
378 3517 474 3566 AB.
544 3516 647 3565 sint
692 3515 804 3567 licet
833 3519 885 3568 A.
916 3533 978 3566 m.
1015 3532 1104 3566 sec.
1190 3515 1238 3566 9.
1268 3524 1326 3568 ut
1362 3529 1450 3563 nos
1482 3513 1603 3566 Aac.
1715 3513 1789 3563 10.
1826 3523 1900 3564 est
1936 3521 1981 3562 et
2014 3513 2133 3564 Aac.
2243 3513 2319 3563 11.
2357 3530 2500 3578 passa
2537 3524 2612 3565 est

274 3585 483 3634 altrum
516 3583 719 3634 Ancon.
785 3599 929 3647 passa
962 3585 1147 3649 reliqui.
1221 3582 1296 3633 12.
1332 3583 1425 3633 sibi
1460 3582 1617 3646 egebit
1652 3582 1702 3631 A.
1737 3581 1815 3643 (m.
1851 3581 1962 3643 sec.)
1996 3581 2048 3630 B.

276 3685 437 3736 mose.
488 3684 618 3734 ssed.
664 3692 715 3734 et
756 3683 847 3735 lul.
882 3685 1033 3734 Latin.
1068 3697 1110 3733 a.
1142 3699 1202 3744 v.,
1254 3691 1302 3733 et
1336 3684 1396 3733 de
1494 3692 1607 3732 tunc
1653 3683 1806 3744 magia
1839 3684 2073 3745 aedificari
2115 3681 2270 3742 scias,
2319 3696 2426 3731 cum
2475 3682 2609 3732 caedi

274 3753 557 3816 Hieronymi
596 3751 704 3802 loco
726 3766 874 3815 snpra
898 3751 1091 3801 laudato
1108 3752 1251 3801 etiam
1270 3751 1395 3800 Leo-

275 3820 411 3884 pardi
442 3820 652 3869 Emend.
685 3820 728 3882 1,
760 3819 842 3870 22.

341 3903 407 3938 m.
445 3895 496 3938 et
528 3887 740 3937 athletae
772 3896 1084 3950 segregantur
1106 3887 1165 3938 ad
1187 3888 1396 3937 strictio-

282 3970 377 4005 rem
426 3952 766 4021 disciplinam]
834 3956 927 4005 Res
990 3962 1120 4005 nota.
1203 3955 1253 4005 Si
1308 3954 1393 4015 via,

285 4023 421 4073 adeas
456 4023 658 4074 Hieron.
692 4022 954 4073 Μοῖσαι-ἰοὶ
1005 4023 1074 4072 De
1106 4025 1215 4073 Arte
1250 4024 1393 4086 Gym-

290 4099 406 4140 nau.
436 4092 475 4150 Ι,
512 4092 595 4141 15.
630 4091 701 4154 (in
736 4091 903 4141 Poleni
939 4091 1107 4155 Suppl.
1134 4090 1275 4139 Thes.
1296 4091 1390 4139 An·-

289 4157 403 4221 fiqu.
430 4161 598 4210 Graec.
634 4166 687 4210 et
716 4159 855 4209 Rom.
891 4167 1007 4208 tom.
1042 4158 1126 4219 111,
1172 4173 1220 4222 p.
1256 4156 1393 4216 534),

291 4224 421 4288 Lipa.
454 4227 644 4278 Satura.
693 4227 731 4286 1,
774 4226 873 4286 14„
923 4227 1105 4276 lirense
1155 4226 1202 4275 in
1251 4226 1393 4288 Pauly

286 4292 677 4361 nen-enqaop.
712 4303 832 4345 tom.
868 4294 904 4354 1,
940 4307 990 4357 p.
1025 4293 1125 4344 sto
1152 4307 1277 4358 sqq„
1313 4294 1398 4356 ιιι-,

282 4367 489 4425 terprett.
519 4366 582 4415 ad
617 4363 792 4414 norat.
829 4365 881 4412 Α.
916 4361 966 4410 Ρ.
1006 4361 1123 4414 414.

340 4445 388 4479 fl.
438 4433 601 4484 robori
658 4424 986 4494 aedificando]
1048 4421 1120 4480 Cl.
1176 4430 1224 4478 in
1277 4437 1391 4479 extr.

276 4512 373 4561 etp.
406 4501 563 4561 „Quia
598 4501 759 4550 virtus
793 4498 969 4547 duritia
1002 4496 1287 4548 corruiturf‘
1324 4496 1392 4545 De

278 4564 435 4619 ldolol.
482 4583 590 4634 cap.
658 4567 739 4617 lo.
800 4564 950 4626 „bine
997 4565 1153 4650 prima
1201 4563 1392 4614 diabolo

277 4633 387 4686 fidet
430 4632 770 4701 aedificatur.“

273 4703 391 4762 „Nec
430 4714 599 4758 tamen
648 4702 852 4755 deficiet
882 4699 1002 4751 baec
1034 4708 1162 4752 secta
1184 4736 1198 4762 ,
1250 4711 1393 4764 quam

858 4632 928 4681 Ad
980 4623 1121 4696 ὃὲερ.
1185 4647 1290 4695 cap.
1345 4631 1392 4680 5.
1476 4669 1483 4680 .

1494 3750 1727 3802 videtur.“
2564 3805 2570 3812 ⁶

1563 3818 1678 3881 Cap.
1717 3817 1787 3866 lV.
1858 3831 1899 3866 a.
1948 3815 2076 3880 qnod
2124 3825 2235 3866 caro
2282 3816 2469 3865 infirma
2520 3813 2607 3883 sit]

1494 3885 1708 3946 „Quod“
1743 3884 2023 3948 particulam
2059 3897 2243 3947 ponere
2283 3897 2371 3947 pro
2407 3898 2607 3934 accusa-

1495 3954 1587 4002 tivo
1623 3966 1732 4002 eam
1769 3952 1996 4001 infinitivo
2044 3951 2283 4015 sequioris
2334 3953 2431 4001 aevi
2482 3953 2607 4002 acri·

1495 4021 1715 4085 ptoribus
1762 4019 2120 4070 usitatissimum
2169 4025 2270 4078 est,
2316 4033 2464 4082 quare
2510 4033 2607 4069 non

1493 4095 1596 4148 eat,
1640 4102 1725 4137 eur
1760 4102 1816 4136 ex
1850 4087 2041 4151 scriptis
2075 4085 2355 4136 Tertulliani
2390 4087 2606 4150 exempla

1493 4156 1570 4206 bic
1605 4155 1861 4205 cumulem.
1901 4154 2041 4203 *Vide
2075 4153 2287 4204 Hildebr.
2337 4155 2395 4204 nd
2429 4156 2607 4204 Arnob.

1493 4224 1601 4273 Λᾶν.
1652 4224 1776 4272 Natt.
1824 4222 1861 4279 l,
1909 4221 1991 4271 42.
2044 4229 2092 4272 et
2137 4222 2198 4270 ad
2243 4222 2380 4285 Apul.
2417 4221 2606 4272 Metam.

1492 4292 1569 4351 Vl,
1604 4290 1669 4340 23
1734 4305 1782 4354 p.
1829 4289 1944 4339 477.
1994 4297 2041 4338 et
2093 4290 2172 4353 qui
2221 4289 2426 4340 citantur
2479 4290 2605 4354 apud

1494 4359 1712 4408 Rnddim.
1761 4358 1909 4407 lustit.
1960 4358 2170 4407 Gratum.
2207 4356 2270 4416 ΙΙ,
2304 4373 2352 4421 p.
2390 4356 2466 4407 12.
2538 4358 2605 4406 lta

1494 4427 1635 4475 etiam
1673 4426 1855 4490 „quia“
1892 4432 1939 4475 et
1972 4424 2270 4489 „quoniam“
2306 4439 2485 4489 ponere
2521 4440 2605 4472 so-

1492 4494 1606 4543 lent.
1692 4494 1764 4543 Cf.
1817 4492 2001 4543 Munck.
2053 4494 2116 4546 ad,
2165 4491 2383 4555 Fulgent.
2436 4491 2605 4552 Vergil.

1493 4562 1631 4612 Cont.
1668 4577 1715 4626 p.
1752 4560 1868 4611 752.

1559 4631 1606 4680 b.
1655 4629 1769 4694 quid
1816 4629 1892 4678 cui
1939 4621 2131 4688 debeat]
2178 4627 2248 4675 De
2292 4625 2384 4675 boc
2433 4639 2606 4686 genere

1493 4699 1613 4749 duas
1665 4697 2063 4758 interrogationes
2121 4694 2170 4744 in
2226 4708 2320 4742 uno
2375 4693 2605 4743 orationis
