3263 5311
1082 448 1155 489 m
1200 440 1492 491 marrones
1538 446 1656 491 m.
1688 445 1728 489 1.
2457 429 2584 493 323

237 595 499 657 Romana
554 599 639 657 tot
692 595 973 657 historias
1028 595 1300 658 laborum
1354 615 1600 659 suorum
1665 595 2184 659 subministravit?
2269 597 2377 658 Ubi
2442 606 2586 660 tunc

236 695 581 771 Christiani,
646 715 779 757 cum
821 696 1065 772 ‘Hiera‚
1110 697 1353 779 Anaphe
1400 706 1461 760 et
1502 698 1716 764 'Delos
1759 707 1820 759 et
1863 697 2111 760 Rhodos
2156 706 2215 759 et
2257 696 2438 760 ’Cea‘
2479 698 2578 760 in-

233 797 395 859 sulae
436 795 651 858 multis*
683 816 815 860 cum
859 798 1096 860 milibus
1128 799 1437 860 hominum
1462 798 1745 880 ’pessum
1775 800 2003 871 ierunt,
2048 797 2139 861 vel
2170 811 2384 878 quam·
2411 800 2582 863 Plato

233 905 519 959 memorat
559 898 848 960 maiorem
879 898 1065 960 ¹⁰Asia
1110 907 1212 960 aut
1238 900 1429 961 Africa
1472 900 1534 962 in
1568 899 2048 963 Atlanticffmari
2091 900 2400 963 mersam?
2445 920 2579 964 cum

234 999 530 1062 Vulsinios
575 1000 649 1061 de
694 1000 888 1073 caelo,
936 1000 1310 1080 ¹‘Pompeios
1355 1001 1427 1062 de
1474 1019 1587 1064 suo
1634 1001 2141 1080 monte-pertudit
2183 1000 2389 1081 ignis?
2446 1022 2580 1066 cum

234 1108 421 1161 terrae
465 1107 635 1162 motu
678 1119 840 1162 mare
863 1099 1232 1162 Corinthium
1278 1109 1544 1182 ereptum
1592 1100 1733 1164 est?
1776 1119 1910 1164 cum
1953 1109 2146 1163 totum
2178 1102 2384 1163 orbem
2414 1111 2578 1165 cata-

232 1199 484 1280 clysmus
514 1201 817 1263 abolevit?
881 1200 989 1263 Ubi
1034 1210 1205 1276 tunc,
1250 1221 1373 1264 non
1417 1202 1607 1265 dicam
1651 1211 2094 1284 contemptores
2127 1203 2375 1265 deorum
2399 1203 2577 1265 Chri-

229 1302 437 1376 stiani,
484 1302 591 1364 sed
636 1302 765 1382 ipsi
798 1302 891 1363 dei
939 1303 1154 1378 vestri,
1199 1322 1350 1383 quos
1394 1304 1557 1365 clade
1602 1304 1698 1366 illa
1739 1303 2111 1384 posteriores
2156 1304 2315 1377 loca,
2361 1303 2580 1385 oppida

230 1403 558 1483 approbant
597 1403 659 1464 in
702 1402 917 1483 quibus
961 1404 1112 1479 nati,
1160 1406 1401 1478 morati,
1459 1405 1676 1486 sepulti
1720 1413 1893 1478 sunt,
1953 1405 2127 1468 etiam
2172 1423 2322 1485 quae
2365 1391 2579 1468 condiss

230 1503 493 1567 derunt?
559 1503 690 1565 Non
736 1504 879 1566 alias
913 1505 1069 1566 enim
1100 1504 1592 1584 ''superfuissent
1621 1506 1695 1568 ad
1725 1506 2078 1568 hodiernum
2098 1554 2113 1579 ,
2159 1506 2273 1567 nisi
2306 1505 2576 1587 ¹³postu·

230 1624 316 1667 ma
361 1605 548 1667 cladis
593 1606 774 1668 illius,
863 1607 902 1638 ¹⁴
917 1606 982 1667 Si
1025 1606 1288 1685 relegere
1335 1615 1396 1667 et
1437 1606 1740 1668 revolvere
1791 1623 1915 1668 non
1972 1606 2190 1668 curatis
2235 1607 2576 1670 testimonia

232 1713 603 1787 temporum,
648 1706 817 1768 aliter
856 1706 1026 1769 vobis
1072 1707 1465 1782 renuntiata'*‚
1508 1707 1781 1788 inprimis
1826 1726 1901 1770 ne
1944 1708 2094 1769 deos
2139 1717 2375 1769 vestros
2421 1709 2576 1771 ¹³in·

231 1807 593 1871 iustissimos
636 1808 1069 1888 pronuntietis,
1136 1808 1235 1889 qui
1291 1817 1539 1889 propter
1591 1816 2036 1889 contemptores
2095 1809 2271 1870 etiam
2315 1809 2574 1871 cultores

233 1907 428 1970 “suos
475 1908 752 1984 laedunt,
810 1909 1004 1970 ¹⁷tunc
1054 1928 1168 1970 nec
1210 1910 1614 1990 vosmetipsos
1662 1927 1862 1971 errare
1905 1909 2205 1989 probatiS,
2275 1910 2327 1970 si
2371 1910 2574 1972 ¹''deos

231 2010 455 2070 traditis
501 2010 602 2088 qui
646 2010 806 2071 ”vos
852 2030 890 2072 a
931 2013 1166 2072 meritis
1222 2011 1608 2089 profanorum
1653 2028 1776 2072 non
1830 2008 2227 2072 discernunt?
2318 2011 2571 2086 Quodsi,

230 2116 292 2170 ut
329 2129 488 2171 unns
534 2119 709 2190 atque
737 2110 942 2172 ¹⁰alius
986 2115 1355 2173 vanissimus
1400 2110 1509 2184 ait,
1555 2111 1776 2173 idcirco
1817 2111 1991 2173 vobis
2030 2129 2268 2191 quoque
2297 2111 2573 2173 irascun-

234 2215 353 2283 tur,
400 2210 680 2290 quoniam
725 2213 797 2274 de
843 2221 1050 2273 nostra
1092 2211 1544 2274 ”eradicatione
1590 2211 1933 2292 neglegitis,
1979 2212 2314 2298 absolutum
2360 2221 2455 2274 est
2496 2214 2578 2275 de
2679 2278 2687 2288 ,

236 2308 560 2374 infirmitate
609 2321 670 2374 et
710 2313 1116 2375 mediocritate
1159 2312 1456 2374 ²²eorum:
1509 2332 1646 2374 nam
1689 2332 1814 2374 non
1857 2312 2258 2375 irascerentur
2298 2312 2465 2376 vobis
2507 2314 2573 2375 in

238 2411 731 2475 animadversione
789 2412 1194 2488 cessantibus,
1257 2413 1309 2475 si
1351 2412 1478 2475 ”ex
1526 2433 1593 2476 se
1636 2413 1780 2494 quid
1842 2422 2111 2494 possent.
2223 2411 2572 2495 Quanquam

233 2517 293 2570 et
331 2511 468 2573 alias
511 2514 874 2576 confitemini
919 2514 1116 2588 istud,
1158 2514 1209 2575 si
1254 2514 1489 2594 quando
1533 2515 1670 2576 illos
1714 2515 2005 2596 supplicio
2050 2513 2571 2579 nostro.videmini

188 2609 504 2686 ,²⁴ulcisci.
606 2615 670 2677 Si
726 2615 798 2677 ab
853 2615 968 2677 alio
1024 2614 1228 2689 atiudi,
1297 2635 1329 2678 a
1372 2616 1599 2679 maiore
1655 2615 2008 2679 defenditur.
2111 2615 2337 2679 Pudeat
2390 2617 2574 2696 igitur

230 2712 370 2775 deos
414 2716 487 2777 ab
530 2717 774 2778 homine
818 2716 1072 2778 defendi.

228 2901 277 2949 6.
316 2900 604 2967 bierennape
637 2905 749 2955 Aah.
822 2904 1146 2967 hierennapae
1178 2905 1248 2964 A„
1284 2909 1397 2953 teste
1415 2904 1708 2966 Gothori-edo.
1738 2918 1754 2929 ⁹
1813 2902 1861 2951 7.
1901 2902 2046 2952 Delos
2085 2903 2404 2966 Gothori-edus.
2465 2882 2602 2954 dell

231 2969 358 3030 phos
392 2969 500 3019 Aah.
583 2968 630 3021 8.
669 2971 765 3021 Cea
803 2973 1123 3035 Gothosredus.
1171 2979 1300 3021 creta
1335 2972 1445 3021 Aah.
1527 2969 1576 3020 9.
1613 2984 1813 3032 pessum
1850 2971 2006 3020 ierunt
2042 2973 2116 3020 ab.
2187 2968 2498 3034 pessumliief
2520 2971 2573 3021 A.

238 3034 316 3083 10.
353 3035 459 3084 Asia
497 3044 576 3087 aut
606 3039 760 3088 Africa
796 3054 895 3102 eqo.
969 3039 1127 3088 Asiam
1164 3044 1245 3087 aut
1262 3037 1468 3087 Africam
1503 3038 1616 3087 Aah.
1684 3037 1795 3086 Asis
1823 3043 1871 3086 et
1888 3038 2041 3087 Africa
2081 3038 2402 3101 Gothosredus.
2493 3038 2574 3088 11.

225 3103 487 3166 Pompeios
523 3121 617 3168 eqo.
674 3106 909 3170 Tarpeios
942 3108 1055 3157 Aah.
1147 3105 1224 3155 12.
1261 3105 1617 3168 superfuissent
1653 3108 1696 3156 b.
1719 3105 2041 3168 Gothofredus.
2101 3104 2473 3166 sapei-fluissent
2491 3108 2575 3157 Aa.

230 3170 306 3219 13.
338 3181 565 3235 postuma
605 3175 648 3223 b.
687 3175 1009 3238 Gothori-edus.
1081 3181 1335 3237 postumae
1372 3177 1451 3223 Aa.
1580 3173 1661 3223 14.
1699 3172 1750 3221 si
1783 3173 1900 3236 Αβιι.
1969 3172 2066 3222 Sed
2101 3172 2271 3236 (Αφ)ῠ.
2383 3172 2459 3222 15.
2496 3174 2574 3224 in-

220 3236 514 3289 iustissimos
552 3242 873 3304 pronuntietis
906 3242 947 3291 b.
1021 3241 1210 3291 iniustis
1226 3255 1303 3289 ...s
1339 3241 1660 3304 pronuntietis
1693 3241 1796 3305 Δφ.
1888 3240 2218 3290 iniustis....os
2255 3241 2572 3303 pronuntietis

217 3306 300 3367 Δρ.
371 3307 567 3357 iniustis
606 3308 718 3358 illos
764 3308 1097 3373 pronuncietis
1133 3326 1177 3358 a.
1276 3308 1479 3358 iniustos
1527 3310 1646 3359 deos
1694 3308 2025 3371 pronuntietis
2063 3309 2383 3372 Gothofredus.
2493 3307 2573 3360 16.

217 3387 331 3424 suos
369 3374 572 3426 laedunt
608 3378 650 3425 b.
693 3377 1034 3440 (ἴοιΙιοῙνεάιιε.θ
1096 3390 1214 3424 suos
1263 3384 1385 3424 ....nt
1417 3377 1519 3440 Αφ.
1604 3390 1722 3426 suos
1773 3383 1936 3425 .......nt
1968 3393 2012 3427 a.
2134 3374 2212 3424 17.
2249 3383 2362 3425 tunc
2397 3391 2486 3426 nec
2519 3378 2572 3427 A.

214 3457 273 3489 m.
309 3458 401 3492 sec.
440 3445 530 3494 sed
564 3445 722 3494 eadem
757 3447 964 3509 antiqua.
1033 3450 1147 3492 tuuc
1183 3458 1239 3491 ec
1272 3444 1489 3506 A.m.pr.
1560 3451 1675 3493 tunc
1710 3442 1837 3493 enim
1875 3445 1949 3494 ab.
2057 3442 2135 3494 18.
2171 3444 2291 3493 deos
2329 3446 2370 3492 b.
2402 3445 2572 3495 Gotho-

214 3511 387 3570 sredus.
482 3525 572 3560 eos
607 3511 740 3576 Δφα.
849 3511 926 3561 19.
963 3524 1047 3560 vos
1083 3526 1109 3558 a
1147 3511 1331 3559 meritis
1367 3511 1682 3574 profanorum
1720 3512 1764 3560 b.
1858 3525 1942 3559 vos
1972 3527 2104 3561 .......s
2141 3512 2455 3577 profanorum
2490 3514 2580 3562 Aa.

213 3590 293 3626 vos
329 3592 356 3627 a
396 3578 558 3628 turbis
594 3579 909 3640 profanorum
945 3592 999 3642 γ.
1126 3576 1206 3626 20.
1248 3577 1371 3626 alius
1406 3578 1693 3628 vanissimus
1727 3592 1779 3642 γ.
1863 3578 1988 3628 elius
2032 3616 2099 3629 .....
2114 3592 2221 3628 mus
2255 3580 2357 3643 Αφ.
2446 3580 2572 3630 alius

210 3680 303 3694 .......
334 3660 448 3695 mus
484 3644 673 3708 (Amuli.
764 3645 846 3695 21.
884 3645 1207 3695 eradicatione
1242 3644 1494 3707 neglegitis
1529 3648 1604 3697 ab.
1675 3646 1866 3696 eradica
1882 3683 1961 3696 .....
1975 3661 2002 3694 e
2037 3645 2192 3708 legitis
2225 3645 2276 3695 A.
2363 3644 2444 3695 22.
2482 3661 2570 3695 eo-

210 3725 345 3762 rum:
384 3727 503 3762 nam
542 3727 639 3762 non
677 3716 751 3762 ab.
824 3727 991 3762 eorum
1029 3726 1172 3762 .....οη
1208 3713 1294 3775 Αβ.
1374 3727 1542 3762 eorum
1579 3750 1644 3763 .....
1661 3728 1757 3763 non
1796 3714 1897 3778 Αφ.
2002 3661 2083 3762 {a
2122 3727 2177 3761 ex
2213 3726 2267 3761 se
2303 3712 2417 3775 quid
2449 3727 2570 3776 pos-

205 3789 311 3831 sent
348 3782 423 3845 A„
465 3788 583 3830 teste
604 3780 880 3844 Gothori-edo
917 3783 966 3830 in
1001 3782 1125 3831 euris
1149 3781 1382 3830 secundis.
1452 3794 1564 3828 exse
1590 3816 1643 3830 ....
1672 3788 1873 3844 possent
1904 3781 2008 3845 Αφ.
2076 3794 2187 3829 exse
2267 3786 2467 3843 possent
2484 3781 2569 3841 Αβ.

203 3851 404 3913 exsequi
444 3850 527 3898 ab.
632 3845 715 3897 24.
752 3847 934 3898 ulcisci.
985 3848 1035 3898 Si
1072 3847 1131 3896 ab
1167 3847 1264 3896 alio
1300 3846 1430 3896 aliud
1467 3862 1565 3910 eyo.
1636 3846 1821 3896 ulcisci.
1868 3847 2069 3897 Abaliud
2103 3847 2213 3895 Aah.

133 4018 141 4029 .
271 3984 305 4033 ῐ.
347 3979 477 4046 Cea]
551 3982 634 4032 Sic
678 3981 857 4046 scripsi
902 3995 1009 4031 cum
1047 3980 1344 4033 Gothosredo
1446 3979 1552 4031 sula
1589 3981 1702 4031 item
1740 3994 1848 4030 enm
1886 3979 2059 4031 ceteris
2116 3987 2426 4031 memoratur.
2499 3981 2569 4030 De

201 4064 291 4112 pro
327 4051 532 4113 vulgata
572 4049 718 4100 Creta.
788 4049 977 4099 Cretam
1022 4050 1148 4099 enim
1184 4058 1343 4099 terrae
1446 4050 1603 4099 Thera
1641 4048 1799 4098 insula
1835 4048 1900 4099 ci.
1937 4048 2059 4098 Plio.
2098 4048 2153 4097 ll.
2191 4048 2247 4097 Ν.
2282 4046 2344 4106 ll,
2379 4047 2463 4098 87.

167 4126 335 4169 *motu
404 4124 667 4180 tantopere
726 4132 936 4181 unquam
1006 4116 1342 4168 labefactatam
1513 4131 1557 4179 g.
1595 4117 1668 4166 vel
1705 4112 1876 4181 duam}
1936 4115 2107 4167 Sti-ue:
2144 4115 2215 4165 vel
2253 4131 2360 4166 cum
2399 4131 2453 4166 ea
2491 4116 2574 4166 in-

198 4186 352 4236 ruisse
382 4185 568 4236 nullibi
596 4183 839 4248 proditum
873 4191 958 4234 est.
999 4183 1068 4234 De
1094 4185 1188 4236 Cea
1218 4184 1340 4234 Ptin.
1442 4184 1548 4233 sula
1586 4197 1785 4249 pessum
1823 4184 1919 4243 ivit,
1957 4198 2100 4248 quam
2139 4191 2246 4233 cett.

200 4253 255 4301 fl.
304 4254 365 4303 N.
419 4253 491 4313 11,
528 4250 595 4302 92
647 4251 748 4313 „Ex
795 4252 950 4302 insula
991 4252 1084 4302 Cea
1132 4251 1342 4316 amplius
1511 4252 1559 4300 Ιι.
1595 4252 1736 4301 aliter
1770 4253 1903 4301 vobis
1939 4246 2231 4316 renuntiata]
2267 4252 2400 4310 Quae
2430 4251 2572 4301 aliter

194 4322 395 4384 triginta
452 4318 590 4370 milia
646 4333 878 4383 passuum
932 4321 1132 4384 abrupta
1181 4320 1343 4368 subito
1442 4319 1577 4368 vobis
1613 4333 1756 4383 quam
1795 4319 1935 4369 nobis
1982 4320 2252 4369 renuntiata
2292 4327 2432 4383 atque
2466 4326 2570 4369 tra-

197 4403 305 4438 cum
346 4387 589 4452 plurimis
640 4387 913 4436 mortalium
961 4388 1121 4450 rapuit
1156 4387 1341 4436 mare.“
1444 4387 1539 4435 dita
1578 4401 1687 4435 esse
1723 4386 1984 4436 videantur.

196 4455 298 4505 Con
336 4454 566 4506 insulam
605 4462 652 4503 et
683 4453 827 4504 Ceam
863 4454 1014 4504 fuisse
1049 4454 1343 4518 appellatam
1512 4453 1540 4501 i.
1581 4454 1630 4502 Si
1680 4452 1741 4502 ab
1788 4454 1884 4503 alio
1931 4448 2087 4518 aliud]
2158 4467 2226 4503 sc.
2273 4452 2567 4502 detenditur.

194 4525 334 4573 testis
396 4530 485 4572 est
538 4521 665 4571 idem
716 4522 899 4572 Plinius
946 4522 1002 4571 ll.
1052 4522 1108 4571 N.
1158 4521 1209 4580 V,
1260 4519 1343 4571 31.
1444 4521 1573 4569 Haec
1628 4521 1864 4570 correctio
1918 4522 2191 4570 necessaria
2239 4526 2356 4579 erat.
2429 4518 2566 4567 Mon-

194 4589 325 4641 otim
364 4605 469 4656 pro
512 4589 645 4640 Creta
681 4590 995 4651 cogitaveram
1035 4589 1209 4639 Thera:
1255 4586 1343 4638 sed
1442 4595 1596 4638 strum
1633 4588 1849 4638 vocabuli
1903 4588 2096 4638 abaliud
2141 4594 2303 4637 tuetur
2336 4585 2570 4648 Rigaltius
2606 4622 2622 4639 2

192 4657 239 4706 in
267 4659 385 4709 loeo
415 4656 634 4721 gemello
659 4655 859 4720 Apolog.
896 4670 1003 4720 cap.
1023 4655 1105 4707 40.
1144 4654 1239 4706 Cos
1265 4657 1343 4705 in·
1442 4655 1520 4705 liis
1554 4655 1742 4706 verbis:
1793 4655 1918 4706 uixit
1951 4654 2144 4704 abaliud
2193 4653 2360 4703 eadem
2409 4654 2569 4704 forms

2139 4733 2259 4799 st*
