3263 5311
1131 417 1610 461 nomeu-icon.
2432 398 2559 463 217
2668 404 2671 407 ’

217 577 329 633 est:
372 566 430 629 si
471 565 680 647 religio
724 584 847 628 non
889 572 1015 640 est,
1059 565 1233 647 ‘quia
1273 584 1389 629 nec
1428 567 1526 632 dei
1567 587 1680 649 pm
1722 574 1917 641 certo,
1963 586 2075 631 nec
2106 586 2221 629 nos
2251 586 2362 648 pro
2393 578 2557 632 certo

217 670 293 732 rei
345 686 559 731 sumus
611 669 812 731 laesae
872 666 1197 747 religionis.
1297 667 1373 730 At
1426 688 1462 731 e
1515 669 1817 731 contrario
1871 670 1933 732 in
1990 688 2100 731 vos
2143 669 2557 750 ‘exprobratio

216 769 541 843 resultavit,
607 768 709 849 qui
751 768 1122 833 mendacium
1165 768 1428 832 colentes
1481 788 1680 833 veram
1736 771 2083 850 religionem
2128 771 2253 833 veri
2296 771 2389 834 dei
2435 790 2557 835 non

216 871 383 934 modo
429 869 828 951 neglegendo,
874 870 1018 950 quin
1061 870 1309 951 insuper
1350 872 1774 952 expugnando,
1820 872 1915 933 'in
1958 890 2161 935 verum
2192 874 2558 937 committitis

217 972 432 1036 crimen
476 990 647 1035 verae
689 970 1214 1052 ‘inreligiositatis
1319 971 1525 1034 ’Nunc
1577 982 1646 1035 ut
1688 981 1990 1036 constaret
2029 973 2163 1037 illos
2206 974 2354 1036 deos
2398 994 2556 1051 esse,

217 1091 408 1136 nonne
452 1070 830 1137 ”conceditis
883 1070 961 1131 dc
1016 1072 1422 1136 aestimatione
1475 1075 1773 1137 communi
1830 1074 2084 1156 aliquem
2128 1095 2266 1138 esse
2310 1077 2559 1139 ¹'subli-

217 1174 458 1238 miorem
500 1183 561 1237 et
599 1172 1030 1254 potentiorem,
1073 1173 1235 1236 velut
1274 1173 1602 1259 principem
1645 1173 1852 1238 mundi
1883 1177 2179 1256 perlectae
2209 1178 2250 1210 ¹⁸
2260 1179 2559 1258 potentiae

221 1283 278 1337 et
314 1273 686 1338 maiestatis?
769 1272 917 1336 Nam
961 1280 1023 1335 et
1064 1272 1152 1336 sic
1191 1274 1458 1356 plerique
1501 1276 1828 1358 disponunt
1880 1277 2276 1365 divinitatem‚
2331 1287 2399 1341 ut
2435 1279 2556 1341 im·

220 1375 446 1457 perium
476 1394 746 1438 summae
775 1374 1250 1443 ¹'dominationis
1294 1395 1432 1439 esse
1459 1395 1646 1458 penes
1675 1397 1891 1454 unum,
1937 1381 1976 1413 ¹⁴
1993 1379 2183 1442 officia
2214 1380 2341 1443 eius
2370 1398 2556 1460 penes

219 1477 431 1540 multos
474 1476 688 1552 velint,
729 1485 798 1539 ut
837 1476 1004 1539 Plato
1033 1476 1236 1539 Iovem
1279 1478 1649 1557 ”magnum0
1691 1480 1753 1541 in
1796 1480 1957 1543 caelo
2001 1481 2341 1544 comitatum
2383 1499 2557 1544 exer·

221 1579 331 1641 citu
372 1578 662 1641 describit
700 1577 950 1640 deorum
1002 1577 1228 1658 pariter
1292 1586 1353 1640 et
1415 1579 1791 1642 daemonum.
1898 1580 2103 1662 Itaque
2162 1589 2442 1663 oportere
2499 1591 2559 1645 et

219 1688 596 1760 paoeurantes
640 1686 703 1741 et
740 1679 1076 1760 praefectos
1120 1686 1181 1741 et
1219 1678 1529 1759 praesides
1569 1681 1796 1761 puriter
1834 1681 2113 1763 ¹⁸suspici
2126 1682 2174 1745 ¹¹.
2244 1683 2321 1745 Et
2362 1692 2557 1746 tamen

221 1780 372 1860 quod
437 1780 657 1842 facinus
722 1778 977 1841 admittit
1040 1780 1140 1859 qui
1204 1781 1394 1859 magis
1458 1781 1532 1843 ad
1599 1782 1911 1857 Caesarem
1975 1784 2433 1864 promerendum
2500 1793 2560 1848 et

221 1881 259 1913 ¹⁷
271 1899 506 1961 operam
551 1890 613 1944 et
652 1897 821 1959 spem
866 1898 1036 1942 suam
1080 1882 1356 1973 transtert
1398 1900 1509 1945 nec
1549 1884 2003 1964 appellationem
2033 1885 2183 1949 ¹⁸dei
2218 1886 2299 1948 ita
2338 1894 2407 1949 ut
2438 1887 2554 1950 im-

219 1983 500 2061 peratoris
525 1982 636 2044 ”in
665 1980 857 2061 aliquo
876 1981 1196 2063 ”principe
1225 1983 1590 2058 confltetur·‚
1622 2003 1756 2046 cum
1780 1986 1821 2019 ²¹
1838 1986 2081 2067 capitale
2103 2006 2241 2050 esse
2269 1986 2560 2053 iudicetur

221 2082 382 2146 alium
424 2092 666 2165 praeter
694 2082 1006 2145 Caesarem
1051 2090 1112 2145 et
1153 2082 1350 2145 dicere
1379 2091 1439 2146 et
1466 2085 1720 2148 audire?
1778 2087 1947 2150 Colat
1973 2087 2122 2150 alins
2152 2087 2360 2163 deum,
2406 2090 2557 2152 alius

221 2181 425 2260 lovem,
456 2184 614 2247 alius
641 2184 716 2247 ad
737 2183 961 2247 caelum
980 2185 1246 2247 ”manus
1269 2185 1570 2266 supplices
1593 2187 1814 2263 tendat,
1845 2188 1995 2251 alius
2019 2190 2090 2252 ad
2115 2189 2557 2267 aram”Fidei¹‚

223 2335 270 2385 5.
304 2338 406 2401 quia
442 2353 535 2389 uec
570 2336 651 2389 dei
687 2353 777 2403 pro
815 2345 977 2399 certo,
1025 2353 1116 2388 nec
1150 2352 1240 2387 nos
1275 2340 1387 2397 (nos
1423 2355 1511 2389 om.
1546 2339 1623 2400 D.)
1670 2356 1760 2405 pro
1808 2351 1939 2392 certo
1987 2343 2058 2392 rei
2104 2356 2273 2393 sumus
2306 2335 2558 2405 ABDFGat.

230 2403 408 2455 vindob.
476 2406 587 2471 quia
625 2420 717 2456 nec
752 2406 836 2466 dii,
873 2420 962 2456 nec
998 2420 1087 2470 pro
1126 2413 1258 2457 certo
1295 2406 1364 2455 rei
1401 2421 1570 2457 sumus
1606 2410 1710 2459 bed.
1781 2423 1873 2460 nec
1905 2424 1996 2474 pro
2034 2419 2165 2460 certo
2184 2410 2253 2459 rei
2285 2424 2456 2460 sumus
2487 2426 2557 2460 ue.

222 2470 274 2521 1»
306 2472 356 2521 Ε.
389 2473 559 2537 Erfurt.
602 2475 752 2524 om.
787 2475 925 2524 verbo
970 2473 1022 2523 Si
1057 2473 1186 2523 enim
1224 2488 1319 2523 non
1356 2482 1469 2524 sunt
1503 2475 1579 2524 dei
1614 2501 1681 2511 —
1716 2501 1783 2511 —
1817 2502 1885 2513 —
1933 2477 2003 2527 rei
2040 2476 2208 2528 snmus
2245 2477 2406 2528 laesae
2441 2476 2559 2527 reli-

220 2537 370 2601 gionis
403 2543 585 2591 want.
711 2540 759 2591 6.
814 2542 1120 2605 exprobratio
1165 2541 1414 2590 resultavit
1454 2543 1759 2607 ABDEGaces.
1796 2545 1972 2609 Erfurt.
2016 2545 2204 2597 Vindob.
2244 2546 2392 2596 Oxou.
2477 2560 2558 2596 ex·

309 2607 538 2659 brutiores
576 2606 772 2658 alutavit
804 2608 855 2659 B.
889 2624 951 2659 m.
984 2624 1058 2675 pr.
1146 2609 1425 2672 exprobatio
1473 2610 1799 2675 (exprobratio
1836 2613 2046 2673 Haverc.)
2093 2628 2146 2664 re
2182 2612 2271 2663 ista
2309 2613 2562 2664 resultabit

249 2708 262 2720 .
299 2675 484 2727 Emere.
554 2676 862 2742 exprobratio
897 2677 1152 2726 resultabit
1185 2678 1268 2728 n.
1368 2677 1415 2727 7.
1453 2679 1499 2727 in
1538 2694 1700 2728 verum
1722 2675 1975 2745 molens.
2008 2682 2392 2746 Vindob.Ersurt.
2411 2682 2560 2732 Omen.

221 2740 269 2789 in
300 2756 408 2792 vero
446 2745 517 2794 0.·
563 2758 729 2794 verum
766 2744 910 2794 deum
947 2761 986 2796 e.
1057 2744 1199 2794 deum
1237 2759 1398 2794 verum
1436 2747 1568 2797 obde.
1639 2746 1723 2797 Pro
1763 2748 2056 2797 committitis
2090 2750 2142 2797 in
2173 2750 2222 2798 G.
2260 2754 2386 2798 extat
2422 2761 2556 2797 com-

223 2807 384 2858 mittis.
481 2810 529 2860 8.
565 2811 894 2874 religiositatis
931 2806 1010 2862 θλ.
1115 2811 1164 2862 9.
1199 2811 1337 2862 Nunc
1369 2812 1644 2863 ABDEFGd.
1683 2815 1871 2865 vindob.
1891 2816 2064 2878 Erfurt.
2090 2816 2236 2865 Oxou.
2273 2815 2559 2865 ametim-

221 2889 325 2925 πω
359 2885 563 2940 quntum.
649 2879 770 2929 Nam
818 2882 966 2944 uoces.
1073 2878 1152 2929 10.
1202 2879 1520 2929 concedet-itis
1566 2875 1609 2926 λ.
1726 2881 1802 2930 11.
1852 2882 2173 2945 potentiorem
2221 2888 2268 2930 et
2303 2881 2557 2931 sublimio-

221 2955 326 2991 rem
364 2944 413 2993 G.
514 2945 592 2995 12.
625 2947 867 3010 potentiae
903 2955 949 2995 et
984 2947 1248 2996 maiestatis
1283 2945 1355 3012 Pl.
1392 2948 1520 2996 Folo.
1560 2948 1754 2997 Ursinus
1790 2955 1832 2998 et
1865 2950 2055 2999 Honore.
2127 2949 2368 3011 potentiae
2404 2948 2557 2998 maie-

224 3010 363 3059 statis
394 3008 492 3073 Αβ.
559 3014 751 3077 peritiae
799 3015 1062 3065 maiestatis
1106 3012 1373 3080 AchDEG.
1409 3015 1582 3079 Errare.
1605 3017 1770 3076 Oxou.
1814 3015 2004 3065 Vindob.
2084 3017 2286 3078 peritiae
2325 3023 2372 3065 et
2408 3015 2559 3065 maie-

219 3077 359 3128 statis
393 3080 552 3130 ubcde.
619 3083 878 3132 maiestatis
911 3077 957 3129 λ.
1070 3081 1149 3133 13.
1186 3081 1488 3131 divinationis
1507 3081 1596 3132 PG.
1619 3082 1808 3133 Vindob.
1920 3082 1998 3131 14.
2034 3083 2193 3131 officia
2228 3097 2341 3131 vero
2370 3082 2474 3132 eius
2507 3076 2555 3130 λ.

223 3143 298 3194 15.
335 3160 507 3209 magno
546 3148 599 3198 G.
707 3148 785 3200 16.
822 3149 1003 3213 suspici
1037 3150 1267 3214 ABchel.
1292 3149 1743 3209 Haverc.(Vinaob.)
1812 3150 1995 3213 suscipi
2031 3151 2182 3200 DEob.
2206 3151 2380 3214 Erfurt.
2409 3145 2558 3200 osen.

223 3211 460 3270 Votienus
495 3231 634 3266 uuus.
705 3218 959 3280 suscipere
992 3218 1044 3268 F.
1081 3219 1189 3277 (om.
1221 3231 1320 3267 voc.
1354 3224 1418 3275 et,
1455 3231 1573 3281 quoe
1607 3218 1718 3266 inde
1753 3218 1998 3281 sequitur.)
2066 3217 2304 3281 suspicari
2336 3213 2384 3265 λ.
2479 3216 2558 3267 Π.

216 3293 405 3342 operam
442 3284 702 3347 DFobcdel'.
747 3286 937 3335 Vindob.
1009 3299 1158 3349 opera
1191 3284 1358 3334 ABEG.
1393 3284 1568 3348 Erfurt.
1609 3285 1758 3335 Oxou.
1800 3286 2052 3335 Pamelicmi
2087 3301 2256 3335 omnes.
2366 3284 2445 3335 18.
2482 3285 2561 3335 dei

217 3346 276 3396 ita
309 3355 360 3398 ut
389 3351 576 3402 inducit
613 3352 941 3415 los.ScuIi9er.
1016 3360 1066 3402 ut
1100 3351 1176 3402 dei
1214 3353 1276 3400 ita
1315 3358 1359 3400 et
1394 3352 1471 3401 Fr.
1486 3354 1663 3401 Iunius.
1774 3351 1851 3402 19.
1888 3353 1936 3401 in
1973 3352 2133 3416 aliquo
2161 3353 2308 3403 Fch.
2379 3353 2426 3403 in
2463 3352 2561 3404 alio

216 3428 349 3478 quam
382 3419 635 3482 fiHuterc.
665 3418 904 3478 (vindob.)
974 3421 1022 3469 in
1059 3420 1267 3484 aliquam
1303 3419 1355 3468 Α.
1425 3419 1471 3468 iu
1510 3418 1609 3491 aliq
1646 3421 1696 3468 B.
1784 3420 1833 3469 in
1888 3418 2095 3484 aliquem
2150 3421 2330 3471 DEube.
2384 3421 2560 3485 Erfurt.

216 3482 354 3533 om.
435 3485 525 3535 20.
566 3485 784 3551 principe
816 3487 999 3552 ABRGs.
1042 3488 1232 3537 Vindob-
1302 3487 1572 3550 principem
1610 3487 1790 3537 DEobe.
1812 3487 1986 3551 Errare.
2007 3489 2154 3538 Oxou.
2192 3488 2463 3552 principum
2485 3490 2562 3540 cd.

212 3545 289 3598 21.
323 3553 552 3616 capitalis
585 3547 631 3599 λ.
753 3552 835 3603 22.
874 3568 1044 3603 manus
1079 3554 1329 3618 supplices
1374 3554 1536 3605 ΑΒΜ.
1583 3555 1771 3605 Vindob.
1875 3553 2123 3619 supplices
2176 3569 2347 3605 manus
2388 3557 2563 3621 reliqtu‘

207 3631 303 3667 em
327 3619 478 3671 Oxou.
509 3625 560 3670 et
583 3620 757 3685 Erftm.
862 3621 946 3672 23.
982 3622 1131 3675 Fidei.
1168 3622 1292 3671 alius
1327 3621 1526 3686 (chdes.
1597 3622 1709 3671 iidie
1744 3623 1877 3681 (lidie
1893 3620 2015 3687 Αβ.)
2051 3622 2175 3672 alius
2208 3623 2296 3674 AB.
2368 3622 2562 3686 phidiae

205 3696 368 3736 manus
403 3687 545 3738 atius
583 3687 634 3738 G.
738 3689 851 3739 lidie
896 3703 1070 3739 manus
1117 3687 1241 3738 alius
1276 3689 1330 3738 Ε.
1367 3689 1541 3752 Erfurt.
1648 3690 1757 3740 fldei
1808 3677 2006 3751 manus,
2056 3690 2180 3740 alius
2216 3691 2327 3741 Fub.
2370 3690 2561 3741 Vindob.

201 3749 359 3803 Fidem
395 3768 586 3806 manns
622 3755 746 3807 alius
777 3751 827 3805 λ.

265 3889 534 3940 eutPlato
550 3889 716 3940 lovem
733 3886 986 3958 maguum]
1003 3889 1331 3949 Platl’baedr.
1437 3888 1514 3941 dei
1563 3889 1628 3939 ita
1678 3899 1728 3942 ut
1772 3885 2080 3957 imperatoris
2135 3905 2232 3941 non
2292 3890 2341 3940 in
2397 3891 2560 3956 aliquo

197 3968 250 4019 p.
263 3953 378 4007 240.
395 3958 452 4008 Δ.
491 3958 574 4008 Cf.
611 3958 790 4008 Arnob.
824 3959 937 4009 Λᾶν.
972 3959 1097 4009 Natt.
1135 3958 1220 4018 ΙΙΙ,
1249 3956 1332 4007 30.
1437 3970 1628 4007 summo
1668 3959 1886 4023 principe
1921 3955 2218 4010 confltetur?
2250 3958 2405 4009 Tanto
2442 3973 2562 4023 pro-

195 4023 419 4087 Atbenag.
459 4025 584 4088 Lag.
625 4040 716 4090 pro
752 4026 866 4076 Chr.
904 4042 1010 4092 cap.
1039 4025 1123 4077 21.
1170 4024 1336 4087 (pot.
1438 4026 1566 4075 recto
1603 4026 1682 4076 bic
1717 4028 1906 4088 gravius
1930 4027 2175 4086 admittit,
2227 4034 2405 4091 quanto
2441 4027 2562 4076 deus

195 4090 269 4139 ed.
304 4092 490 4152 oxon.)
541 4106 657 4142 cum
691 4092 916 4144 Deebarii
951 4094 1144 4147 adnot..
1180 4093 1338 4158 Toup.
1440 4093 1594 4142 maior
1625 4100 1704 4144 est
1739 4095 1972 4154 Caesare,
2006 4101 2200 4158 praeter
2234 4108 2376 4158 quem
2414 4094 2563 4145 alium

190 4157 251 4208 ad
280 4157 489 4222 Longin.
533 4160 669 4210 Sect.
703 4160 794 4211 XV.
842 4158 894 4226 ἦ.
928 4161 978 4212 4.
1023 4177 1073 4227 p.
1102 4158 1220 4212 322.
1260 4161 1335 4211 ed.
1439 4162 1504 4210 ita
1539 4160 1702 4212 dicere
1738 4169 1787 4211 et
1821 4162 1986 4212 audire
2037 4162 2110 4212 vel
2159 4161 2320 4211 solum
2358 4161 2565 4226 capitale

188 4224 400 4278 Weiske.
1440 4227 1696 4280 iudicatur.
1749 4229 1879 4279 Haec
1908 4230 2168 4279 verborum
2205 4228 2411 4290 genuina
2447 4243 2563 4279 sen-

254 4293 303 4344 d.
340 4292 588 4359 suspici]
629 4294 703 4345 Cf.
740 4293 904 4346 adnot.
943 4296 1006 4348 ad
1041 4295 1245 4361 cap.18.
1439 4296 1586 4345 tentia
1621 4302 1725 4358 est,
1773 4312 1916 4362 quam
1966 4297 2176 4348 editores
2224 4298 2383 4361 pravis
2420 4304 2565 4360 atque

253 4375 299 4412 s.
335 4361 388 4413 in
439 4362 622 4427 aliquo
672 4364 896 4427 principe
933 4359 1212 4430 confltetur]
1280 4362 1341 4413 Et
1439 4364 1682 4428 perversis
1726 4364 2071 4414 mutationibus
2123 4379 2328 4428 prorsus
2363 4363 2563 4413 interte-

185 4434 366 4490 umen,
408 4429 598 4495 inquit,
637 4438 870 4495 quantum
908 4431 1096 4482 lacinus
1132 4431 1339 4481 admittit
1440 4438 1624 4481 corant.

184 4496 296 4562 qui,
353 4512 458 4562 quo
523 4497 684 4559 magis
733 4498 1340 4560 Gaesarem-promereat,
1509 4499 1540 4547 t.
1580 4512 1713 4547 aram
1748 4493 1908 4565 Fidei]
1978 4498 2076 4548 Liv.
2115 4497 2149 4556 Ι,
2186 4496 2271 4546 21.
2317 4497 2564 4558 Augustin.

181 4576 387 4627 operam
443 4577 599 4614 suam
645 4572 696 4614 et
738 4579 878 4630 spem
928 4565 976 4615 in
1026 4567 1128 4616 eius
1177 4567 1340 4630 potius
1442 4564 1512 4615 De
1547 4565 1644 4615 Cir.
1683 4566 1769 4615 Dei
1806 4565 1878 4625 w,
1915 4563 1997 4615 20.
2037 4565 2253 4628 Hanung
2288 4563 2441 4625 Relig.
2477 4563 2566 4612 der

181 4631 441 4683 ministros
485 4633 748 4695 transfert,
782 4641 831 4683 et
856 4633 938 4698 qui
964 4633 1340 4698 appellationem
1439 4632 1649 4683 Roemer
1686 4632 1744 4696 ll,
1779 4631 1944 4698 9264
1978 4643 2053 4696 sq.
