3263 5311
138 2716 157 2761 ἶ
245 2705 327 2756 21.
364 2708 522 2757 iudicii
562 2726 604 2758 a.
677 2708 906 2758 indicium
944 2724 983 2758 c.
1058 2707 1282 2757 iudicium
1322 2709 1369 2757 G.

1181 400 1659 480 amenum-tems.
2487 426 2609 489 137

253 587 510 650 Dicimur
582 593 781 648 tamen
854 596 1125 666 semper;
1200 604 1313 647 nec
1380 604 1488 647 vos
1561 587 1724 667 quod
1792 595 1910 649 tam
1965 587 2068 650 diu
2140 587 2390 652 dicimur
2464 609 2608 652 eru-

254 702 385 751 ere·
428 687 671 749 curatis.
758 686 951 765 ⁵Ergo
1008 695 1108 747 aut
1173 687 1382 759 eruite,
1462 687 1514 747 si
1588 687 1851 762 creditiS‚
1925 696 2027 749 aut
2082 688 2268 750 nolite
2341 691 2606 766 credere,

252 789 347 868 qui
390 807 517 850 non
559 788 860 850 ‘emistis
946 787 1034 849 De
1100 796 1299 849 vestra
1342 787 1546 864 ⁷vobis
1606 787 2081 878 dissimulatione
2141 790 2608 868 praescribitur‘¹

251 909 368 951 non
413 907 554 950 esse
600 888 761 967 quod
806 907 917 949 nec
959 888 1074 968 ipsi
1119 888 1350 949 audetis
1398 907 1627 950 eruere.
1683 889 1922 968 &Longe
1969 889 2126 950 aliud
2168 908 2389 952 munus
2434 893 2603 954 ⁸car-

254 990 405 1052 nifici
448 989 547 1050 ⁹iu
593 988 963 1051 Christianos
1010 989 1347 1069 imperatis,
1394 1008 1517 1051 non
1562 997 1628 1050 ut
1671 987 1868 1050 dicant
1910 1009 2060 1068 quae
2105 990 2344 1066 facium,
2389 993 2496 1054 sed
2541 1001 2606 1054 ut

253 1099 468 1170 negent
508 1090 673 1170 quod
716 1095 875 1149 sunt.
966 1087 1291 1153 ”Censuv
1333 1090 1509 1152 istius
1566 1089 1933 1170 disciplinae,
2001 1099 2073 1152 ut
2125 1090 2240 1152 iam
2286 1092 2603 1167 edidimuS,

252 1211 284 1254 a
327 1192 568 1254 Tiberio
614 1191 781 1251 ¹¹est.
870 1187 1019 1252 Cum
1065 1190 1204 1252 odio
1235 1190 1329 1253 sui
1373 1192 1571 1271 coepit
1614 1191 1902 1253 ²²veritas.
1965 1191 2152 1252 Simul
2196 1200 2370 1272 atque
2416 1212 2600 1273 appa-

252 1295 386 1367 ruit,
454 1291 689 1354 inimica
734 1289 901 1352 ¹³est.
993 1292 1109 1353 Tot
1170 1293 1379 1354 hostes
1426 1292 1465 1324 ¹⁴
1480 1292 1611 1354 eius
1678 1299 1826 1371 quot
1887 1292 2172 1366 extranei,
2248 1301 2308 1354 et
2362 1294 2602 1374 quidem

249 1394 546 1474 ¹³proprie
589 1412 662 1455 ex
704 1390 1129 1454 aemulatione¹
1153 1392 1377 1465 Iudaei,
1414 1411 1495 1472 ,ex
1537 1393 1976 1454 concussione¹
2005 1394 2246 1468 milites.
2293 1414 2365 1456 ex
2393 1402 2603 1457 natura

252 1495 419 1575 ¹‘³ipsi
464 1494 641 1555 etiam
686 1492 1053 1555 ”domestici
1096 1493 1290 1555 nostri
1304 1459 1419 1578 δ.)
1440 1494 1479 1525 ¹⁸
1495 1492 1722 1556 Cotidie
1770 1493 2131 1568 obsidemur,
2190 1496 2405 1558 cotidie
2450 1516 2599 1577 pro-

250 1595 462 1666 dimur,
508 1594 624 1655 ¹⁹in
682 1594 833 1673 ipsis
889 1594 1206 1673 plurimum
1272 1581 1540 1655 co'etibus
1616 1603 1677 1655 et
1747 1595 2305 1674 congregationibus
2371 1598 2599 1658 nostris

249 1696 659 1775 opprimimur.
731 1695 881 1767 Quis
926 1713 1204 1775 umquam
1250 1695 1441 1756 taliter
1469 1694 1724 1774 vagienti
1754 1693 1962 1756 infanti
1992 1694 2382 1775 supervenit?
2448 1697 2598 1771 Quis

246 1805 504 1870 menta,
571 1804 639 1857 ut
679 1796 1003 1870 invenerat,
1076 1795 1393 1876 Cyclopum
1436 1804 1497 1857 et
1537 1795 1871 1874 ²⁰Sirenum
1915 1815 2020 1858 ora
2061 1797 2100 1829 ⁸¹
2117 1796 2296 1858 iudici
2337 1796 2601 1860 ²²reser-

246 1896 442 1959 vavit?
492 1895 517 1930 ''
532 1896 681 1969 Quis
726 1898 816 1958 vel
858 1896 975 1958 ”in
1020 1896 1307 1959 uxoribus
1353 1896 1545 1976 aliqua
1588 1895 1872 1957 inmunda
1918 1897 2158 1976 vestigia
2202 1898 2626 1977 ²’deprehen-z

2608 1479 2632 1512 2.

244 2100 289 2150 5.
324 2100 453 2163 Ergo
494 2123 555 2136 --
594 2124 657 2136 —
709 2101 904 2149 eruistis
952 2115 1040 2149 om.
1076 2100 1288 2150 Leidens.
1427 2100 1473 2150 6.
1513 2100 1681 2150 eruitis
1718 2096 1824 2151 Fac.
1947 2100 1993 2151 7.
2031 2100 2173 2149 nobis
2210 2102 2284 2156 ab.
2400 2101 2447 2150 8.
2486 2117 2596 2152 car·

244 2169 383 2218 nilicii
424 2163 644 2229 ΕΓιλὶαὺ.
682 2169 893 2218 Leidens.
939 2168 1125 2216 Vindob.
1167 2168 1313 2217 Oron-
1350 2168 1523 2231 Ersnrt.
1630 2168 1679 2217 9.
1719 2169 1764 2217 in
1804 2169 2087 2218 Christianis
2124 2168 2213 2218 PG.
2305 2168 2383 2218 10.
2413 2169 2599 2218 Sensus

242 2237 450 2285 Leidens.
574 2235 654 2285 11.
692 2241 765 2284 est
800 2251 888 2285 om.
927 2235 977 2283 G.
1099 2232 1175 2282 12.
1212 2234 1384 2283 veritas
1431 2236 1573 2284 simul
1612 2244 1753 2299 atque
1791 2237 2012 2300 apparuit
2046 2230 2347 2298 Aenezabes.
2386 2237 2598 2287 Leidens.

243 2303 462 2367 Bonyurs.
498 2303 673 2366 Ersurt.
777 2301 920 2352 simul
958 2302 1129 2350 veritas
1165 2309 1309 2365 atque
1344 2304 1566 2367 apparuit
1602 2305 1711 2354 θεά.
1796 2305 1983 2353 veritae.
2021 2311 2163 2366 atquc
2200 2312 2250 2351 ut
2286 2304 2510 2367 apparuit
2542 2306 2595 2353 F.

248 2370 323 2420 13.
361 2378 437 2420 est
482 2364 753 2421 ABDEFGZ.
792 2370 1015 2433 Bonqars.
1054 2369 1262 2418 Leidens.
1371 2384 1477 2419 esse
1514 2373 1692 2434 obedes.
1731 2370 1904 2432 (Oxou.
1951 2371 2138 2420 Vindob.
2177 2369 2373 2431 Erfurt.)
2516 2372 2594 2420 14.

244 2439 345 2487 eius
381 2446 452 2487 tot
486 2433 529 2485 λ.
603 2437 648 2487 ei
684 2446 802 2500 quot
836 2438 885 2487 F.
1008 2436 1085 2484 15.
1122 2434 1318 2500 proprie
1352 2438 1650 2488 ABDEFch.
1690 2440 1901 2489 Leidem.
1943 2438 2088 2488 Oxou.
2129 2437 2303 2501 Ersurt.
2409 2441 2594 2503 proprii

244 2508 362 2568 abes.
398 2505 638 2566 (Vindob.)
746 2503 824 2554 16.
863 2504 1004 2553 etiam
1043 2503 1134 2566 ipsi
1169 2498 1213 2551 λ.
1326 2503 1403 2553 17.
1440 2506 1720 2556 domesticis
1759 2506 1936 2555 nostris
1975 2507 2046 2556 ab.
2195 2505 2272 2554 18.
2313 2507 2504 2557 cottidie
2540 2509 2593 2557 F.

248 2573 457 2634 Vindob.,
486 2588 573 2636 pro
608 2588 751 2622 more.
837 2571 915 2622 19.
954 2573 1002 2620 in
1039 2571 1157 2634 ipsis
1195 2572 1334 2620 etiam
1374 2572 1633 2635 plurimum
1668 2568 1714 2624 λ.
1796 2573 1877 2622 20.
1914 2573 2138 2622 Sirenum
2174 2574 2324 2624 ΑΒΜ.
2363 2575 2595 2625 Gorsiens.

244 2640 453 2691 Leidens.
489 2649 533 2690 et
574 2641 819 2691 Vaticanus
858 2655 995 2689 unus.
1065 2653 1289 2702 syrenum
1326 2640 1414 2691 FG.
1451 2639 1729 2691 sirenarum
1767 2642 1960 2705 DEcces.
2004 2641 2151 2691 Ozoa.
2197 2642 2383 2692 Vindob.
2423 2643 2597 2705 Erfurt.

1510 2707 1592 2759 22.
1631 2711 1857 2759 reseravit
1893 2710 2040 2758 Dabd.
2078 2708 2289 2758 Leidens.
2429 2708 2509 2758 23.
2548 2710 2595 2758 in

246 2775 473 2823 uxoribus
505 2790 715 2840 unquam
753 2775 997 2826 immunda
1032 2770 1077 2824 λ.
1131 2773 1241 2841 24-
1267 2774 1519 2840 deprendit
1552 2778 1604 2827 F.
1649 2778 1858 2836 vindob„
1890 2792 1976 2839 pro
2013 2790 2153 2824 more.

251 2926 400 2973 ritate
420 2927 730 2987 tenebrarum,
766 2940 889 2991 quae
916 2926 1151 2988 pudorem
1179 2939 1375 2974 omnem
1459 2927 1527 2975 Ad
1564 2926 1689 2974 Natt.
1727 2926 1765 2984 1,
1803 2926 1836 2974 4
1883 2925 2252 2985 „Praescribam
2287 2926 2412 2974 enim
2463 2926 2597 2974 vobis

253 2992 535 3041 interimunt
580 3003 629 3042 et
673 2994 1035 3044 inverecundiae
1094 3001 1374 3056 procurant,

1462 3008 1558 3042 non
1597 3006 1743 3055 posse
1780 2993 1980 3041 crimina
2029 2992 2220 3041 obicere
2269 3006 2391 3054 quae
2439 3007 2596 3056 neque
2695 3008 2702 3021 ·

254 3059 435 3109 deinde
488 3061 626 3111 etiam
672 3076 728 3109 eo
774 3068 1020 3126 praetextu
1038 3060 1061 3119 ,’
1112 3061 1241 3124 quod
1289 3075 1375 3109 eae

251 3127 481 3177 libidines
512 3121 602 3175 καὶ
629 3123 801 3193 μίξεις
834 3130 945 3192 piae
979 3129 1079 3176 sint
1097 3143 1153 3176 ac
1175 3127 1373 3189 religio·

246 3209 347 3244 sae.
420 3195 546 3247 Haec
580 3198 705 3246 enim
754 3198 915 3245 omnia
953 3196 1238 3246 Christianis
1274 3196 1374 3245 exi-

208 3314 219 3325 ,
243 3264 502 3313 §limabant
536 3278 591 3314 ex
636 3264 888 3327 religionis
935 3266 1224 3314 necessitate
1261 3278 1375 3326 per-

239 3333 491 3394 petranda.
589 3332 752 3390 Quare
822 3340 1019 3395 postea:
1092 3330 1374 3391 „Piaculum

239 3400 364 3449 euim
402 3400 680 3459 admiseris,
736 3399 828 3448 nisi
877 3400 1113 3448 incestum
1148 3398 1376 3447 feceris.“

239 3468 474 3528 (Hes-ald.)
530 3468 690 3517 Canes
744 3467 1069 3521 tenebrarum,
1104 3465 1205 3528 ?per
1257 3479 1377 3528 quas

240 3535 405 3584 fierent
456 3536 674 3595 incesta,
726 3532 927 3584 lenones
974 3535 1227 3592 dicuntur,
1278 3534 1377 3595 qui,

237 3602 345 3652 dum
372 3611 643 3667 procurant
680 3602 878 3661 incesta,
915 3602 1097 3651 lumina
1122 3600 1376 3650 evertendo

234 3678 279 3719 et
315 3679 509 3721 noctem
539 3668 814 3719 inducendo
845 3670 1097 3719 libidinum
1121 3669 1376 3732 impiarum

235 3747 362 3788 certe
410 3735 763 3788 verecundiae-
790 3737 1094 3786 consuluisse
1142 3735 1378 3799 quodam-

231 3806 373 3855 modo
410 3805 616 3871 possint
662 3805 828 3853 videri.
900 3805 1130 3859 Hori-eret
1179 3804 1258 3852 lux
1305 3803 1374 3852 vi-

229 3887 341 3922 sura
379 3889 503 3937 quas
545 3872 874 3935 impudicitias
910 3872 1113 3935 pudicae
1145 3870 1374 3920 tenebrae

231 3940 325 3989 iam
361 3948 651 4003 contegunt.

303 4023 341 4057 c.
380 4005 580 4070 eruere]
624 4007 671 4057 V.
710 4007 875 4056 adnot.
911 4006 969 4055 ad
1008 4021 1113 4069 cap.
1153 4006 1201 4055 2.

300 4075 347 4123 d.
383 4075 453 4125 De
474 4083 640 4125 vestra
668 4074 805 4123 vobis
824 4074 1209 4126 dissimulatione
1234 4086 1378 4135 prae-

225 4140 482 4208 scribitur]
504 4143 938 4193 Dissimutationem
958 4140 1075 4192 dicit
1104 4140 1377 4205 inquisitio-

220 4211 300 4261 nis
340 4211 684 4260 omissionem.
746 4211 1063 4269 staescribere
1100 4222 1152 4257 es
1178 4222 1269 4257 usu
1289 4206 1375 4256 ΙΟ-

214 4286 384 4329 torum
423 4284 501 4329 est
536 4277 829 4341 exceptione
852 4277 1095 4340 perimere
1116 4274 1377 4325 adversarii

210 4347 562 4407 intentionem,
596 4352 824 4395 nostrum
848 4346 1127 4405 etmenden,
1168 4342 1380 4401 einwand

206 4418 421 4467 macheu.
520 4413 950 4477 Frequentissime
1008 4417 1210 4475 usurpat
1258 4410 1381 4459 Ter-

204 4483 465 4534 tullianus.
505 4480 660 4545 Apol.
714 4494 822 4543 cap.
858 4478 921 4528 4⁷
974 4478 1239 4542 „Expedite
1291 4491 1379 4526 au-

205 4558 299 4602 tem
335 4550 730 4618 praescribimus
765 4546 998 4597 adulteris
1031 4546 1214 4597 nostris
1246 4544 1381 4594 illam
1416 4538 1427 4549 ’

205 4635 319 4671 esse
376 4618 617 4683 regulam
688 4614 903 4664 veritatis
962 4628 1086 4679 quae
1151 4611 1307 4662 veniat
1353 4626 1380 4660 a

204 4686 403 4739 Christo
445 4683 761 4737 transmissa
799 4696 886 4745 per
935 4682 1136 4733 comites
1172 4676 1379 4746 ipsius.“

1462 3060 1732 3109 institutum
1787 3060 1949 3120 dirigit
2004 3072 2158 3121 neque
2207 3059 2414 3121 prolatio
2464 3059 2596 3108 adsi-

1460 3135 1583 3189 gnat
1609 3141 1766 3190 neque
1804 3126 2042 3175 sententia
2069 3125 2403 3175 adnumerat.“
2474 3127 2596 3176 ibid.

1460 3196 1499 3257 1,
1536 3193 1602 3243 20
1640 3194 1861 3254 „Quodsi
1907 3194 2241 3256 praescribitur
2285 3194 2421 3243 vobis
2457 3209 2598 3243 erro-

1460 3276 1563 3312 rem
1600 3276 1763 3311 amare
1788 3270 1835 3311 et
1860 3262 2023 3310 odisse
2050 3260 2313 3321 veritatem,
2352 3276 2439 3311 cur
2466 3261 2598 3325 quod

1463 3331 1636 3379 amatis
1688 3337 1736 3379 et
1788 3330 1959 3379 odistis
2006 3343 2103 3379 non
2154 3325 2457 3379 noveritis?“
2527 3329 2597 3379 Ad

1463 3399 1587 3448 Natt.
1618 3397 1678 3457 ll,
1711 3398 1732 3446 1
1776 3398 1854 3456 „si
1890 3404 2069 3447 tantam
2106 3398 2465 3459 perversitatem
2502 3411 2598 3445 una

1458 3468 1824 3530 praescriptione
1860 3464 2032 3515 discuti
2069 3464 2289 3514 liceret.“
2363 3465 2435 3514 Cf.
2458 3465 2598 3513 Dirk-

1464 3548 1551 3583 sen
1594 3533 1815 3582 Manuale
1863 3547 1901 3580 s.
1939 3548 1981 3582 v.
2016 3533 2318 3596 Praescriptio
2368 3542 2417 3581 et
2459 3533 2599 3582 Prae-

1463 3603 1666 3651 scribere
1699 3616 1747 3665 p.
1784 3599 1880 3648 747
1911 3614 1983 3663 sq.

1533 3699 1572 3732 e.
1613 3681 1823 3750 Census]
1862 3684 1910 3732 V.
1950 3696 2072 3746 quae
2109 3682 2396 3731 adnotavere
2434 3681 2493 3730 ad
2529 3680 2599 3730 De

1465 3751 1656 3802 Corona
1695 3767 1800 3815 cap.
1843 3749 1919 3800 13.

1530 3836 1563 3885 r.
1613 3830 1958 3899 aemulatione]
2032 3833 2102 3881 Cl'.
2155 3810 2376 3881 adnotata
2426 3831 2485 3880 ad
2530 3830 2600 3880 De

1461 3902 1591 3964 Fuga
1627 3902 1696 3951 iu·
1715 3903 1906 3950 Persec.
1947 3916 2051 3965 cap.
2091 3899 2138 3948 2.

1532 4002 1576 4048 g.
1616 3980 1958 4048 concussione]
2028 3984 2080 4032 V.
2129 3998 2253 4047 quae
2306 3983 2597 4033 adnotavero

1464 4053 1524 4104 ad
1560 4054 1628 4103 De
1668 4053 1794 4115 Fuga
1834 4054 1879 4102 in
1919 4050 2110 4101 Persec.
2149 4066 2254 4115 cap.
2295 4049 2373 4099 12.

1532 4139 1582 4187 h.
1619 4151 1677 4186 ex
1713 4145 1882 4186 natura
1917 4135 2007 4198 ipsi
2047 4136 2190 4187 etiam
2219 4134 2469 4185 domestici
2507 4148 2601 4184 no-

1464 4201 1594 4269 stri.]
1630 4196 2112 4281 „'.4utt3etdvyc'ce
2132 4194 2334 4251 ἐπίπαν
2363 4199 2442 4264 τῷ
2466 4213 2598 4266 κρα-

1462 4271 1653 4321 τοῦντι
1687 4267 1749 4319 τὸ
1799 4275 2247 4337 κρατουμενον,“
2295 4269 2451 4332 inquit
2499 4269 2598 4319 He-

1464 4340 1684 4391 liodorus
1721 4341 1768 4390 in
1818 4340 1987 4389 eodem
2037 4345 2317 4401 argumento
2351 4336 2601 4399 Aethiopi·

1466 4422 1550 4459 cae
1578 4409 1821 4458 Historiae
1849 4407 1973 4456 libro
2011 4406 2107 4455 vn.
2133 4402 2369 4466 (Hei-ald.)
2403 4403 2600 4454 Rescri-

1463 4484 1600 4541 ptum
1618 4475 1843 4526 Antonini
1864 4475 1992 4538 apud
2008 4472 2357 4536 Theophilum:
2385 4461 2602 4533 »φύσει

1467 4536 1524 4591 οἱ
1538 4538 1726 4591 δοῦλοι
1757 4540 1858 4590 τοῦ
1895 4534 2162 4590 δεσπότου
2186 4534 2506 4604 πολέμιοι.“
2538 4536 2604 4610 Et

1466 4611 1772 4676 proverbium
1808 4611 1935 4674 apud
1972 4610 2235 4659 Senecam:
2273 4606 2438 4665 „Quot
2472 4615 2600 4655 servi

1467 4679 1666 4730 totidem
1702 4676 1920 4730 hoste3.“
1993 4677 2077 4738 (La
2099 4672 2292 4732 Cei-da.)
