<?xml version="1.0" encoding="UTF-8"?>
<!DOCTYPE html PUBLIC "-//W3C//DTD XHTML 1.0 Transitional//EN"
    "http://www.w3.org/TR/xhtml1/DTD/xhtml1-transitional.dtd">
<html xmlns="http://www.w3.org/1999/xhtml" xml:lang="en" lang="en">
 <head>
  <title>
</title>
<meta http-equiv="Content-Type" content="text/html;charset=utf-8" />
  <meta name='ocr-system' content='tesseract 3.04.00' />
  <meta name='ocr-capabilities' content='ocr_page ocr_carea ocr_par ocr_line ocrx_word'/>
</head>
<body>
  <div class='ocr_page' id='page_1' title='image "./quintiseptimiif04tertgoog_0266.png"; bbox 0 0 3263 5311; ppageno 0'>
   <div class='ocr_carea' id='block_1_1' title="bbox 657 445 2476 510">
    <p class='ocr_par' dir='ltr' id='par_1_1' title="bbox 657 445 2476 510">
     <span class='ocr_line' id='line_1_1' title="bbox 657 445 2476 510; baseline -0.004 -2"><span class='ocrx_word' id='word_1_1' title='bbox 657 445 783 508; x_wconf 74' lang='lat'><strong>234</strong></span> <span class='ocrx_word' id='word_1_2' title='bbox 1136 461 1357 510; x_wconf 74' lang='lat' dir='ltr'><strong>&#39;QUINTI</strong></span> <span class='ocrx_word' id='word_1_3' title='bbox 1404 460 1664 502; x_wconf 66' lang='lat' dir='ltr'><strong>serrum</strong></span> <span class='ocrx_word' id='word_1_4' title='bbox 1708 460 2038 502; x_wconf 74' lang='lat' dir='ltr'><strong>FLonEN&#39;ms</strong></span> <span class='ocrx_word' id='word_1_5' title='bbox 2086 458 2476 501; x_wconf 64' lang='lat' dir='ltr'>TERTULLLAM</span> 
     </span>
    </p>
   </div>
   <div class='ocr_carea' id='block_1_2' title="bbox 648 606 3008 1195">
    <p class='ocr_par' dir='ltr' id='par_1_2' title="bbox 648 606 3008 1195">
     <span class='ocr_line' id='line_1_2' title="bbox 652 606 3005 690; baseline 0 -18"><span class='ocrx_word' id='word_1_6' title='bbox 652 609 938 673; x_wconf 73' lang='lat' dir='ltr'><strong>hostiam⁵</strong></span> <span class='ocrx_word' id='word_1_7' title='bbox 981 627 1154 690; x_wconf 81' lang='lat' dir='ltr'><strong>quam</strong></span> <span class='ocrx_word' id='word_1_8' title='bbox 1199 610 1330 689; x_wconf 88' lang='lat' dir='ltr'><strong>ipse</strong></span> <span class='ocrx_word' id='word_1_9' title='bbox 1373 608 1701 683; x_wconf 81' lang='lat' dir='ltr'><strong>mandavit,</strong></span> <span class='ocrx_word' id='word_1_10' title='bbox 1747 608 2078 670; x_wconf 81' lang='lat' dir='ltr'><strong>orationem</strong></span> <span class='ocrx_word' id='word_1_11' title='bbox 2108 609 2181 671; x_wconf 88' lang='lat' dir='ltr'><strong>de</strong></span> <span class='ocrx_word' id='word_1_12' title='bbox 2212 626 2387 670; x_wconf 85' lang='lat' dir='ltr'><strong>carne</strong></span> <span class='ocrx_word' id='word_1_13' title='bbox 2416 606 2657 688; x_wconf 85' lang='lat' dir='ltr'><strong>pudica,</strong></span> <span class='ocrx_word' id='word_1_14' title='bbox 2703 607 2779 670; x_wconf 84' lang='lat' dir='ltr'><strong>de</strong></span> <span class='ocrx_word' id='word_1_15' title='bbox 2808 609 3005 672; x_wconf 80' lang='lat' dir='ltr'><strong>anima</strong></span> 
     </span>
     <span class='ocr_line' id='line_1_3' title="bbox 648 708 3004 798; baseline 0 -27"><span class='ocrx_word' id='word_1_16' title='bbox 648 710 982 783; x_wconf 81' lang='lat' dir='ltr'><strong>innocenti,</strong></span> <span class='ocrx_word' id='word_1_17' title='bbox 1047 709 1121 771; x_wconf 89' lang='lat' dir='ltr'><strong>de</strong></span> <span class='ocrx_word' id='word_1_18' title='bbox 1181 710 1395 790; x_wconf 79' lang='lat' dir='ltr'><strong>spiritu</strong></span> <span class='ocrx_word' id='word_1_19' title='bbox 1450 717 1658 771; x_wconf 82' lang='lat' dir='ltr'><strong>sancto</strong></span> <span class='ocrx_word' id='word_1_20' title='bbox 1715 711 2076 789; x_wconf 78' lang='lat' dir='ltr'><strong>profectam,</strong></span> <span class='ocrx_word' id='word_1_21' title='bbox 2154 728 2280 773; x_wconf 89' lang='lat' dir='ltr'><strong>non</strong></span> <span class='ocrx_word' id='word_1_22' title='bbox 2334 726 2513 798; x_wconf 77' lang='lat' dir='ltr'><strong>grana</strong></span> <span class='ocrx_word' id='word_1_23' title='bbox 2573 708 2768 772; x_wconf 78' lang='lat' dir='ltr'><strong>thuris</strong></span> <span class='ocrx_word' id='word_1_24' title='bbox 2797 710 3004 775; x_wconf 73' lang='lat' dir='ltr'><strong>-unius</strong></span> 
     </span>
     <span class='ocr_line' id='line_1_4' title="bbox 649 809 3008 890; baseline -0 -16"><span class='ocrx_word' id='word_1_25' title='bbox 649 813 841 884; x_wconf 73' lang='lat' dir='ltr'><strong>assiS,</strong></span> <span class='ocrx_word' id='word_1_26' title='bbox 899 811 1232 872; x_wconf 69' lang='lat' dir='ltr'><strong>”Arabicae</strong></span> <span class='ocrx_word' id='word_1_27' title='bbox 1291 809 1523 873; x_wconf 81' lang='lat' dir='ltr'><strong>arboris</strong></span> <span class='ocrx_word' id='word_1_28' title='bbox 1580 810 1912 883; x_wconf 77' lang='lat' dir='ltr'><strong>lacrimas¹¹‚</strong></span> <span class='ocrx_word' id='word_1_29' title='bbox 1978 830 2091 872; x_wconf 86' lang='lat' dir='ltr'><strong>nec</strong></span> <span class='ocrx_word' id='word_1_30' title='bbox 2144 810 2293 873; x_wconf 85' lang='lat' dir='ltr'><strong>duas</strong></span> <span class='ocrx_word' id='word_1_31' title='bbox 2347 810 2497 872; x_wconf 89' lang='lat' dir='ltr'><strong>meri</strong></span> <span class='ocrx_word' id='word_1_32' title='bbox 2561 818 2759 890; x_wconf 82' lang='lat' dir='ltr'><strong>guttas</strong></span> <span class='ocrx_word' id='word_1_33' title='bbox 2774 811 2810 885; x_wconf 89' lang='lat'><strong>¹,</strong></span> <span class='ocrx_word' id='word_1_34' title='bbox 2891 830 3008 873; x_wconf 84' lang='lat' dir='ltr'><strong>nec</strong></span> 
     </span>
     <span class='ocr_line' id='line_1_5' title="bbox 654 910 2999 993; baseline 0 -19"><span class='ocrx_word' id='word_1_35' title='bbox 654 912 1003 992; x_wconf 80' lang='lat' dir='ltr'><strong>sauguinem</strong></span> <span class='ocrx_word' id='word_1_36' title='bbox 1044 911 1285 992; x_wconf 80' lang='lat' dir='ltr'>reprobi</span> <span class='ocrx_word' id='word_1_37' title='bbox 1327 910 1552 974; x_wconf 73' lang='lat' dir='ltr'><strong>2&#39;&#39;bovis</strong></span> <span class='ocrx_word' id='word_1_38' title='bbox 1594 910 1750 974; x_wconf 86' lang='lat' dir='ltr'><strong>mori</strong></span> <span class='ocrx_word' id='word_1_39' title='bbox 1796 910 2055 993; x_wconf 86' lang='lat' dir='ltr'><strong>optantis</strong></span> <span class='ocrx_word' id='word_1_40' title='bbox 2070 924 2130 985; x_wconf 73' lang='lat'><strong>¹²¹,</strong></span> <span class='ocrx_word' id='word_1_41' title='bbox 2189 920 2249 973; x_wconf 89' lang='lat' dir='ltr'><strong>et</strong></span> <span class='ocrx_word' id='word_1_42' title='bbox 2288 920 2433 992; x_wconf 88' lang='lat' dir='ltr'><strong>post</strong></span> <span class='ocrx_word' id='word_1_43' title='bbox 2476 912 2675 974; x_wconf 81' lang='lat' dir='ltr'><strong>omnia</strong></span> <span class='ocrx_word' id='word_1_44' title='bbox 2718 912 2999 991; x_wconf 83' lang='lat' dir='ltr'><strong>inquina-</strong></span> 
     </span>
     <span class='ocr_line' id='line_1_6' title="bbox 654 1011 3006 1095; baseline 0.002 -19"><span class='ocrx_word' id='word_1_45' title='bbox 654 1022 852 1076; x_wconf 80' lang='lat' dir='ltr'><strong>menta</strong></span> <span class='ocrx_word' id='word_1_46' title='bbox 896 1012 1069 1075; x_wconf 83' lang='lat' dir='ltr'><strong>etiam</strong></span> <span class='ocrx_word' id='word_1_47' title='bbox 1115 1011 1540 1075; x_wconf 82' lang='lat' dir='ltr'><strong>conscientiam</strong></span> <span class='ocrx_word' id='word_1_48' title='bbox 1583 1031 1890 1092; x_wconf 82' lang='lat' dir='ltr'><strong>spurcam:</strong></span> <span class='ocrx_word' id='word_1_49' title='bbox 1955 1021 2024 1075; x_wconf 89' lang='lat' dir='ltr'><strong>ut</strong></span> <span class='ocrx_word' id='word_1_50' title='bbox 2075 1012 2287 1083; x_wconf 86' lang='lat' dir='ltr'><strong>mirer,</strong></span> <span class='ocrx_word' id='word_1_51' title='bbox 2344 1013 2534 1076; x_wconf 73' lang='lat' dir='ltr'><strong>”cum</strong></span> <span class='ocrx_word' id='word_1_52' title='bbox 2578 1014 2812 1077; x_wconf 80' lang='lat' dir='ltr'><strong>hostiae</strong></span> <span class='ocrx_word' id='word_1_53' title='bbox 2854 1032 3006 1095; x_wconf 80' lang='lat' dir='ltr'><strong>pro-</strong></span> 
     </span>
     <span class='ocr_line' id='line_1_7' title="bbox 648 1113 3001 1195; baseline 0.001 -18"><span class='ocrx_word' id='word_1_54' title='bbox 648 1114 866 1177; x_wconf 81' lang='lat' dir='ltr'><strong>bantur</strong></span> <span class='ocrx_word' id='word_1_55' title='bbox 908 1133 1097 1194; x_wconf 83' lang='lat' dir='ltr'><strong>penes</strong></span> <span class='ocrx_word' id='word_1_56' title='bbox 1140 1127 1294 1176; x_wconf 84' lang='lat' dir='ltr'><strong>vos·</strong></span> <span class='ocrx_word' id='word_1_57' title='bbox 1341 1133 1373 1176; x_wconf 84' lang='lat' dir='ltr'><strong>a</strong></span> <span class='ocrx_word' id='word_1_58' title='bbox 1410 1114 1828 1177; x_wconf 62' lang='lat' dir='ltr'><strong>:vitiosissimis</strong></span> <span class='ocrx_word' id='word_1_59' title='bbox 1874 1113 2321 1188; x_wconf 84' lang='lat' dir='ltr'><strong>sacerdotibus,</strong></span> <span class='ocrx_word' id='word_1_60' title='bbox 2381 1114 2570 1178; x_wconf 73' lang='lat' dir='ltr'><strong>”cum</strong></span> <span class='ocrx_word' id='word_1_61' title='bbox 2605 1115 2791 1177; x_wconf 84' lang='lat' dir='ltr'><strong>cuivis</strong></span> <span class='ocrx_word' id='word_1_62' title='bbox 2819 1133 3001 1195; x_wconf 86' lang='lat' dir='ltr'><strong>prae·-</strong></span> 
     </span>
    </p>
   </div>
   <div class='ocr_carea' id='block_1_3' title="bbox 652 1266 1810 1332">
    <p class='ocr_par' dir='ltr' id='par_1_3' title="bbox 652 1266 1810 1332">
     <span class='ocr_line' id='line_1_8' title="bbox 652 1266 1810 1332; baseline 0 -14"><span class='ocrx_word' id='word_1_63' title='bbox 652 1268 734 1319; x_wconf 80' lang='lat'><strong>26.</strong></span> <span class='ocrx_word' id='word_1_64' title='bbox 773 1284 869 1317; x_wconf 88' lang='lat' dir='ltr'><strong>non</strong></span> <span class='ocrx_word' id='word_1_65' title='bbox 906 1268 1135 1317; x_wconf 74' lang='lat' dir='ltr'><strong>Arabicae</strong></span> <span class='ocrx_word' id='word_1_66' title='bbox 1171 1273 1255 1332; x_wconf 77' lang='lat' dir='ltr'><strong>ees.</strong></span> <span class='ocrx_word' id='word_1_67' title='bbox 1347 1283 1443 1317; x_wconf 90' lang='lat' dir='ltr'><strong>non</strong></span> <span class='ocrx_word' id='word_1_68' title='bbox 1492 1283 1517 1316; x_wconf 89' lang='lat' dir='ltr'><strong>a</strong></span> <span class='ocrx_word' id='word_1_69' title='bbox 1568 1266 1731 1317; x_wconf 79' lang='lat' dir='ltr'><strong>radice</strong></span> <span class='ocrx_word' id='word_1_70' title='bbox 1768 1284 1810 1318; x_wconf 83' lang='lat' dir='ltr'><strong>a.</strong></span> 
     </span>
    </p>
   </div>
   <div class='ocr_carea' id='block_1_4' title="bbox 654 1336 3006 1468">
    <p class='ocr_par' dir='ltr' id='par_1_4' title="bbox 654 1336 3006 1468">
     <span class='ocr_line' id='line_1_9' title="bbox 654 1336 2053 1400; baseline -0.001 -14"><span class='ocrx_word' id='word_1_71' title='bbox 654 1337 841 1387; x_wconf 75' lang='lat' dir='ltr'><strong>hostiae</strong></span> <span class='ocrx_word' id='word_1_72' title='bbox 877 1336 1150 1400; x_wconf 85' lang='lat' dir='ltr'><strong>probantur·</strong></span> <span class='ocrx_word' id='word_1_73' title='bbox 1176 1336 1416 1399; x_wconf 75' lang='lat' dir='ltr'><strong>ABEGdes.</strong></span> <span class='ocrx_word' id='word_1_74' title='bbox 1461 1337 1653 1387; x_wconf 77' lang='lat' dir='ltr'><strong>Vindob.</strong></span> <span class='ocrx_word' id='word_1_75' title='bbox 1688 1336 1863 1400; x_wconf 67' lang='lat' dir='ltr'><strong>Errare.</strong></span> <span class='ocrx_word' id='word_1_76' title='bbox 1904 1336 2053 1386; x_wconf 76' lang='lat' dir='ltr'><strong>Oxou.</strong></span> 
     </span>
     <span class='ocr_line' id='line_1_10' title="bbox 1678 1401 3006 1468; baseline 0.001 -16"><span class='ocrx_word' id='word_1_77' title='bbox 1678 1401 1760 1452; x_wconf 79' lang='lat'><strong>29.</strong></span> <span class='ocrx_word' id='word_1_78' title='bbox 1797 1417 1906 1452; x_wconf 89' lang='lat' dir='ltr'><strong>cum</strong></span> <span class='ocrx_word' id='word_1_79' title='bbox 1955 1403 2101 1453; x_wconf 81' lang='lat' dir='ltr'><strong>cuivis</strong></span> <span class='ocrx_word' id='word_1_80' title='bbox 2151 1401 2433 1467; x_wconf 82' lang='lat' dir='ltr'><strong>praecordia</strong></span> <span class='ocrx_word' id='word_1_81' title='bbox 2482 1420 2581 1466; x_wconf 74' lang='lat'><strong>09⁰·</strong></span> <span class='ocrx_word' id='word_1_82' title='bbox 2670 1418 2777 1453; x_wconf 88' lang='lat' dir='ltr'><strong>cum</strong></span> <span class='ocrx_word' id='word_1_83' title='bbox 2828 1405 3006 1468; x_wconf 81' lang='lat' dir='ltr'><strong>quibus</strong></span> 
     </span>
    </p>
   </div>
   <div class='ocr_carea' id='block_1_5' title="bbox 649 1470 2364 1537">
    <p class='ocr_par' dir='ltr' id='par_1_5' title="bbox 649 1470 2364 1537">
     <span class='ocr_line' id='line_1_11' title="bbox 649 1470 2364 1537; baseline -0.001 -16"><span class='ocrx_word' id='word_1_84' title='bbox 649 1472 938 1537; x_wconf 77' lang='lat' dir='ltr'><strong>praecordia</strong></span> <span class='ocrx_word' id='word_1_85' title='bbox 970 1471 1212 1523; x_wconf 68' lang='lat' dir='ltr'><strong>AGDEf’G.</strong></span> <span class='ocrx_word' id='word_1_86' title='bbox 1251 1471 1471 1534; x_wconf 70' lang='lat' dir='ltr'><strong>Bonyars.</strong></span> <span class='ocrx_word' id='word_1_87' title='bbox 1513 1472 1661 1521; x_wconf 71' lang='lat' dir='ltr'><strong>oxon.</strong></span> <span class='ocrx_word' id='word_1_88' title='bbox 1705 1471 1895 1520; x_wconf 80' lang='lat' dir='ltr'><strong>Vindob.</strong></span> <span class='ocrx_word' id='word_1_89' title='bbox 1944 1470 2153 1521; x_wconf 75' lang='lat' dir='ltr'><strong>Ambros-</strong></span> <span class='ocrx_word' id='word_1_90' title='bbox 2186 1471 2364 1532; x_wconf 72' lang='lat' dir='ltr'><strong>Erfurt.</strong></span> 
     </span>
    </p>
   </div>
   <div class='ocr_carea' id='block_1_6' title="bbox 653 1403 1538 1469">
    <p class='ocr_par' dir='ltr' id='par_1_6' title="bbox 653 1403 1538 1469">
     <span class='ocr_line' id='line_1_12' title="bbox 653 1403 1538 1469; baseline -0.001 -15"><span class='ocrx_word' id='word_1_91' title='bbox 653 1404 897 1469; x_wconf 86' lang='lat' dir='ltr'><strong>quomodo</strong></span> <span class='ocrx_word' id='word_1_92' title='bbox 948 1404 1135 1453; x_wconf 75' lang='lat' dir='ltr'><strong>hostiae</strong></span> <span class='ocrx_word' id='word_1_93' title='bbox 1184 1404 1452 1467; x_wconf 85' lang='lat' dir='ltr'><strong>probantur</strong></span> <span class='ocrx_word' id='word_1_94' title='bbox 1485 1403 1538 1453; x_wconf 78' lang='lat' dir='ltr'><strong>F.</strong></span> 
     </span>
    </p>
   </div>
   <div class='ocr_carea' id='block_1_7' title="bbox 652 1539 1058 1603">
    <p class='ocr_par' dir='ltr' id='par_1_7' title="bbox 652 1539 1058 1603">
     <span class='ocr_line' id='line_1_13' title="bbox 652 1539 1058 1603; baseline -0.002 -13"><span class='ocrx_word' id='word_1_95' title='bbox 652 1542 829 1603; x_wconf 72' lang='lat' dir='ltr'><strong>obedes.</strong></span> <span class='ocrx_word' id='word_1_96' title='bbox 868 1539 1058 1589; x_wconf 73' lang='lat' dir='ltr'><strong>flavere.</strong></span> 
     </span>
    </p>
   </div>
   <div class='ocr_carea' id='block_1_8' title="bbox 587 1634 1783 4730">
    <p class='ocr_par' dir='ltr' id='par_1_8' title="bbox 587 1634 1783 4730">
     <span class='ocr_line' id='line_1_14' title="bbox 723 1634 1783 1704; baseline 0 -14"><span class='ocrx_word' id='word_1_97' title='bbox 723 1642 753 1690; x_wconf 93' lang='lat' dir='ltr'><strong>i.</strong></span> <span class='ocrx_word' id='word_1_98' title='bbox 795 1641 1026 1690; x_wconf 88' lang='lat' dir='ltr'><strong>maiorem</strong></span> <span class='ocrx_word' id='word_1_99' title='bbox 1064 1634 1297 1704; x_wconf 83' lang='lat' dir='ltr'><strong>hostiam]</strong></span> <span class='ocrx_word' id='word_1_100' title='bbox 1332 1639 1534 1690; x_wconf 78' lang='lat' dir='ltr'><strong>Tei-tull.</strong></span> <span class='ocrx_word' id='word_1_101' title='bbox 1571 1639 1628 1690; x_wconf 85' lang='lat' dir='ltr'><strong>ad</strong></span> <span class='ocrx_word' id='word_1_102' title='bbox 1664 1642 1783 1691; x_wconf 84' lang='lat' dir='ltr'><strong>Sca·</strong></span> 
     </span>
     <span class='ocr_line' id='line_1_15' title="bbox 653 1706 1779 1774; baseline 0 -16"><span class='ocrx_word' id='word_1_103' title='bbox 653 1708 754 1774; x_wconf 88' lang='lat' dir='ltr'><strong>pul.</strong></span> <span class='ocrx_word' id='word_1_104' title='bbox 793 1723 897 1771; x_wconf 88' lang='lat' dir='ltr'><strong>cap.</strong></span> <span class='ocrx_word' id='word_1_105' title='bbox 921 1706 952 1755; x_wconf 87' lang='lat'><strong>2</strong></span> <span class='ocrx_word' id='word_1_106' title='bbox 988 1708 1190 1770; x_wconf 82' lang='lat' dir='ltr'><strong>„Itaque</strong></span> <span class='ocrx_word' id='word_1_107' title='bbox 1242 1715 1290 1756; x_wconf 93' lang='lat' dir='ltr'><strong>et</strong></span> <span class='ocrx_word' id='word_1_108' title='bbox 1324 1708 1654 1758; x_wconf 75' lang='lat' dir='ltr'><strong>sacrificamus</strong></span> <span class='ocrx_word' id='word_1_109' title='bbox 1690 1724 1779 1773; x_wconf 90' lang='lat' dir='ltr'><strong>pro</strong></span> 
     </span>
     <span class='ocr_line' id='line_1_16' title="bbox 653 1774 1781 1838; baseline 0 -12"><span class='ocrx_word' id='word_1_110' title='bbox 653 1777 810 1826; x_wconf 87' lang='lat' dir='ltr'><strong>salute</strong></span> <span class='ocrx_word' id='word_1_111' title='bbox 865 1775 1189 1838; x_wconf 81' lang='lat' dir='ltr'><strong>imperatoris,</strong></span> <span class='ocrx_word' id='word_1_112' title='bbox 1239 1774 1324 1824; x_wconf 84' lang='lat' dir='ltr'><strong>sed</strong></span> <span class='ocrx_word' id='word_1_113' title='bbox 1376 1775 1468 1824; x_wconf 88' lang='lat' dir='ltr'><strong>deo</strong></span> <span class='ocrx_word' id='word_1_114' title='bbox 1517 1784 1684 1825; x_wconf 88' lang='lat' dir='ltr'><strong>nostro</strong></span> <span class='ocrx_word' id='word_1_115' title='bbox 1733 1784 1781 1826; x_wconf 89' lang='lat' dir='ltr'><strong>et</strong></span> 
     </span>
     <span class='ocr_line' id='line_1_17' title="bbox 653 1842 1777 1907; baseline -0.001 -14"><span class='ocrx_word' id='word_1_116' title='bbox 653 1843 839 1907; x_wconf 88' lang='lat' dir='ltr'><strong>ipsius,</strong></span> <span class='ocrx_word' id='word_1_117' title='bbox 893 1842 979 1891; x_wconf 83' lang='lat' dir='ltr'><strong>sed</strong></span> <span class='ocrx_word' id='word_1_118' title='bbox 1033 1843 1278 1905; x_wconf 86' lang='lat' dir='ltr'><strong>quomodo</strong></span> <span class='ocrx_word' id='word_1_119' title='bbox 1336 1844 1584 1907; x_wconf 83' lang='lat' dir='ltr'><strong>praecepit</strong></span> <span class='ocrx_word' id='word_1_120' title='bbox 1639 1844 1777 1905; x_wconf 88' lang='lat' dir='ltr'><strong>deus,</strong></span> 
     </span>
     <span class='ocr_line' id='line_1_18' title="bbox 650 1909 1777 1976; baseline 0.002 -18"><span class='ocrx_word' id='word_1_121' title='bbox 650 1925 773 1975; x_wconf 88' lang='lat' dir='ltr'><strong>pura</strong></span> <span class='ocrx_word' id='word_1_122' title='bbox 827 1909 1040 1959; x_wconf 76' lang='lat' dir='ltr'><strong>mente-‘⁸</strong></span> <span class='ocrx_word' id='word_1_123' title='bbox 1112 1909 1165 1959; x_wconf 86' lang='lat' dir='ltr'><strong>ld</strong></span> <span class='ocrx_word' id='word_1_124' title='bbox 1202 1923 1377 1973; x_wconf 80' lang='lat' dir='ltr'><strong>nempe</strong></span> <span class='ocrx_word' id='word_1_125' title='bbox 1414 1919 1486 1960; x_wconf 87' lang='lat' dir='ltr'><strong>est</strong></span> <span class='ocrx_word' id='word_1_126' title='bbox 1521 1911 1651 1976; x_wconf 85' lang='lat' dir='ltr'><strong>quod</strong></span> <span class='ocrx_word' id='word_1_127' title='bbox 1689 1925 1777 1960; x_wconf 88' lang='lat' dir='ltr'><strong>au·</strong></span> 
     </span>
     <span class='ocr_line' id='line_1_19' title="bbox 654 1977 1779 2043; baseline -0.002 -13"><span class='ocrx_word' id='word_1_128' title='bbox 654 1987 760 2031; x_wconf 88' lang='lat' dir='ltr'><strong>ctor</strong></span> <span class='ocrx_word' id='word_1_129' title='bbox 776 1977 1101 2041; x_wconf 83' lang='lat' dir='ltr'><strong>Expositiouis</strong></span> <span class='ocrx_word' id='word_1_130' title='bbox 1121 1977 1271 2038; x_wconf 80' lang='lat' dir='ltr'><strong>Fidei,</strong></span> <span class='ocrx_word' id='word_1_131' title='bbox 1310 1993 1433 2041; x_wconf 87' lang='lat' dir='ltr'><strong>quae</strong></span> <span class='ocrx_word' id='word_1_132' title='bbox 1470 1978 1595 2028; x_wconf 87' lang='lat' dir='ltr'><strong>inter</strong></span> <span class='ocrx_word' id='word_1_133' title='bbox 1630 1993 1779 2043; x_wconf 86' lang='lat' dir='ltr'><strong>opera</strong></span> 
     </span>
     <span class='ocr_line' id='line_1_20' title="bbox 653 2045 1779 2109; baseline 0 -14"><span class='ocrx_word' id='word_1_134' title='bbox 653 2045 823 2096; x_wconf 86' lang='lat' dir='ltr'><strong>Iustini</strong></span> <span class='ocrx_word' id='word_1_135' title='bbox 861 2045 1092 2108; x_wconf 77' lang='lat' dir='ltr'><strong>Martyris,</strong></span> <span class='ocrx_word' id='word_1_136' title='bbox 1140 2045 1230 2094; x_wconf 87' lang='lat' dir='ltr'><strong>sub</strong></span> <span class='ocrx_word' id='word_1_137' title='bbox 1279 2046 1422 2095; x_wconf 76' lang='lat' dir='ltr'><strong>[inem</strong></span> <span class='ocrx_word' id='word_1_138' title='bbox 1461 2046 1590 2095; x_wconf 88' lang='lat' dir='ltr'><strong>illius</strong></span> <span class='ocrx_word' id='word_1_139' title='bbox 1626 2061 1779 2109; x_wconf 86' lang='lat' dir='ltr'><strong>opus-</strong></span> 
     </span>
     <span class='ocr_line' id='line_1_21' title="bbox 654 2104 1781 2177; baseline -0.004 -13"><span class='ocrx_word' id='word_1_140' title='bbox 654 2114 749 2164; x_wconf 88' lang='lat' dir='ltr'><strong>culi</strong></span> <span class='ocrx_word' id='word_1_141' title='bbox 787 2113 901 2163; x_wconf 89' lang='lat' dir='ltr'><strong>dicit</strong></span> <span class='ocrx_word' id='word_1_142' title='bbox 950 2104 1109 2161; x_wconf 76' lang='grc' dir='ltr'><strong><em>θύειν</em></strong></span> <span class='ocrx_word' id='word_1_143' title='bbox 1142 2111 1256 2177; x_wconf 77' lang='grc' dir='ltr'><strong><em>θεῷ</em></strong></span> <span class='ocrx_word' id='word_1_144' title='bbox 1291 2107 1491 2165; x_wconf 81' lang='grc' dir='ltr'><strong><em>θυσίας</em></strong></span> <span class='ocrx_word' id='word_1_145' title='bbox 1525 2106 1781 2166; x_wconf 76' lang='grc' dir='ltr'><strong>αἰνέσεως</strong></span> 
     </span>
     <span class='ocr_line' id='line_1_22' title="bbox 651 2172 1778 2248; baseline 0.001 -17"><span class='ocrx_word' id='word_1_146' title='bbox 651 2174 745 2231; x_wconf 75' lang='grc' dir='ltr'><strong>καὶ</strong></span> <span class='ocrx_word' id='word_1_147' title='bbox 775 2174 1026 2229; x_wconf 76' lang='grc' dir='ltr'><strong>σπένδειν</strong></span> <span class='ocrx_word' id='word_1_148' title='bbox 1047 2172 1254 2239; x_wconf 73' lang='grc' dir='ltr'><strong><em>δεήσεις</em></strong></span> <span class='ocrx_word' id='word_1_149' title='bbox 1271 2172 1636 2248; x_wconf 75' lang='grc' dir='ltr'><strong><em>εἷλικρινεῖς.“</em></strong></span> <span class='ocrx_word' id='word_1_150' title='bbox 1668 2181 1778 2232; x_wconf 83' lang='lat' dir='ltr'><strong>Ele·</strong></span> 
     </span>
     <span class='ocr_line' id='line_1_23' title="bbox 655 2247 1779 2312; baseline -0.001 -13"><span class='ocrx_word' id='word_1_151' title='bbox 655 2256 824 2312; x_wconf 81' lang='lat' dir='ltr'><strong>gauter</strong></span> <span class='ocrx_word' id='word_1_152' title='bbox 859 2248 1069 2297; x_wconf 81' lang='lat' dir='ltr'><strong>lustinus</strong></span> <span class='ocrx_word' id='word_1_153' title='bbox 1108 2249 1280 2311; x_wconf 75' lang='lat' dir='ltr'><strong>Martyr</strong></span> <span class='ocrx_word' id='word_1_154' title='bbox 1298 2247 1499 2309; x_wconf 75' lang='lat' dir='ltr'><strong>Dialogo</strong></span> <span class='ocrx_word' id='word_1_155' title='bbox 1525 2264 1633 2298; x_wconf 90' lang='lat' dir='ltr'><strong>cum</strong></span> <span class='ocrx_word' id='word_1_156' title='bbox 1661 2250 1779 2312; x_wconf 79' lang='lat' dir='ltr'><strong>Try-</strong></span> 
     </span>
     <span class='ocr_line' id='line_1_24' title="bbox 657 2302 1781 2381; baseline -0.002 -16"><span class='ocrx_word' id='word_1_157' title='bbox 657 2317 820 2381; x_wconf 81' lang='lat' dir='ltr'><strong>phone</strong></span> <span class='ocrx_word' id='word_1_158' title='bbox 871 2306 1002 2370; x_wconf 62' lang='lat'><strong>„31³</strong></span> <span class='ocrx_word' id='word_1_159' title='bbox 1099 2309 1159 2363; x_wconf 85' lang='grc' dir='ltr'><strong>ὲν</strong></span> <span class='ocrx_word' id='word_1_160' title='bbox 1206 2302 1305 2362; x_wconf 74' lang='grc' dir='ltr'><strong>οὖν</strong></span> <span class='ocrx_word' id='word_1_161' title='bbox 1349 2309 1442 2363; x_wconf 80' lang='grc' dir='ltr'><strong>καὶ</strong></span> <span class='ocrx_word' id='word_1_162' title='bbox 1491 2307 1645 2381; x_wconf 70' lang='grc' dir='ltr'><strong><em>εὐχαὶ</em></strong></span> <span class='ocrx_word' id='word_1_163' title='bbox 1690 2310 1781 2363; x_wconf 80' lang='grc' dir='ltr'><strong>καὶ</strong></span> 
     </span>
     <span class='ocr_line' id='line_1_25' title="bbox 658 2374 1781 2450; baseline 0 -17"><span class='ocrx_word' id='word_1_164' title='bbox 658 2374 1003 2450; x_wconf 65' lang='grc' dir='ltr'><strong><em>εἰχαριστίαι</em></strong></span> <span class='ocrx_word' id='word_1_165' title='bbox 1036 2376 1141 2430; x_wconf 81' lang='grc' dir='ltr'><strong>υπὸ</strong></span> <span class='ocrx_word' id='word_1_166' title='bbox 1189 2381 1302 2430; x_wconf 81' lang='grc' dir='ltr'><strong>τῶν</strong></span> <span class='ocrx_word' id='word_1_167' title='bbox 1349 2374 1518 2438; x_wconf 76' lang='grc' dir='ltr'><strong><em>ἀξίων</em></strong></span> <span class='ocrx_word' id='word_1_168' title='bbox 1561 2376 1781 2450; x_wconf 76' lang='grc' dir='ltr'><strong><em>γινόμε-</em></strong></span> 
     </span>
     <span class='ocr_line' id='line_1_26' title="bbox 587 2441 1781 2516; baseline 0.001 -17"><span class='ocrx_word' id='word_1_169' title='bbox 587 2450 594 2458; x_wconf 82' lang='grc'><em>“</em></span> <span class='ocrx_word' id='word_1_170' title='bbox 656 2464 753 2499; x_wconf 76' lang='grc' dir='ltr'><strong>ναι</strong></span> <span class='ocrx_word' id='word_1_171' title='bbox 788 2446 984 2498; x_wconf 81' lang='grc' dir='ltr'><strong><em>τέλειαι</em></strong></span> <span class='ocrx_word' id='word_1_172' title='bbox 1015 2443 1188 2516; x_wconf 82' lang='grc' dir='ltr'><strong><em>μόναι</em></strong></span> <span class='ocrx_word' id='word_1_173' title='bbox 1231 2443 1324 2497; x_wconf 81' lang='grc' dir='ltr'><strong>καὶ</strong></span> <span class='ocrx_word' id='word_1_174' title='bbox 1357 2441 1644 2516; x_wconf 81' lang='grc' dir='ltr'><strong><em>εὖοὶρεστοί</em></strong></span> <span class='ocrx_word' id='word_1_175' title='bbox 1674 2445 1781 2500; x_wconf 77' lang='grc' dir='ltr'><strong><em>εἶσι</em></strong></span> 
     </span>
     <span class='ocr_line' id='line_1_27' title="bbox 656 2508 1780 2584; baseline 0.001 -18"><span class='ocrx_word' id='word_1_176' title='bbox 656 2516 739 2583; x_wconf 75' lang='grc' dir='ltr'><strong>τῷ</strong></span> <span class='ocrx_word' id='word_1_177' title='bbox 772 2516 884 2582; x_wconf 71' lang='grc' dir='ltr'><strong><em>θεῷ</em></strong></span> <span class='ocrx_word' id='word_1_178' title='bbox 921 2512 1114 2565; x_wconf 89' lang='grc' dir='ltr'><strong><em>θυσίαι</em></strong></span> <span class='ocrx_word' id='word_1_179' title='bbox 1136 2511 1229 2565; x_wconf 77' lang='grc' dir='ltr'><strong>καὶ</strong></span> <span class='ocrx_word' id='word_1_180' title='bbox 1251 2508 1416 2571; x_wconf 79' lang='grc' dir='ltr'><strong><em>αὖτός</em></strong></span> <span class='ocrx_word' id='word_1_181' title='bbox 1434 2532 1616 2584; x_wconf 80' lang='grc' dir='ltr'><strong><em>φημι·</em></strong></span> <span class='ocrx_word' id='word_1_182' title='bbox 1652 2517 1780 2567; x_wconf 79' lang='grc' dir='ltr'><strong><em>ταῦ-</em></strong></span> 
     </span>
     <span class='ocr_line' id='line_1_28' title="bbox 655 2577 1778 2655; baseline 0.003 -22"><span class='ocrx_word' id='word_1_183' title='bbox 655 2599 727 2633; x_wconf 85' lang='grc' dir='ltr'><strong>τα</strong></span> <span class='ocrx_word' id='word_1_184' title='bbox 772 2578 881 2651; x_wconf 80' lang='grc' dir='ltr'><strong>γὰρ</strong></span> <span class='ocrx_word' id='word_1_185' title='bbox 916 2577 1065 2650; x_wconf 82' lang='grc' dir='ltr'><strong><em>μόνα</em></strong></span> <span class='ocrx_word' id='word_1_186' title='bbox 1108 2579 1202 2632; x_wconf 82' lang='grc' dir='ltr'><strong>καὶ</strong></span> <span class='ocrx_word' id='word_1_187' title='bbox 1233 2580 1565 2653; x_wconf 79' lang='grc' dir='ltr'><strong><em>Χριστιανοὶ</em></strong></span> <span class='ocrx_word' id='word_1_188' title='bbox 1614 2582 1778 2655; x_wconf 83' lang='grc' dir='ltr'><strong><em>παρέ-</em></strong></span> 
     </span>
     <span class='ocr_line' id='line_1_29' title="bbox 655 2644 1779 2720; baseline 0.001 -17"><span class='ocrx_word' id='word_1_189' title='bbox 655 2649 827 2717; x_wconf 77' lang='grc' dir='ltr'><strong><em>λαβον</em></strong></span> <span class='ocrx_word' id='word_1_190' title='bbox 860 2651 1066 2709; x_wconf 78' lang='grc' dir='ltr'><em>ποιεῖν,</em></span> <span class='ocrx_word' id='word_1_191' title='bbox 1115 2645 1207 2701; x_wconf 80' lang='grc' dir='ltr'><strong>καὶ</strong></span> <span class='ocrx_word' id='word_1_192' title='bbox 1252 2644 1341 2702; x_wconf 76' lang='grc' dir='ltr'><strong>ἐπ’</strong></span> <span class='ocrx_word' id='word_1_193' title='bbox 1383 2644 1687 2720; x_wconf 73' lang='grc' dir='ltr'>ἀναμνήσει</span> <span class='ocrx_word' id='word_1_194' title='bbox 1724 2669 1779 2705; x_wconf 87' lang='grc' dir='ltr'><strong><em>τε</em></strong></span> 
     </span>
     <span class='ocr_line' id='line_1_30' title="bbox 656 2712 1776 2799; baseline 0 -28"><span class='ocrx_word' id='word_1_195' title='bbox 656 2720 755 2782; x_wconf 81' lang='grc' dir='ltr'><strong>τῆς</strong></span> <span class='ocrx_word' id='word_1_196' title='bbox 779 2720 993 2799; x_wconf 71' lang='grc' dir='ltr'><strong><em>τροφῆς</em></strong></span> <span class='ocrx_word' id='word_1_197' title='bbox 1012 2712 1197 2769; x_wconf 74' lang='grc' dir='ltr'><strong><em>αὐτῶν</em></strong></span> <span class='ocrx_word' id='word_1_198' title='bbox 1217 2718 1383 2789; x_wconf 76' lang='grc' dir='ltr'><strong><em>ξηρᾶς</em></strong></span> <span class='ocrx_word' id='word_1_199' title='bbox 1401 2735 1458 2771; x_wconf 86' lang='grc' dir='ltr'><strong><em>τε</em></strong></span> <span class='ocrx_word' id='word_1_200' title='bbox 1475 2716 1568 2769; x_wconf 83' lang='grc' dir='ltr'><strong>καὶ</strong></span> <span class='ocrx_word' id='word_1_201' title='bbox 1585 2715 1776 2791; x_wconf 75' lang='grc' dir='ltr'><strong><em>ὑγρᾶς,</em></strong></span> 
     </span>
     <span class='ocr_line' id='line_1_31' title="bbox 655 2772 1774 2856; baseline 0.001 -19"><span class='ocrx_word' id='word_1_202' title='bbox 655 2783 718 2840; x_wconf 75' lang='grc' dir='ltr'><strong>ἐν</strong></span> <span class='ocrx_word' id='word_1_203' title='bbox 749 2772 784 2856; x_wconf 76' lang='grc' dir='ltr'><em>ᾗ</em></span> <span class='ocrx_word' id='word_1_204' title='bbox 818 2802 912 2837; x_wconf 83' lang='grc' dir='ltr'><strong>και</strong></span> <span class='ocrx_word' id='word_1_205' title='bbox 947 2787 1044 2837; x_wconf 80' lang='grc' dir='ltr'><strong>τοῦ</strong></span> <span class='ocrx_word' id='word_1_206' title='bbox 1074 2783 1307 2844; x_wconf 78' lang='grc' dir='ltr'><strong><em>πάθους,</em></strong></span> <span class='ocrx_word' id='word_1_207' title='bbox 1348 2780 1379 2837; x_wconf 75' lang='grc' dir='ltr'>ὃ</span> <span class='ocrx_word' id='word_1_208' title='bbox 1395 2784 1655 2846; x_wconf 79' lang='grc' dir='ltr'><strong><em>πέπονθε,</em></strong></span> <span class='ocrx_word' id='word_1_209' title='bbox 1696 2783 1774 2838; x_wconf 76' lang='grc' dir='ltr'><strong>δι’</strong></span> 
     </span>
     <span class='ocr_line' id='line_1_32' title="bbox 658 2848 1780 2924; baseline 0 -18"><span class='ocrx_word' id='word_1_210' title='bbox 658 2848 827 2906; x_wconf 72' lang='grc' dir='ltr'><strong><em>αὐτοῦ</em></strong></span> <span class='ocrx_word' id='word_1_211' title='bbox 863 2851 893 2903; x_wconf 78' lang='grc' dir='ltr'><strong>ὁ</strong></span> <span class='ocrx_word' id='word_1_212' title='bbox 928 2849 1046 2910; x_wconf 76' lang='grc' dir='ltr'><strong><em>υἱὸς</em></strong></span> <span class='ocrx_word' id='word_1_213' title='bbox 1079 2855 1177 2905; x_wconf 87' lang='grc' dir='ltr'><strong>τοῦ</strong></span> <span class='ocrx_word' id='word_1_214' title='bbox 1212 2854 1366 2913; x_wconf 77' lang='grc' dir='ltr'><strong><em>θεοῦ,</em></strong></span> <span class='ocrx_word' id='word_1_215' title='bbox 1401 2855 1780 2924; x_wconf 51' lang='grc' dir='ltr'><strong>μέμνηνταιό*</strong></span> 
     </span>
     <span class='ocr_line' id='line_1_33' title="bbox 657 2915 1777 2989; baseline -0.002 -12"><span class='ocrx_word' id='word_1_216' title='bbox 657 2926 739 2977; x_wconf 89' lang='lat' dir='ltr'><strong>Sic</strong></span> <span class='ocrx_word' id='word_1_217' title='bbox 774 2934 933 2975; x_wconf 85' lang='lat' dir='ltr'><strong>autem</strong></span> <span class='ocrx_word' id='word_1_218' title='bbox 968 2915 1146 2989; x_wconf 72' lang='grc' dir='ltr'><strong><em>ὕμνον</em></strong></span> <span class='ocrx_word' id='word_1_219' title='bbox 1177 2917 1336 2974; x_wconf 78' lang='grc' dir='ltr'><strong><em>θύειν</em></strong></span> <span class='ocrx_word' id='word_1_220' title='bbox 1370 2927 1483 2977; x_wconf 86' lang='lat' dir='ltr'><strong>dicit</strong></span> <span class='ocrx_word' id='word_1_221' title='bbox 1517 2929 1661 2976; x_wconf 87' lang='lat' dir='ltr'><strong>etiarn</strong></span> <span class='ocrx_word' id='word_1_222' title='bbox 1684 2928 1777 2977; x_wconf 82' lang='lat' dir='ltr'><strong>lle-</strong></span> 
     </span>
     <span class='ocr_line' id='line_1_34' title="bbox 658 2987 1781 3061; baseline -0.001 -19"><span class='ocrx_word' id='word_1_223' title='bbox 658 2992 835 3043; x_wconf 83' lang='lat' dir='ltr'><strong>liodor.</strong></span> <span class='ocrx_word' id='word_1_224' title='bbox 871 2993 1090 3057; x_wconf 73' lang='lat' dir='ltr'><strong>Aethiop.</strong></span> <span class='ocrx_word' id='word_1_225' title='bbox 1130 2993 1253 3044; x_wconf 89' lang='lat' dir='ltr'><strong>libro</strong></span> <span class='ocrx_word' id='word_1_226' title='bbox 1284 2993 1367 3043; x_wconf 85' lang='grc' dir='ltr'><strong>ΙΙΙ.</strong></span> <span class='ocrx_word' id='word_1_227' title='bbox 1421 2987 1557 3049; x_wconf 69' lang='lat' dir='ltr'><strong>„zai</strong></span> <span class='ocrx_word' id='word_1_228' title='bbox 1601 2987 1781 3061; x_wconf 71' lang='grc' dir='ltr'><strong><em>ὕμνον</em></strong></span> 
     </span>
     <span class='ocr_line' id='line_1_35' title="bbox 658 3051 1780 3128; baseline 0.001 -20"><span class='ocrx_word' id='word_1_229' title='bbox 658 3051 897 3108; x_wconf 70' lang='grc' dir='ltr'><strong><em>ἀποθύει</em></strong></span> <span class='ocrx_word' id='word_1_230' title='bbox 940 3058 1020 3125; x_wconf 71' lang='grc' dir='ltr'><strong>τῷ</strong></span> <span class='ocrx_word' id='word_1_231' title='bbox 1054 3058 1169 3125; x_wconf 74' lang='grc' dir='ltr'><strong><em>θεῷ</em></strong></span> <span class='ocrx_word' id='word_1_232' title='bbox 1204 3057 1606 3128; x_wconf 72' lang='grc' dir='ltr'><strong>τεταραγμένος</strong></span> <span class='ocrx_word' id='word_1_233' title='bbox 1639 3055 1780 3109; x_wconf 83' lang='grc' dir='ltr'><strong><em>κατὰ</em></strong></span> 
     </span>
     <span class='ocr_line' id='line_1_36' title="bbox 655 3117 1782 3189; baseline 0.004 -13"><span class='ocrx_word' id='word_1_234' title='bbox 655 3126 755 3177; x_wconf 83' lang='grc' dir='ltr'><strong>τοῦ</strong></span> <span class='ocrx_word' id='word_1_235' title='bbox 791 3117 1058 3180; x_wconf 68' lang='grc' dir='ltr'><strong>ὕπνους.α</strong></span> <span class='ocrx_word' id='word_1_236' title='bbox 1128 3129 1351 3180; x_wconf 88' lang='lat' dir='ltr'><strong>Ceterum</strong></span> <span class='ocrx_word' id='word_1_237' title='bbox 1399 3130 1669 3189; x_wconf 86' lang='lat' dir='ltr'><strong>„maiorem</strong></span> <span class='ocrx_word' id='word_1_238' title='bbox 1707 3139 1782 3180; x_wconf 87' lang='lat' dir='ltr'><strong>at·</strong></span> 
     </span>
     <span class='ocr_line' id='line_1_37' title="bbox 657 3196 1780 3261; baseline 0.002 -17"><span class='ocrx_word' id='word_1_239' title='bbox 657 3210 752 3259; x_wconf 85' lang='lat' dir='ltr'><strong>que</strong></span> <span class='ocrx_word' id='word_1_240' title='bbox 787 3200 998 3260; x_wconf 86' lang='lat' dir='ltr'><strong>opimam</strong></span> <span class='ocrx_word' id='word_1_241' title='bbox 1037 3196 1280 3246; x_wconf 84' lang='lat' dir='ltr'><strong>hostiam“</strong></span> <span class='ocrx_word' id='word_1_242' title='bbox 1318 3211 1463 3261; x_wconf 88' lang='lat' dir='ltr'><strong>quum</strong></span> <span class='ocrx_word' id='word_1_243' title='bbox 1501 3197 1567 3246; x_wconf 84' lang='lat' dir='ltr'><strong>ait</strong></span> <span class='ocrx_word' id='word_1_244' title='bbox 1587 3197 1780 3246; x_wconf 74' lang='lat' dir='ltr'><strong>Tertul-</strong></span> 
     </span>
     <span class='ocr_line' id='line_1_38' title="bbox 657 3263 1780 3327; baseline 0.001 -15"><span class='ocrx_word' id='word_1_245' title='bbox 657 3263 835 3322; x_wconf 87' lang='lat' dir='ltr'><strong>lianus,</strong></span> <span class='ocrx_word' id='word_1_246' title='bbox 872 3263 1018 3312; x_wconf 89' lang='lat' dir='ltr'><strong>utitur</strong></span> <span class='ocrx_word' id='word_1_247' title='bbox 1053 3263 1210 3312; x_wconf 83' lang='lat' dir='ltr'><strong>verbis</strong></span> <span class='ocrx_word' id='word_1_248' title='bbox 1236 3264 1464 3327; x_wconf 72' lang='lat' dir='ltr'><strong>propriiS,</strong></span> <span class='ocrx_word' id='word_1_249' title='bbox 1502 3264 1629 3327; x_wconf 87' lang='lat' dir='ltr'><strong>quod</strong></span> <span class='ocrx_word' id='word_1_250' title='bbox 1661 3266 1780 3314; x_wconf 84' lang='lat' dir='ltr'><strong>satis</strong></span> 
     </span>
     <span class='ocr_line' id='line_1_39' title="bbox 655 3328 1779 3395; baseline 0.002 -16"><span class='ocrx_word' id='word_1_251' title='bbox 655 3337 824 3379; x_wconf 88' lang='lat' dir='ltr'><strong>notum</strong></span> <span class='ocrx_word' id='word_1_252' title='bbox 873 3337 963 3378; x_wconf 86' lang='lat' dir='ltr'><strong>est.</strong></span> <span class='ocrx_word' id='word_1_253' title='bbox 1013 3328 1250 3388; x_wconf 78' lang='lat' dir='ltr'><strong>(Hei-ald.)</strong></span> <span class='ocrx_word' id='word_1_254' title='bbox 1320 3332 1393 3380; x_wconf 74' lang='lat' dir='ltr'><strong>Cf.</strong></span> <span class='ocrx_word' id='word_1_255' title='bbox 1429 3346 1578 3394; x_wconf 86' lang='lat' dir='ltr'><strong>snpra</strong></span> <span class='ocrx_word' id='word_1_256' title='bbox 1614 3347 1720 3395; x_wconf 83' lang='lat' dir='ltr'><strong>cap.</strong></span> <span class='ocrx_word' id='word_1_257' title='bbox 1747 3330 1779 3381; x_wconf 83' lang='lat'>6</span> 
     </span>
     <span class='ocr_line' id='line_1_40' title="bbox 655 3395 1781 3462; baseline 0.004 -18"><span class='ocrx_word' id='word_1_258' title='bbox 655 3396 808 3458; x_wconf 77' lang='lat' dir='ltr'><strong>„licet</strong></span> <span class='ocrx_word' id='word_1_259' title='bbox 840 3395 1030 3445; x_wconf 87' lang='lat' dir='ltr'><strong>Baccho</strong></span> <span class='ocrx_word' id='word_1_260' title='bbox 1065 3396 1161 3446; x_wconf 87' lang='lat' dir='ltr'><strong>iam</strong></span> <span class='ocrx_word' id='word_1_261' title='bbox 1198 3396 1363 3446; x_wconf 84' lang='lat' dir='ltr'><strong>Italico</strong></span> <span class='ocrx_word' id='word_1_262' title='bbox 1419 3401 1571 3462; x_wconf 75' lang='lat' dir='ltr'><strong>[urias</strong></span> <span class='ocrx_word' id='word_1_263' title='bbox 1603 3406 1781 3450; x_wconf 75' lang='lat' dir='ltr'><strong>vestras</strong></span> 
     </span>
     <span class='ocr_line' id='line_1_41' title="bbox 654 3460 1779 3517; baseline 0.005 -6"><span class='ocrx_word' id='word_1_264' title='bbox 654 3460 963 3512; x_wconf 58' lang='lat' dir='ltr'><strong>&amp;imtetisf‘</strong></span> <span class='ocrx_word' id='word_1_265' title='bbox 1030 3462 1098 3511; x_wconf 88' lang='lat' dir='ltr'><strong>De</strong></span> <span class='ocrx_word' id='word_1_266' title='bbox 1152 3477 1207 3513; x_wconf 81' lang='lat' dir='ltr'><strong>re</strong></span> <span class='ocrx_word' id='word_1_267' title='bbox 1255 3465 1376 3514; x_wconf 86' lang='lat' dir='ltr'><strong>adde</strong></span> <span class='ocrx_word' id='word_1_268' title='bbox 1425 3465 1592 3516; x_wconf 73' lang='lat' dir='ltr'><strong>Minuc-</strong></span> <span class='ocrx_word' id='word_1_269' title='bbox 1634 3465 1779 3517; x_wconf 80' lang='lat' dir='ltr'><strong>Felic.</strong></span> 
     </span>
     <span class='ocr_line' id='line_1_42' title="bbox 658 3527 1780 3593; baseline 0.004 -15"><span class='ocrx_word' id='word_1_270' title='bbox 658 3529 820 3579; x_wconf 77' lang='lat' dir='ltr'><strong>octav.</strong></span> <span class='ocrx_word' id='word_1_271' title='bbox 856 3543 960 3593; x_wconf 83' lang='lat' dir='ltr'><strong>cap.</strong></span> <span class='ocrx_word' id='word_1_272' title='bbox 980 3527 1045 3578; x_wconf 82' lang='lat'><strong>32</strong></span> <span class='ocrx_word' id='word_1_273' title='bbox 1093 3530 1322 3589; x_wconf 81' lang='lat' dir='ltr'><strong>„Hostias</strong></span> <span class='ocrx_word' id='word_1_274' title='bbox 1358 3539 1405 3582; x_wconf 89' lang='lat' dir='ltr'><strong>et</strong></span> <span class='ocrx_word' id='word_1_275' title='bbox 1438 3532 1653 3582; x_wconf 82' lang='lat' dir='ltr'><strong>victimas</strong></span> <span class='ocrx_word' id='word_1_276' title='bbox 1688 3532 1780 3583; x_wconf 87' lang='lat' dir='ltr'><strong>do-</strong></span> 
     </span>
     <span class='ocr_line' id='line_1_43' title="bbox 655 3596 1778 3664; baseline 0.004 -18"><span class='ocrx_word' id='word_1_277' title='bbox 655 3596 790 3646; x_wconf 88' lang='lat' dir='ltr'><strong>miuo</strong></span> <span class='ocrx_word' id='word_1_278' title='bbox 826 3597 1045 3655; x_wconf 69' lang='lat' dir='ltr'><strong>offeram,</strong></span> <span class='ocrx_word' id='word_1_279' title='bbox 1099 3611 1220 3660; x_wconf 83' lang='lat' dir='ltr'><strong>quas</strong></span> <span class='ocrx_word' id='word_1_280' title='bbox 1266 3599 1314 3646; x_wconf 91' lang='lat' dir='ltr'><strong>in</strong></span> <span class='ocrx_word' id='word_1_281' title='bbox 1351 3613 1491 3649; x_wconf 86' lang='lat' dir='ltr'><strong>usum</strong></span> <span class='ocrx_word' id='word_1_282' title='bbox 1530 3601 1622 3649; x_wconf 88' lang='lat' dir='ltr'><strong>mei</strong></span> <span class='ocrx_word' id='word_1_283' title='bbox 1661 3615 1778 3664; x_wconf 89' lang='lat' dir='ltr'><strong>pro-</strong></span> 
     </span>
     <span class='ocr_line' id='line_1_44' title="bbox 655 3661 1780 3724; baseline 0.004 -11"><span class='ocrx_word' id='word_1_284' title='bbox 655 3661 781 3724; x_wconf 83' lang='lat' dir='ltr'><strong>tulit,</strong></span> <span class='ocrx_word' id='word_1_285' title='bbox 834 3672 884 3714; x_wconf 90' lang='lat' dir='ltr'><strong>ut</strong></span> <span class='ocrx_word' id='word_1_286' title='bbox 920 3664 1115 3714; x_wconf 86' lang='lat' dir='ltr'><strong>reiciam</strong></span> <span class='ocrx_word' id='word_1_287' title='bbox 1153 3665 1196 3713; x_wconf 87' lang='lat' dir='ltr'><strong>ei</strong></span> <span class='ocrx_word' id='word_1_288' title='bbox 1231 3679 1371 3715; x_wconf 88' lang='lat' dir='ltr'><strong>suum</strong></span> <span class='ocrx_word' id='word_1_289' title='bbox 1409 3664 1626 3717; x_wconf 77' lang='lat' dir='ltr'><strong>munus?</strong></span> <span class='ocrx_word' id='word_1_290' title='bbox 1699 3668 1780 3718; x_wconf 84' lang='lat' dir='ltr'><strong>ln-</strong></span> 
     </span>
     <span class='ocr_line' id='line_1_45' title="bbox 655 3733 1778 3794; baseline 0.004 -13"><span class='ocrx_word' id='word_1_291' title='bbox 655 3740 843 3794; x_wconf 76' lang='lat' dir='ltr'><strong>gratun</strong></span> <span class='ocrx_word' id='word_1_292' title='bbox 900 3739 1004 3792; x_wconf 79' lang='lat' dir='ltr'><strong>est;</strong></span> <span class='ocrx_word' id='word_1_293' title='bbox 1082 3747 1191 3782; x_wconf 84' lang='lat' dir='ltr'><strong>cum</strong></span> <span class='ocrx_word' id='word_1_294' title='bbox 1244 3733 1308 3782; x_wconf 88' lang='lat' dir='ltr'><strong>sit</strong></span> <span class='ocrx_word' id='word_1_295' title='bbox 1369 3733 1566 3784; x_wconf 75' lang='lat' dir='ltr'><strong>litabilis</strong></span> <span class='ocrx_word' id='word_1_296' title='bbox 1623 3735 1778 3785; x_wconf 87' lang='lat' dir='ltr'><strong>hostia</strong></span> 
     </span>
     <span class='ocr_line' id='line_1_46' title="bbox 652 3799 1779 3864; baseline 0 -12"><span class='ocrx_word' id='word_1_297' title='bbox 652 3801 813 3852; x_wconf 86' lang='lat' dir='ltr'><strong>bonus</strong></span> <span class='ocrx_word' id='word_1_298' title='bbox 850 3799 1037 3850; x_wconf 88' lang='lat' dir='ltr'><strong>animus</strong></span> <span class='ocrx_word' id='word_1_299' title='bbox 1085 3807 1132 3849; x_wconf 92' lang='lat' dir='ltr'><strong>et</strong></span> <span class='ocrx_word' id='word_1_300' title='bbox 1177 3815 1297 3864; x_wconf 84' lang='lat' dir='ltr'><strong>pura</strong></span> <span class='ocrx_word' id='word_1_301' title='bbox 1335 3815 1473 3851; x_wconf 87' lang='lat' dir='ltr'><strong>mens</strong></span> <span class='ocrx_word' id='word_1_302' title='bbox 1510 3810 1557 3851; x_wconf 89' lang='lat' dir='ltr'><strong>et</strong></span> <span class='ocrx_word' id='word_1_303' title='bbox 1591 3803 1779 3854; x_wconf 82' lang='lat' dir='ltr'><strong>sincera</strong></span> 
     </span>
     <span class='ocr_line' id='line_1_47' title="bbox 655 3867 1779 3931; baseline 0.004 -14"><span class='ocrx_word' id='word_1_304' title='bbox 655 3868 965 3918; x_wconf 83' lang='lat' dir='ltr'><strong>conscientia.</strong></span> <span class='ocrx_word' id='word_1_305' title='bbox 1030 3867 1178 3929; x_wconf 80' lang='lat' dir='ltr'><strong>igitur</strong></span> <span class='ocrx_word' id='word_1_306' title='bbox 1214 3869 1295 3931; x_wconf 85' lang='lat' dir='ltr'><strong>qui</strong></span> <span class='ocrx_word' id='word_1_307' title='bbox 1332 3869 1655 3919; x_wconf 72' lang='lat' dir='ltr'><strong>innocentiam</strong></span> <span class='ocrx_word' id='word_1_308' title='bbox 1692 3874 1779 3921; x_wconf 84' lang='lat' dir='ltr'><strong>co·</strong></span> 
     </span>
     <span class='ocr_line' id='line_1_48' title="bbox 653 3933 1777 3998; baseline 0.004 -15"><span class='ocrx_word' id='word_1_309' title='bbox 653 3933 739 3994; x_wconf 81' lang='lat' dir='ltr'><strong>lit,</strong></span> <span class='ocrx_word' id='word_1_310' title='bbox 787 3936 877 3984; x_wconf 83' lang='lat' dir='ltr'><strong>deo</strong></span> <span class='ocrx_word' id='word_1_311' title='bbox 917 3934 1060 3995; x_wconf 86' lang='lat' dir='ltr'><strong>libat,</strong></span> <span class='ocrx_word' id='word_1_312' title='bbox 1115 3934 1195 3998; x_wconf 86' lang='lat' dir='ltr'><strong>qui</strong></span> <span class='ocrx_word' id='word_1_313' title='bbox 1249 3937 1501 3987; x_wconf 74' lang='lat' dir='ltr'><strong>fraudibus</strong></span> <span class='ocrx_word' id='word_1_314' title='bbox 1549 3938 1777 3998; x_wconf 86' lang='lat' dir='ltr'><strong>abstinet,</strong></span> 
     </span>
     <span class='ocr_line' id='line_1_49' title="bbox 652 4001 1776 4068; baseline 0.004 -18"><span class='ocrx_word' id='word_1_315' title='bbox 652 4003 886 4066; x_wconf 79' lang='lat' dir='ltr'><strong>propitiat</strong></span> <span class='ocrx_word' id='word_1_316' title='bbox 920 4001 1082 4060; x_wconf 85' lang='lat' dir='ltr'><strong>deum,</strong></span> <span class='ocrx_word' id='word_1_317' title='bbox 1136 4003 1215 4066; x_wconf 84' lang='lat' dir='ltr'><strong>qni</strong></span> <span class='ocrx_word' id='word_1_318' title='bbox 1264 4002 1509 4055; x_wconf 85' lang='lat' dir='ltr'><strong>bominem</strong></span> <span class='ocrx_word' id='word_1_319' title='bbox 1558 4004 1776 4068; x_wconf 86' lang='lat' dir='ltr'><strong>periculo</strong></span> 
     </span>
     <span class='ocr_line' id='line_1_50' title="bbox 653 4069 1779 4131; baseline 0.004 -14"><span class='ocrx_word' id='word_1_320' title='bbox 653 4069 879 4131; x_wconf 73' lang='lat' dir='ltr'><strong>subripit,</strong></span> <span class='ocrx_word' id='word_1_321' title='bbox 917 4069 1127 4131; x_wconf 77' lang='lat' dir='ltr'><strong>opimam</strong></span> <span class='ocrx_word' id='word_1_322' title='bbox 1165 4069 1402 4120; x_wconf 78' lang='lat' dir='ltr'><strong>victimam</strong></span> <span class='ocrx_word' id='word_1_323' title='bbox 1439 4072 1611 4122; x_wconf 87' lang='lat' dir='ltr'><strong>caedit.</strong></span> <span class='ocrx_word' id='word_1_324' title='bbox 1647 4073 1779 4122; x_wconf 79' lang='lat' dir='ltr'><strong>Haec</strong></span> 
     </span>
     <span class='ocr_line' id='line_1_51' title="bbox 651 4135 1777 4197; baseline 0.003 -11"><span class='ocrx_word' id='word_1_325' title='bbox 651 4143 820 4186; x_wconf 77' lang='lat' dir='ltr'><strong>nostra</strong></span> <span class='ocrx_word' id='word_1_326' title='bbox 857 4135 1109 4197; x_wconf 80' lang='lat' dir='ltr'><strong>sacrificia,</strong></span> <span class='ocrx_word' id='word_1_327' title='bbox 1169 4137 1289 4187; x_wconf 87' lang='lat' dir='ltr'><strong>haec</strong></span> <span class='ocrx_word' id='word_1_328' title='bbox 1325 4139 1400 4187; x_wconf 86' lang='lat' dir='ltr'><strong>dei</strong></span> <span class='ocrx_word' id='word_1_329' title='bbox 1436 4154 1573 4188; x_wconf 81' lang='lat' dir='ltr'><strong>sacra</strong></span> <span class='ocrx_word' id='word_1_330' title='bbox 1610 4139 1777 4189; x_wconf 86' lang='lat' dir='ltr'><strong>sunt.“</strong></span> 
     </span>
     <span class='ocr_line' id='line_1_52' title="bbox 652 4202 1776 4264; baseline 0.002 -13"><span class='ocrx_word' id='word_1_331' title='bbox 652 4202 831 4252; x_wconf 83' lang='lat' dir='ltr'><strong>Euseb.</strong></span> <span class='ocrx_word' id='word_1_332' title='bbox 869 4203 928 4251; x_wconf 86' lang='lat' dir='ltr'><strong>de</strong></span> <span class='ocrx_word' id='word_1_333' title='bbox 966 4202 1061 4252; x_wconf 83' lang='lat' dir='ltr'><strong>Vita</strong></span> <span class='ocrx_word' id='word_1_334' title='bbox 1101 4202 1401 4255; x_wconf 70' lang='lat' dir='ltr'><strong>Constantini</strong></span> <span class='ocrx_word' id='word_1_335' title='bbox 1440 4207 1512 4264; x_wconf 76' lang='lat' dir='ltr'><strong>lv,</strong></span> <span class='ocrx_word' id='word_1_336' title='bbox 1540 4206 1602 4256; x_wconf 82' lang='lat' dir='ltr'><strong>to</strong></span> <span class='ocrx_word' id='word_1_337' title='bbox 1640 4219 1776 4262; x_wconf 75' lang='grc' dir='ltr'><strong>υκα·</strong></span> 
     </span>
     <span class='ocr_line' id='line_1_53' title="bbox 651 4262 1780 4339; baseline 0.003 -23"><span class='ocrx_word' id='word_1_338' title='bbox 651 4263 841 4333; x_wconf 77' lang='grc' dir='ltr'><strong><em>θαράν</em></strong></span> <span class='ocrx_word' id='word_1_339' title='bbox 876 4262 935 4318; x_wconf 78' lang='grc' dir='ltr'><strong>δὲ</strong></span> <span class='ocrx_word' id='word_1_340' title='bbox 967 4262 1148 4334; x_wconf 81' lang='grc' dir='ltr'><strong><em>μόνην</em></strong></span> <span class='ocrx_word' id='word_1_341' title='bbox 1182 4264 1435 4320; x_wconf 75' lang='grc' dir='ltr'><strong><em>διάνοιαν</em></strong></span> <span class='ocrx_word' id='word_1_342' title='bbox 1466 4266 1557 4320; x_wconf 83' lang='grc' dir='ltr'><strong>καὶ</strong></span> <span class='ocrx_word' id='word_1_343' title='bbox 1578 4266 1780 4339; x_wconf 45' lang='lat' dir='ltr'><strong>‚Why</strong></span> 
     </span>
     <span class='ocr_line' id='line_1_54' title="bbox 652 4327 1779 4406; baseline 0.004 -22"><span class='ocrx_word' id='word_1_344' title='bbox 652 4327 990 4395; x_wconf 77' lang='grc' dir='ltr'><strong><em>ἆκηλίδωτον</em></strong></span> <span class='ocrx_word' id='word_1_345' title='bbox 1036 4331 1190 4403; x_wconf 78' lang='grc' dir='ltr'><strong><em>παρὰ</em></strong></span> <span class='ocrx_word' id='word_1_346' title='bbox 1248 4330 1564 4406; x_wconf 74' lang='grc' dir='ltr'><strong><em>ἀνθρώπων</em></strong></span> <span class='ocrx_word' id='word_1_347' title='bbox 1616 4330 1779 4389; x_wconf 75' lang='grc' dir='ltr'><strong><em>ἄπαι-</em></strong></span> 
     </span>
     <span class='ocr_line' id='line_1_55' title="bbox 650 4394 1776 4476; baseline 0.003 -25"><span class='ocrx_word' id='word_1_348' title='bbox 650 4403 752 4459; x_wconf 71' lang='lat' dir='ltr'><strong>rel,</strong></span> <span class='ocrx_word' id='word_1_349' title='bbox 792 4397 889 4457; x_wconf 80' lang='grc' dir='ltr'><strong>τάς</strong></span> <span class='ocrx_word' id='word_1_350' title='bbox 924 4419 982 4454; x_wconf 83' lang='grc' dir='ltr'><strong><em>τε</em></strong></span> <span class='ocrx_word' id='word_1_351' title='bbox 1018 4394 1214 4470; x_wconf 71' lang='grc' dir='ltr'><strong><em>ἀρετῆς</em></strong></span> <span class='ocrx_word' id='word_1_352' title='bbox 1234 4400 1328 4454; x_wconf 82' lang='grc' dir='ltr'><strong>καὶ</strong></span> <span class='ocrx_word' id='word_1_353' title='bbox 1344 4396 1616 4470; x_wconf 74' lang='grc' dir='ltr'><strong><em>εὐσεβείας</em></strong></span> <span class='ocrx_word' id='word_1_354' title='bbox 1638 4400 1776 4476; x_wconf 78' lang='grc' dir='ltr'><em>πρά-</em></span> 
     </span>
     <span class='ocr_line' id='line_1_56' title="bbox 649 4465 1774 4538; baseline -0.003 -10"><span class='ocrx_word' id='word_1_355' title='bbox 649 4469 757 4528; x_wconf 64' lang='grc' dir='ltr'><strong>ξεις</strong></span> <span class='ocrx_word' id='word_1_356' title='bbox 788 4465 849 4521; x_wconf 76' lang='grc' dir='ltr'><strong>ἐν</strong></span> <span class='ocrx_word' id='word_1_357' title='bbox 882 4465 1060 4536; x_wconf 75' lang='grc' dir='ltr'><strong><em>τούτῳ</em></strong></span> <span class='ocrx_word' id='word_1_358' title='bbox 1097 4466 1563 4538; x_wconf 73' lang='grc' dir='ltr'><strong><em>σταθμώμενος.“</em></strong></span> <span class='ocrx_word' id='word_1_359' title='bbox 1626 4474 1774 4526; x_wconf 87' lang='lat' dir='ltr'><strong>Simi-</strong></span> 
     </span>
     <span class='ocr_line' id='line_1_57' title="bbox 651 4539 1774 4607; baseline 0.002 -18"><span class='ocrx_word' id='word_1_360' title='bbox 651 4539 728 4590; x_wconf 87' lang='lat' dir='ltr'><strong>les</strong></span> <span class='ocrx_word' id='word_1_361' title='bbox 764 4539 901 4590; x_wconf 85' lang='lat' dir='ltr'><strong>loeos</strong></span> <span class='ocrx_word' id='word_1_362' title='bbox 954 4556 1010 4591; x_wconf 84' lang='lat' dir='ltr'><strong>ex</strong></span> <span class='ocrx_word' id='word_1_363' title='bbox 1042 4539 1151 4589; x_wconf 86' lang='lat' dir='ltr'><strong>aliis</strong></span> <span class='ocrx_word' id='word_1_364' title='bbox 1185 4541 1505 4603; x_wconf 79' lang='lat' dir='ltr'><strong>scriptoribus</strong></span> <span class='ocrx_word' id='word_1_365' title='bbox 1539 4542 1774 4607; x_wconf 81' lang='lat' dir='ltr'><strong>suppedi-</strong></span> 
     </span>
     <span class='ocr_line' id='line_1_58' title="bbox 650 4607 1773 4660; baseline 0.004 -5"><span class='ocrx_word' id='word_1_366' title='bbox 650 4608 820 4658; x_wconf 83' lang='lat' dir='ltr'><strong>tabunt</strong></span> <span class='ocrx_word' id='word_1_367' title='bbox 874 4607 1262 4658; x_wconf 80' lang='lat' dir='ltr'><strong>Elmenhorstius</strong></span> <span class='ocrx_word' id='word_1_368' title='bbox 1321 4616 1369 4658; x_wconf 88' lang='lat' dir='ltr'><strong>et</strong></span> <span class='ocrx_word' id='word_1_369' title='bbox 1427 4608 1653 4660; x_wconf 84' lang='lat' dir='ltr'><strong>Ouzelius</strong></span> <span class='ocrx_word' id='word_1_370' title='bbox 1712 4612 1773 4660; x_wconf 78' lang='lat' dir='ltr'><strong>ad</strong></span> 
     </span>
     <span class='ocr_line' id='line_1_59' title="bbox 651 4673 1158 4730; baseline 0.002 -9"><span class='ocrx_word' id='word_1_371' title='bbox 651 4673 823 4726; x_wconf 76' lang='lat' dir='ltr'><strong>Minue.</strong></span> <span class='ocrx_word' id='word_1_372' title='bbox 861 4674 1101 4730; x_wconf 60' lang='lat' dir='ltr'><strong>Felicis-l.</strong></span> <span class='ocrx_word' id='word_1_373' title='bbox 1127 4674 1158 4722; x_wconf 89' lang='grc' dir='ltr'><strong>Ι.</strong></span> 
     </span>
    </p>
   </div>
   <div class='ocr_carea' id='block_1_9' title="bbox 1928 1265 3005 1320">
    <p class='ocr_par' dir='ltr' id='par_1_9' title="bbox 1928 1265 3005 1320">
     <span class='ocr_line' id='line_1_60' title="bbox 1928 1265 3005 1320; baseline 0.001 -3"><span class='ocrx_word' id='word_1_374' title='bbox 1928 1265 2011 1317; x_wconf 83' lang='grc'><strong>27.</strong></span> <span class='ocrx_word' id='word_1_375' title='bbox 2061 1267 2270 1317; x_wconf 87' lang='lat' dir='ltr'><strong>hominis</strong></span> <span class='ocrx_word' id='word_1_376' title='bbox 2320 1267 2444 1317; x_wconf 90' lang='lat' dir='ltr'><strong>mori</strong></span> <span class='ocrx_word' id='word_1_377' title='bbox 2496 1270 2670 1319; x_wconf 80' lang='lat' dir='ltr'><strong>Dabcd.</strong></span> <span class='ocrx_word' id='word_1_378' title='bbox 2775 1267 2858 1320; x_wconf 83' lang='lat'><strong>28.</strong></span> <span class='ocrx_word' id='word_1_379' title='bbox 2894 1284 3005 1319; x_wconf 90' lang='lat' dir='ltr'><strong>cum</strong></span> 
     </span>
    </p>
   </div>
   <div class='ocr_carea' id='block_1_10' title="bbox 2153 1332 3006 1400">
    <p class='ocr_par' dir='ltr' id='par_1_10' title="bbox 2153 1332 3006 1400">
     <span class='ocr_line' id='line_1_61' title="bbox 2153 1332 3006 1400; baseline 0.005 -16"><span class='ocrx_word' id='word_1_380' title='bbox 2153 1349 2259 1385; x_wconf 88' lang='lat' dir='ltr'><strong>cum</strong></span> <span class='ocrx_word' id='word_1_381' title='bbox 2310 1332 2498 1385; x_wconf 82' lang='lat' dir='ltr'><strong>bostia&#39;e</strong></span> <span class='ocrx_word' id='word_1_382' title='bbox 2548 1336 2817 1400; x_wconf 83' lang='lat' dir='ltr'><strong>probentur</strong></span> <span class='ocrx_word' id='word_1_383' title='bbox 2866 1337 3006 1388; x_wconf 73' lang='lat' dir='ltr'><strong>Dabo.</strong></span> 
     </span>
    </p>
   </div>
   <div class='ocr_carea' id='block_1_11' title="bbox 2470 1466 3005 1535">
    <p class='ocr_par' dir='ltr' id='par_1_11' title="bbox 2470 1466 3005 1535">
     <span class='ocr_line' id='line_1_62' title="bbox 2470 1466 3005 1535; baseline -0.004 -14"><span class='ocrx_word' id='word_1_384' title='bbox 2470 1486 2556 1521; x_wconf 90' lang='lat' dir='ltr'><strong>cur</strong></span> <span class='ocrx_word' id='word_1_385' title='bbox 2602 1472 2889 1535; x_wconf 84' lang='lat' dir='ltr'><strong>praecordia</strong></span> <span class='ocrx_word' id='word_1_386' title='bbox 2938 1466 3005 1533; x_wconf 78' lang='grc' dir='ltr'><strong>(λ)</strong></span> 
     </span>
    </p>
   </div>
   <div class='ocr_carea' id='block_1_12' title="bbox 1874 1637 3097 4758">
    <p class='ocr_par' dir='ltr' id='par_1_12' title="bbox 1880 1637 3033 2028">
     <span class='ocr_line' id='line_1_63' title="bbox 1952 1637 3006 1707; baseline 0.005 -19"><span class='ocrx_word' id='word_1_387' title='bbox 1952 1639 1996 1688; x_wconf 83' lang='lat' dir='ltr'><strong>k.</strong></span> <span class='ocrx_word' id='word_1_388' title='bbox 2033 1638 2264 1688; x_wconf 77' lang='lat' dir='ltr'><strong>Arabicae</strong></span> <span class='ocrx_word' id='word_1_389' title='bbox 2299 1640 2491 1690; x_wconf 87' lang='lat' dir='ltr'><strong>arboris</strong></span> <span class='ocrx_word' id='word_1_390' title='bbox 2526 1637 2777 1707; x_wconf 83' lang='lat' dir='ltr'><strong>lacrimas]</strong></span> <span class='ocrx_word' id='word_1_391' title='bbox 2812 1642 2886 1692; x_wconf 78' lang='lat' dir='ltr'><strong>Cf.</strong></span> <span class='ocrx_word' id='word_1_392' title='bbox 2916 1645 3006 1693; x_wconf 79' lang='lat' dir='ltr'><strong>Ar-</strong></span> 
     </span>
     <span class='ocr_line' id='line_1_64' title="bbox 1883 1706 3006 1768; baseline 0.004 -13"><span class='ocrx_word' id='word_1_393' title='bbox 1883 1707 1995 1755; x_wconf 88' lang='lat' dir='ltr'><strong>nob.</strong></span> <span class='ocrx_word' id='word_1_394' title='bbox 2034 1707 2146 1756; x_wconf 75' lang='grc' dir='ltr'><strong>Λᾶν.</strong></span> <span class='ocrx_word' id='word_1_395' title='bbox 2183 1706 2309 1756; x_wconf 86' lang='lat' dir='ltr'><strong>Natt.</strong></span> <span class='ocrx_word' id='word_1_396' title='bbox 2347 1706 2455 1766; x_wconf 83' lang='lat' dir='ltr'><strong>Vll,</strong></span> <span class='ocrx_word' id='word_1_397' title='bbox 2478 1706 2543 1757; x_wconf 84' lang='lat'><strong>28</strong></span> <span class='ocrx_word' id='word_1_398' title='bbox 2590 1708 2745 1768; x_wconf 85' lang='lat' dir='ltr'><strong>„Nam</strong></span> <span class='ocrx_word' id='word_1_399' title='bbox 2783 1724 2844 1759; x_wconf 87' lang='lat' dir='ltr'><strong>ne</strong></span> <span class='ocrx_word' id='word_1_400' title='bbox 2880 1711 3006 1760; x_wconf 76' lang='lat' dir='ltr'><strong>torte</strong></span> 
     </span>
     <span class='ocr_line' id='line_1_65' title="bbox 1881 1773 3009 1838; baseline 0.005 -16"><span class='ocrx_word' id='word_1_401' title='bbox 1881 1773 2130 1835; x_wconf 76' lang='lat' dir='ltr'><strong>ignoretis,</strong></span> <span class='ocrx_word' id='word_1_402' title='bbox 2180 1774 2295 1838; x_wconf 84' lang='lat' dir='ltr'><strong>quid</strong></span> <span class='ocrx_word' id='word_1_403' title='bbox 2343 1782 2425 1824; x_wconf 88' lang='lat' dir='ltr'><strong>aut</strong></span> <span class='ocrx_word' id='word_1_404' title='bbox 2470 1775 2597 1825; x_wconf 89' lang='lat' dir='ltr'><strong>unde</strong></span> <span class='ocrx_word' id='word_1_405' title='bbox 2650 1777 2716 1827; x_wconf 85' lang='lat' dir='ltr'><strong>sit</strong></span> <span class='ocrx_word' id='word_1_406' title='bbox 2745 1784 2825 1826; x_wconf 89' lang='lat' dir='ltr'><strong>tus</strong></span> <span class='ocrx_word' id='word_1_407' title='bbox 2858 1777 3009 1838; x_wconf 84' lang='lat' dir='ltr'><strong>istud,</strong></span> 
     </span>
     <span class='ocr_line' id='line_1_66' title="bbox 1880 1842 3033 1907; baseline 0.004 -17"><span class='ocrx_word' id='word_1_408' title='bbox 1880 1842 2058 1891; x_wconf 84' lang='lat' dir='ltr'><strong>viscum</strong></span> <span class='ocrx_word' id='word_1_409' title='bbox 2097 1850 2171 1891; x_wconf 83' lang='lat' dir='ltr'><strong>est</strong></span> <span class='ocrx_word' id='word_1_410' title='bbox 2205 1856 2261 1891; x_wconf 80' lang='lat' dir='ltr'><strong>ex</strong></span> <span class='ocrx_word' id='word_1_411' title='bbox 2297 1842 2557 1892; x_wconf 82' lang='lat' dir='ltr'><strong>corticibus</strong></span> <span class='ocrx_word' id='word_1_412' title='bbox 2603 1844 2884 1907; x_wconf 83' lang='lat' dir='ltr'><strong>profluens,</strong></span> <span class='ocrx_word' id='word_1_413' title='bbox 2942 1845 3033 1895; x_wconf 79' lang='lat' dir='ltr'><strong>ita-</strong></span> 
     </span>
     <span class='ocr_line' id='line_1_67' title="bbox 1884 1909 3009 1972; baseline 0.004 -15"><span class='ocrx_word' id='word_1_414' title='bbox 1884 1911 2024 1958; x_wconf 87' lang='lat' dir='ltr'><strong>etiam</strong></span> <span class='ocrx_word' id='word_1_415' title='bbox 2076 1924 2131 1958; x_wconf 82' lang='lat' dir='ltr'><strong>ex</strong></span> <span class='ocrx_word' id='word_1_416' title='bbox 2179 1909 2459 1972; x_wconf 72' lang='lat' dir='ltr'><strong>amygdalo,</strong></span> <span class='ocrx_word' id='word_1_417' title='bbox 2508 1924 2679 1961; x_wconf 85' lang='lat' dir='ltr'><strong>ceraso</strong></span> <span class='ocrx_word' id='word_1_418' title='bbox 2727 1913 3009 1964; x_wconf 74' lang='lat' dir='ltr'><strong>lacrimabili</strong></span> 
     </span>
     <span class='ocr_line' id='line_1_68' title="bbox 1883 1976 2563 2028; baseline 0.001 -2"><span class='ocrx_word' id='word_1_419' title='bbox 1883 1978 2195 2027; x_wconf 75' lang='lat' dir='ltr'><strong>destillatione</strong></span> <span class='ocrx_word' id='word_1_420' title='bbox 2230 1976 2563 2028; x_wconf 82' lang='lat' dir='ltr'><strong>coalescens.“</strong></span> 
     </span>
    </p>

    <p class='ocr_par' dir='ltr' id='par_1_13' title="bbox 1880 2041 3035 2649">
     <span class='ocr_line' id='line_1_69' title="bbox 1950 2041 3006 2110; baseline 0.003 -16"><span class='ocrx_word' id='word_1_421' title='bbox 1950 2045 1984 2094; x_wconf 87' lang='grc' dir='ltr'><strong>Ι.</strong></span> <span class='ocrx_word' id='word_1_422' title='bbox 2022 2045 2142 2094; x_wconf 84' lang='lat' dir='ltr'><strong>duas</strong></span> <span class='ocrx_word' id='word_1_423' title='bbox 2179 2044 2298 2095; x_wconf 85' lang='lat' dir='ltr'><strong>meri</strong></span> <span class='ocrx_word' id='word_1_424' title='bbox 2334 2041 2517 2110; x_wconf 75' lang='lat' dir='ltr'><strong>guttas]</strong></span> <span class='ocrx_word' id='word_1_425' title='bbox 2567 2046 2643 2096; x_wconf 80' lang='lat' dir='ltr'><strong>Cf.</strong></span> <span class='ocrx_word' id='word_1_426' title='bbox 2678 2047 2857 2096; x_wconf 78' lang='lat' dir='ltr'><strong>Aruob.</strong></span> <span class='ocrx_word' id='word_1_427' title='bbox 2892 2047 3006 2098; x_wconf 71' lang='lat' dir='ltr'><strong>Adr-</strong></span> 
     </span>
     <span class='ocr_line' id='line_1_70' title="bbox 1882 2111 3006 2173; baseline 0.004 -12"><span class='ocrx_word' id='word_1_428' title='bbox 1882 2112 2007 2161; x_wconf 85' lang='lat' dir='ltr'><strong>Natt.</strong></span> <span class='ocrx_word' id='word_1_429' title='bbox 2040 2112 2135 2170; x_wconf 81' lang='lat' dir='ltr'><strong>Vll,</strong></span> <span class='ocrx_word' id='word_1_430' title='bbox 2156 2111 2222 2162; x_wconf 87' lang='grc'><strong>36</strong></span> <span class='ocrx_word' id='word_1_431' title='bbox 2257 2112 2386 2171; x_wconf 86' lang='lat' dir='ltr'><strong>„Vos</strong></span> <span class='ocrx_word' id='word_1_432' title='bbox 2422 2126 2581 2173; x_wconf 84' lang='lat' dir='ltr'><strong>mero,</strong></span> <span class='ocrx_word' id='word_1_433' title='bbox 2613 2128 2696 2162; x_wconf 82' lang='lat' dir='ltr'><strong>vos</strong></span> <span class='ocrx_word' id='word_1_434' title='bbox 2731 2121 2837 2164; x_wconf 90' lang='lat' dir='ltr'><strong>ture</strong></span> <span class='ocrx_word' id='word_1_435' title='bbox 2875 2115 3006 2165; x_wconf 84' lang='lat' dir='ltr'><strong>arhi-</strong></span> 
     </span>
     <span class='ocr_line' id='line_1_71' title="bbox 1881 2179 3035 2245; baseline 0.004 -17"><span class='ocrx_word' id='word_1_436' title='bbox 1881 2180 2073 2229; x_wconf 85' lang='lat' dir='ltr'><strong>tramini</strong></span> <span class='ocrx_word' id='word_1_437' title='bbox 2120 2179 2212 2230; x_wconf 85' lang='lat' dir='ltr'><strong>diis</strong></span> <span class='ocrx_word' id='word_1_438' title='bbox 2259 2179 2368 2229; x_wconf 84' lang='lat' dir='ltr'><strong>eddi</strong></span> <span class='ocrx_word' id='word_1_439' title='bbox 2417 2188 2465 2229; x_wconf 89' lang='lat' dir='ltr'><strong>et</strong></span> <span class='ocrx_word' id='word_1_440' title='bbox 2518 2195 2686 2231; x_wconf 82' lang='lat' dir='ltr'><strong>eorum</strong></span> <span class='ocrx_word' id='word_1_441' title='bbox 2743 2196 3035 2245; x_wconf 9' lang='lat' dir='ltr'><strong>augesceret</strong></span> 
     </span>
     <span class='ocr_line' id='line_1_72' title="bbox 1883 2246 3007 2313; baseline 0.004 -18"><span class='ocrx_word' id='word_1_442' title='bbox 1883 2246 2154 2308; x_wconf 78' lang='lat' dir='ltr'><strong>dignitates,</strong></span> <span class='ocrx_word' id='word_1_443' title='bbox 2204 2261 2293 2297; x_wconf 83' lang='lat' dir='ltr'><strong>nos</strong></span> <span class='ocrx_word' id='word_1_444' title='bbox 2329 2256 2597 2298; x_wconf 85' lang='lat' dir='ltr'><strong>monstrum</strong></span> <span class='ocrx_word' id='word_1_445' title='bbox 2648 2257 2696 2298; x_wconf 84' lang='lat' dir='ltr'><strong>et</strong></span> <span class='ocrx_word' id='word_1_446' title='bbox 2730 2250 3007 2313; x_wconf 73' lang='lat' dir='ltr'><strong>prodigium</strong></span> 
     </span>
     <span class='ocr_line' id='line_1_73' title="bbox 1883 2314 3008 2380; baseline 0.004 -17"><span class='ocrx_word' id='word_1_447' title='bbox 1883 2314 2178 2374; x_wconf 85' lang='lat' dir='ltr'><strong>iudicamus,</strong></span> <span class='ocrx_word' id='word_1_448' title='bbox 2220 2315 2378 2378; x_wconf 84' lang='lat' dir='ltr'><strong>&#39;quod</strong></span> <span class='ocrx_word' id='word_1_449' title='bbox 2442 2318 2695 2380; x_wconf 87' lang='lat' dir='ltr'><strong>quisquam</strong></span> <span class='ocrx_word' id='word_1_450' title='bbox 2754 2318 3008 2368; x_wconf 83' lang='lat' dir='ltr'><strong>homiuum</strong></span> 
     </span>
     <span class='ocr_line' id='line_1_74' title="bbox 1883 2382 3005 2443; baseline 0.004 -13"><span class='ocrx_word' id='word_1_451' title='bbox 1883 2382 2035 2432; x_wconf 86' lang='lat' dir='ltr'><strong>credit</strong></span> <span class='ocrx_word' id='word_1_452' title='bbox 2070 2391 2150 2432; x_wconf 84' lang='lat' dir='ltr'><strong>aut</strong></span> <span class='ocrx_word' id='word_1_453' title='bbox 2185 2383 2510 2443; x_wconf 70' lang='lat' dir='ltr'><strong>augustiorem</strong></span> <span class='ocrx_word' id='word_1_454' title='bbox 2547 2385 2649 2433; x_wconf 79' lang='lat' dir='ltr'><strong>fleri</strong></span> <span class='ocrx_word' id='word_1_455' title='bbox 2688 2384 2831 2434; x_wconf 88' lang='lat' dir='ltr'><strong>deum</strong></span> <span class='ocrx_word' id='word_1_456' title='bbox 2869 2385 3005 2435; x_wconf 74' lang='lat' dir='ltr'><strong>sumo</strong></span> 
     </span>
     <span class='ocr_line' id='line_1_75' title="bbox 1881 2451 3008 2517; baseline 0.003 -18"><span class='ocrx_word' id='word_1_457' title='bbox 1881 2457 1963 2500; x_wconf 89' lang='lat' dir='ltr'><strong>aut</strong></span> <span class='ocrx_word' id='word_1_458' title='bbox 2010 2465 2069 2500; x_wconf 74' lang='lat' dir='ltr'><strong>ex</strong></span> <span class='ocrx_word' id='word_1_459' title='bbox 2112 2451 2296 2500; x_wconf 73' lang='lat' dir='ltr'><strong>roribus</strong></span> <span class='ocrx_word' id='word_1_460' title='bbox 2345 2453 2526 2514; x_wconf 65' lang='lat' dir='ltr'><strong>eximiis</strong></span> <span class='ocrx_word' id='word_1_461' title='bbox 2572 2454 2669 2501; x_wconf 77' lang='lat' dir='ltr'><strong>vini</strong></span> <span class='ocrx_word' id='word_1_462' title='bbox 2715 2452 2874 2517; x_wconf 84' lang='lat' dir='ltr'><strong>ipsum</strong></span> <span class='ocrx_word' id='word_1_463' title='bbox 2912 2453 3008 2502; x_wconf 82' lang='lat' dir='ltr'><strong>sibi</strong></span> 
     </span>
     <span class='ocr_line' id='line_1_76' title="bbox 1880 2517 3008 2588; baseline 0.004 -23"><span class='ocrx_word' id='word_1_464' title='bbox 1880 2517 1940 2566; x_wconf 84' lang='lat' dir='ltr'><strong>ab</strong></span> <span class='ocrx_word' id='word_1_465' title='bbox 1978 2517 2255 2568; x_wconf 86' lang='lat' dir='ltr'><strong>hominihus</strong></span> <span class='ocrx_word' id='word_1_466' title='bbox 2291 2518 2467 2568; x_wconf 85' lang='lat' dir='ltr'><strong>ducere</strong></span> <span class='ocrx_word' id='word_1_467' title='bbox 2508 2520 2625 2568; x_wconf 82' lang='lat' dir='ltr'><strong>satis</strong></span> <span class='ocrx_word' id='word_1_468' title='bbox 2661 2528 2827 2588; x_wconf 77' lang='lat' dir='ltr'><strong>sancte</strong></span> <span class='ocrx_word' id='word_1_469' title='bbox 2863 2528 3008 2585; x_wconf 84' lang='lat' dir='ltr'><strong>atque</strong></span> 
     </span>
     <span class='ocr_line' id='line_1_77' title="bbox 1882 2584 2560 2649; baseline 0.003 -16"><span class='ocrx_word' id='word_1_470' title='bbox 1882 2585 2148 2635; x_wconf 80' lang='lat' dir='ltr'><strong>honorilice</strong></span> <span class='ocrx_word' id='word_1_471' title='bbox 2181 2584 2560 2649; x_wconf 82' lang='lat' dir='ltr'><strong>supplicatum.“</strong></span> 
     </span>
    </p>

    <p class='ocr_par' dir='ltr' id='par_1_14' title="bbox 1878 2648 3043 3460">
     <span class='ocr_line' id='line_1_78' title="bbox 1953 2648 3007 2720; baseline 0.002 -18"><span class='ocrx_word' id='word_1_472' title='bbox 1953 2668 2015 2702; x_wconf 84' lang='lat' dir='ltr'><strong>m.</strong></span> <span class='ocrx_word' id='word_1_473' title='bbox 2064 2652 2260 2717; x_wconf 89' lang='lat' dir='ltr'><strong>reprobi</strong></span> <span class='ocrx_word' id='word_1_474' title='bbox 2298 2653 2430 2703; x_wconf 88' lang='lat' dir='ltr'><strong>bovis</strong></span> <span class='ocrx_word' id='word_1_475' title='bbox 2466 2653 2589 2705; x_wconf 89' lang='lat' dir='ltr'><strong>mori</strong></span> <span class='ocrx_word' id='word_1_476' title='bbox 2627 2648 2863 2720; x_wconf 80' lang='lat' dir='ltr'><strong>optantis]</strong></span> <span class='ocrx_word' id='word_1_477' title='bbox 2912 2654 3007 2706; x_wconf 75' lang='lat' dir='ltr'><strong>ne·-</strong></span> 
     </span>
     <span class='ocr_line' id='line_1_79' title="bbox 1880 2719 3012 2787; baseline 0.003 -18"><span class='ocrx_word' id='word_1_478' title='bbox 1880 2720 2089 2782; x_wconf 88' lang='lat' dir='ltr'><strong>probum</strong></span> <span class='ocrx_word' id='word_1_479' title='bbox 2126 2721 2292 2771; x_wconf 81' lang='lat' dir='ltr'><strong>bovem</strong></span> <span class='ocrx_word' id='word_1_480' title='bbox 2343 2723 2465 2771; x_wconf 88' lang='lat' dir='ltr'><strong>mori</strong></span> <span class='ocrx_word' id='word_1_481' title='bbox 2501 2730 2747 2785; x_wconf 87' lang='lat' dir='ltr'><strong>optantem</strong></span> <span class='ocrx_word' id='word_1_482' title='bbox 2794 2719 3012 2787; x_wconf 82' lang='lat' dir='ltr'><strong>appellat</strong></span> 
     </span>
     <span class='ocr_line' id='line_1_80' title="bbox 1883 2787 3007 2855; baseline 0.004 -19"><span class='ocrx_word' id='word_1_483' title='bbox 1883 2787 2210 2838; x_wconf 75' lang='lat' dir='ltr'><strong>Tertullianus</strong></span> <span class='ocrx_word' id='word_1_484' title='bbox 2244 2789 2414 2838; x_wconf 77' lang='lat' dir='ltr'><strong>bovem</strong></span> <span class='ocrx_word' id='word_1_485' title='bbox 2452 2790 2631 2840; x_wconf 80' lang='lat' dir='ltr'><strong>nullius</strong></span> <span class='ocrx_word' id='word_1_486' title='bbox 2655 2790 2817 2855; x_wconf 87' lang='lat' dir='ltr'><strong>pretii,</strong></span> <span class='ocrx_word' id='word_1_487' title='bbox 2854 2791 3007 2840; x_wconf 88' lang='lat' dir='ltr'><strong>mori·</strong></span> 
     </span>
     <span class='ocr_line' id='line_1_81' title="bbox 1879 2855 3012 2921; baseline 0.004 -18"><span class='ocrx_word' id='word_1_488' title='bbox 1879 2855 2097 2906; x_wconf 77' lang='lat' dir='ltr'><strong>bundam</strong></span> <span class='ocrx_word' id='word_1_489' title='bbox 2151 2865 2198 2906; x_wconf 90' lang='lat' dir='ltr'><strong>et</strong></span> <span class='ocrx_word' id='word_1_490' title='bbox 2253 2871 2405 2921; x_wconf 88' lang='lat' dir='ltr'><strong>paene</strong></span> <span class='ocrx_word' id='word_1_491' title='bbox 2460 2858 2746 2908; x_wconf 79' lang='lat' dir='ltr'><strong>consectum.</strong></span> <span class='ocrx_word' id='word_1_492' title='bbox 2838 2857 3012 2921; x_wconf 73' lang='lat' dir='ltr'><strong>Tangit.</strong></span> 
     </span>
     <span class='ocr_line' id='line_1_82' title="bbox 1882 2923 3010 2990; baseline 0.002 -20"><span class='ocrx_word' id='word_1_493' title='bbox 1882 2923 2009 2971; x_wconf 89' lang='lat' dir='ltr'><strong>enim</strong></span> <span class='ocrx_word' id='word_1_494' title='bbox 2066 2925 2311 2985; x_wconf 81' lang='lat' dir='ltr'><strong>gentilium</strong></span> <span class='ocrx_word' id='word_1_495' title='bbox 2369 2926 2415 2981; x_wconf 76' lang='lat' dir='ltr'><strong>in</strong></span> <span class='ocrx_word' id='word_1_496' title='bbox 2472 2926 2722 2975; x_wconf 82' lang='lat' dir='ltr'><strong>sacrificiis</strong></span> <span class='ocrx_word' id='word_1_497' title='bbox 2783 2936 3010 2990; x_wconf 79' lang='grc' dir='ltr'><strong><em>σμικρο-</em></strong></span> 
     </span>
     <span class='ocr_line' id='line_1_83' title="bbox 1878 2985 3009 3058; baseline 0.006 -22"><span class='ocrx_word' id='word_1_498' title='bbox 1878 2985 2092 3054; x_wconf 74' lang='grc' dir='ltr'><strong><em>λογίαν,</em></strong></span> <span class='ocrx_word' id='word_1_499' title='bbox 2141 3007 2283 3054; x_wconf 86' lang='lat' dir='ltr'><strong>quam</strong></span> <span class='ocrx_word' id='word_1_500' title='bbox 2333 2992 2510 3043; x_wconf 87' lang='lat' dir='ltr'><strong>clarius</strong></span> <span class='ocrx_word' id='word_1_501' title='bbox 2557 2993 2823 3056; x_wconf 79' lang='lat' dir='ltr'><strong>exagitabat</strong></span> <span class='ocrx_word' id='word_1_502' title='bbox 2856 3005 3009 3058; x_wconf 80' lang='lat' dir='ltr'><strong>supra</strong></span> 
     </span>
     <span class='ocr_line' id='line_1_84' title="bbox 1886 3058 3007 3124; baseline 0.001 -16"><span class='ocrx_word' id='word_1_503' title='bbox 1886 3072 1992 3121; x_wconf 83' lang='lat' dir='ltr'><strong>cap.</strong></span> <span class='ocrx_word' id='word_1_504' title='bbox 2013 3058 2071 3108; x_wconf 85' lang='lat'><strong>13</strong></span> <span class='ocrx_word' id='word_1_505' title='bbox 2108 3059 2249 3119; x_wconf 84' lang='lat' dir='ltr'><strong>„Non</strong></span> <span class='ocrx_word' id='word_1_506' title='bbox 2287 3060 2396 3109; x_wconf 82' lang='lat' dir='ltr'><strong>dico</strong></span> <span class='ocrx_word' id='word_1_507' title='bbox 2434 3060 2602 3124; x_wconf 88' lang='lat' dir='ltr'><strong>quales</strong></span> <span class='ocrx_word' id='word_1_508' title='bbox 2637 3061 2745 3111; x_wconf 87' lang='lat' dir='ltr'><strong>sitis</strong></span> <span class='ocrx_word' id='word_1_509' title='bbox 2779 3061 2826 3110; x_wconf 92' lang='lat' dir='ltr'><strong>in</strong></span> <span class='ocrx_word' id='word_1_510' title='bbox 2846 3062 3007 3112; x_wconf 85' lang='lat' dir='ltr'><strong>sacri—</strong></span> 
     </span>
     <span class='ocr_line' id='line_1_85' title="bbox 1884 3126 3009 3185; baseline 0.004 -11"><span class='ocrx_word' id='word_1_511' title='bbox 1884 3126 2089 3185; x_wconf 81' lang='lat' dir='ltr'><strong>ficando,</strong></span> <span class='ocrx_word' id='word_1_512' title='bbox 2128 3142 2235 3176; x_wconf 89' lang='lat' dir='ltr'><strong>cum</strong></span> <span class='ocrx_word' id='word_1_513' title='bbox 2274 3134 2438 3177; x_wconf 83' lang='lat' dir='ltr'><strong>enecta</strong></span> <span class='ocrx_word' id='word_1_514' title='bbox 2476 3136 2523 3177; x_wconf 88' lang='lat' dir='ltr'><strong>et</strong></span> <span class='ocrx_word' id='word_1_515' title='bbox 2557 3128 2774 3178; x_wconf 76' lang='lat' dir='ltr'><strong>tabidosa</strong></span> <span class='ocrx_word' id='word_1_516' title='bbox 2811 3136 2858 3177; x_wconf 86' lang='lat' dir='ltr'><strong>et</strong></span> <span class='ocrx_word' id='word_1_517' title='bbox 2893 3143 3009 3178; x_wconf 79' lang='lat' dir='ltr'><strong>sca-</strong></span> 
     </span>
     <span class='ocr_line' id='line_1_86' title="bbox 1883 3191 3043 3260; baseline 0.003 -19"><span class='ocrx_word' id='word_1_518' title='bbox 1883 3191 2019 3242; x_wconf 87' lang='lat' dir='ltr'><strong>biosa</strong></span> <span class='ocrx_word' id='word_1_519' title='bbox 2059 3209 2277 3259; x_wconf 84' lang='lat' dir='ltr'><strong>quaeque</strong></span> <span class='ocrx_word' id='word_1_520' title='bbox 2315 3195 2586 3244; x_wconf 76' lang='lat' dir='ltr'><strong>mactatis.“</strong></span> <span class='ocrx_word' id='word_1_521' title='bbox 2660 3195 2883 3260; x_wconf 74' lang='lat' dir='ltr'><strong>Appellat</strong></span> <span class='ocrx_word' id='word_1_522' title='bbox 2917 3204 3043 3245; x_wconf 73' lang='lat' dir='ltr'><strong>au-·</strong></span> 
     </span>
     <span class='ocr_line' id='line_1_87' title="bbox 1881 3261 3009 3328; baseline 0.003 -19"><span class='ocrx_word' id='word_1_523' title='bbox 1881 3267 1979 3309; x_wconf 85' lang='lat' dir='ltr'><strong>tem</strong></span> <span class='ocrx_word' id='word_1_524' title='bbox 2017 3261 2314 3324; x_wconf 82' lang='lat' dir='ltr'><strong>„reprobum</strong></span> <span class='ocrx_word' id='word_1_525' title='bbox 2352 3263 2576 3324; x_wconf 84' lang='lat' dir='ltr'><strong>bovem“,</strong></span> <span class='ocrx_word' id='word_1_526' title='bbox 2623 3264 2704 3328; x_wconf 87' lang='lat' dir='ltr'><strong>qui</strong></span> <span class='ocrx_word' id='word_1_527' title='bbox 2752 3263 3009 3327; x_wconf 85' lang='lat' dir='ltr'><strong>reprobari</strong></span> 
     </span>
     <span class='ocr_line' id='line_1_88' title="bbox 1883 3328 3011 3392; baseline 0.004 -16"><span class='ocrx_word' id='word_1_528' title='bbox 1883 3334 2026 3392; x_wconf 85' lang='lat' dir='ltr'><strong>atque</strong></span> <span class='ocrx_word' id='word_1_529' title='bbox 2064 3328 2123 3377; x_wconf 86' lang='lat' dir='ltr'><strong>ah</strong></span> <span class='ocrx_word' id='word_1_530' title='bbox 2158 3329 2391 3380; x_wconf 87' lang='lat' dir='ltr'><strong>altaribus</strong></span> <span class='ocrx_word' id='word_1_531' title='bbox 2427 3331 2579 3379; x_wconf 83' lang='lat' dir='ltr'><strong>arceri</strong></span> <span class='ocrx_word' id='word_1_532' title='bbox 2610 3330 2861 3391; x_wconf 82' lang='lat' dir='ltr'><strong>debuerat,</strong></span> <span class='ocrx_word' id='word_1_533' title='bbox 2896 3344 3011 3380; x_wconf 86' lang='lat' dir='ltr'><strong>cum</strong></span> 
     </span>
     <span class='ocr_line' id='line_1_89' title="bbox 1883 3393 2752 3460; baseline 0.001 -16"><span class='ocrx_word' id='word_1_534' title='bbox 1883 3393 2070 3445; x_wconf 86' lang='lat' dir='ltr'><strong>hostiae</strong></span> <span class='ocrx_word' id='word_1_535' title='bbox 2104 3395 2479 3460; x_wconf 83' lang='lat' dir='ltr'><strong>probarentur.“</strong></span> <span class='ocrx_word' id='word_1_536' title='bbox 2513 3396 2752 3457; x_wconf 80' lang='lat' dir='ltr'><strong>(Herald.)</strong></span> 
     </span>
    </p>

    <p class='ocr_par' dir='ltr' id='par_1_15' title="bbox 1878 3460 3097 4117">
     <span class='ocr_line' id='line_1_90' title="bbox 1952 3460 3011 3532; baseline 0.002 -20"><span class='ocrx_word' id='word_1_537' title='bbox 1952 3477 1998 3512; x_wconf 88' lang='lat' dir='ltr'><strong>n.</strong></span> <span class='ocrx_word' id='word_1_538' title='bbox 2036 3477 2144 3513; x_wconf 88' lang='lat' dir='ltr'><strong>cum</strong></span> <span class='ocrx_word' id='word_1_539' title='bbox 2180 3464 2366 3514; x_wconf 84' lang='lat' dir='ltr'><strong>hostiae</strong></span> <span class='ocrx_word' id='word_1_540' title='bbox 2402 3465 2669 3527; x_wconf 82' lang='lat' dir='ltr'><strong>probantur</strong></span> <span class='ocrx_word' id='word_1_541' title='bbox 2709 3480 2860 3529; x_wconf 84' lang='lat' dir='ltr'><strong>penes</strong></span> <span class='ocrx_word' id='word_1_542' title='bbox 2896 3460 3011 3532; x_wconf 80' lang='lat' dir='ltr'><strong>vos]</strong></span> 
     </span>
     <span class='ocr_line' id='line_1_91' title="bbox 1883 3530 3013 3595; baseline 0.004 -17"><span class='ocrx_word' id='word_1_543' title='bbox 1883 3530 2075 3579; x_wconf 79' lang='lat' dir='ltr'><strong>Hostias</strong></span> <span class='ocrx_word' id='word_1_544' title='bbox 2124 3532 2354 3595; x_wconf 86' lang='lat' dir='ltr'><strong>probatas</strong></span> <span class='ocrx_word' id='word_1_545' title='bbox 2402 3531 2553 3582; x_wconf 75' lang='lat' dir='ltr'><strong>tuisse</strong></span> <span class='ocrx_word' id='word_1_546' title='bbox 2607 3546 2659 3583; x_wconf 82' lang='lat' dir='ltr'><strong>ex</strong></span> <span class='ocrx_word' id='word_1_547' title='bbox 2698 3533 2909 3582; x_wconf 77' lang='lat' dir='ltr'><strong>Lucieno</strong></span> <span class='ocrx_word' id='word_1_548' title='bbox 2961 3542 3013 3583; x_wconf 83' lang='lat' dir='ltr'><strong>et</strong></span> 
     </span>
     <span class='ocr_line' id='line_1_92' title="bbox 1881 3590 3011 3660; baseline 0.004 -15"><span class='ocrx_word' id='word_1_549' title='bbox 1881 3596 1990 3646; x_wconf 87' lang='lat' dir='ltr'><strong>aliis</strong></span> <span class='ocrx_word' id='word_1_550' title='bbox 2024 3605 2191 3648; x_wconf 86' lang='lat' dir='ltr'><strong>notum</strong></span> <span class='ocrx_word' id='word_1_551' title='bbox 2229 3607 2330 3660; x_wconf 88' lang='lat' dir='ltr'><strong>est;</strong></span> <span class='ocrx_word' id='word_1_552' title='bbox 2386 3590 2649 3655; x_wconf 72' lang='grc' dir='ltr'><strong><em>ἐξετάζειν</em></strong></span> <span class='ocrx_word' id='word_1_553' title='bbox 2683 3600 2797 3649; x_wconf 89' lang='lat' dir='ltr'><strong>dicit</strong></span> <span class='ocrx_word' id='word_1_554' title='bbox 2831 3600 3011 3650; x_wconf 84' lang='lat' dir='ltr'><strong>Lucia·</strong></span> 
     </span>
     <span class='ocr_line' id='line_1_93' title="bbox 1883 3659 3005 3731; baseline 0 -18"><span class='ocrx_word' id='word_1_555' title='bbox 1883 3677 1993 3725; x_wconf 88' lang='lat' dir='ltr'><strong>nus,</strong></span> <span class='ocrx_word' id='word_1_556' title='bbox 2043 3666 2122 3714; x_wconf 88' lang='lat' dir='ltr'><strong>alii</strong></span> <span class='ocrx_word' id='word_1_557' title='bbox 2171 3667 2311 3715; x_wconf 87' lang='lat' dir='ltr'><strong>etiam</strong></span> <span class='ocrx_word' id='word_1_558' title='bbox 2349 3668 2638 3731; x_wconf 81' lang='lat' dir='ltr'><strong>quaudoque</strong></span> <span class='ocrx_word' id='word_1_559' title='bbox 2675 3659 3005 3731; x_wconf 74' lang='grc' dir='ltr'><strong>δοκιμάζειν.</strong></span> 
     </span>
     <span class='ocr_line' id='line_1_94' title="bbox 1883 3728 3012 3800; baseline 0.001 -19"><span class='ocrx_word' id='word_1_560' title='bbox 1883 3731 2163 3782; x_wconf 82' lang='lat' dir='ltr'><strong>Herodotus</strong></span> <span class='ocrx_word' id='word_1_561' title='bbox 2211 3734 2335 3783; x_wconf 85' lang='lat' dir='ltr'><strong>libro</strong></span> <span class='ocrx_word' id='word_1_562' title='bbox 2375 3734 2429 3783; x_wconf 90' lang='lat' dir='ltr'><strong>ll.</strong></span> <span class='ocrx_word' id='word_1_563' title='bbox 2469 3730 2597 3799; x_wconf 86' lang='lat' dir='ltr'><strong>[cap.</strong></span> <span class='ocrx_word' id='word_1_564' title='bbox 2636 3728 2770 3800; x_wconf 70' lang='lat'>381:</span> <span class='ocrx_word' id='word_1_565' title='bbox 2819 3728 3012 3790; x_wconf 66' lang='lat' dir='ltr'><strong>„Tube</strong></span> 
     </span>
     <span class='ocr_line' id='line_1_95' title="bbox 1880 3792 3012 3869; baseline 0.004 -23"><span class='ocrx_word' id='word_1_566' title='bbox 1880 3792 1945 3847; x_wconf 78' lang='grc' dir='ltr'><strong>δὲ</strong></span> <span class='ocrx_word' id='word_1_567' title='bbox 1993 3797 2123 3861; x_wconf 79' lang='grc' dir='ltr'><strong><em>βοῦς</em></strong></span> <span class='ocrx_word' id='word_1_568' title='bbox 2167 3794 2294 3854; x_wconf 78' lang='grc' dir='ltr'><strong><em>τοὺς</em></strong></span> <span class='ocrx_word' id='word_1_569' title='bbox 2340 3793 2564 3869; x_wconf 77' lang='grc' dir='ltr'><strong><em>ἔρσενας</em></strong></span> <span class='ocrx_word' id='word_1_570' title='bbox 2610 3800 2710 3850; x_wconf 80' lang='grc' dir='ltr'><strong>τοῦ</strong></span> <span class='ocrx_word' id='word_1_571' title='bbox 2749 3793 3012 3867; x_wconf 67' lang='grc' dir='ltr'><strong><em>Ἐπάῲου</em></strong></span> 
     </span>
     <span class='ocr_line' id='line_1_96' title="bbox 1881 3854 3097 3933; baseline 0.004 -19"><span class='ocrx_word' id='word_1_572' title='bbox 1881 3854 2024 3914; x_wconf 71' lang='grc' dir='ltr'><strong><em>εἶναι</em></strong></span> <span class='ocrx_word' id='word_1_573' title='bbox 2067 3862 2380 3933; x_wconf 79' lang='grc' dir='ltr'><strong><em>νομίζουσι,</em></strong></span> <span class='ocrx_word' id='word_1_574' title='bbox 2442 3864 2535 3916; x_wconf 74' lang='grc' dir='ltr'><strong>καὶ</strong></span> <span class='ocrx_word' id='word_1_575' title='bbox 2580 3862 2777 3918; x_wconf 77' lang='grc' dir='ltr'><strong><em>τούτου</em></strong></span> <span class='ocrx_word' id='word_1_576' title='bbox 2828 3859 3012 3918; x_wconf 74' lang='grc' dir='ltr'><strong><em>εἵνεκα</em></strong></span> <span class='ocrx_word' id='word_1_577' title='bbox 3088 3885 3097 3893; x_wconf 86' lang='grc'><em>·</em></span> 
     </span>
     <span class='ocr_line' id='line_1_97' title="bbox 1882 3919 3011 4001; baseline 0.006 -21"><span class='ocrx_word' id='word_1_578' title='bbox 1882 3926 2234 4000; x_wconf 71' lang='grc' dir='ltr'><strong><em>δοκιμάζουσι</em></strong></span> <span class='ocrx_word' id='word_1_579' title='bbox 2268 3927 2467 3989; x_wconf 66' lang='grc' dir='ltr'><strong><em>αὐτοὺς</em></strong></span> <span class='ocrx_word' id='word_1_580' title='bbox 2502 3919 2675 3986; x_wconf 55' lang='grc' dir='ltr'><strong><em>οἶδε’*</em></strong></span> <span class='ocrx_word' id='word_1_581' title='bbox 2711 3937 3011 4001; x_wconf 73' lang='lat' dir='ltr'><strong>Porphyrius</strong></span> 
     </span>
     <span class='ocr_line' id='line_1_98' title="bbox 1878 3991 3006 4117; baseline 0.004 -69"><span class='ocrx_word' id='word_1_582' title='bbox 1878 3995 2006 4117; x_wconf 52' lang='lat'>21:52</span> <span class='ocrx_word' id='word_1_583' title='bbox 2040 3991 2279 4068; x_wconf 74' lang='grc' dir='ltr'><strong>ἆποχῆς.·</strong></span> <span class='ocrx_word' id='word_1_584' title='bbox 2326 3996 2604 4060; x_wconf 57' lang='lat' dir='ltr'><strong>„Morte</strong></span> <span class='ocrx_word' id='word_1_585' title='bbox 2653 3997 2715 4053; x_wconf 78' lang='grc' dir='ltr'><strong>δὲ</strong></span> <span class='ocrx_word' id='word_1_586' title='bbox 2746 4002 2813 4085; x_wconf 67' lang='grc' dir='ltr'><strong>τῇ</strong></span> <span class='ocrx_word' id='word_1_587' title='bbox 2835 3995 3006 4070; x_wconf 74' lang='grc' dir='ltr'><strong>Ἤρᾳ,</strong></span> 
     </span>
    </p>

    <p class='ocr_par' dir='ltr' id='par_1_16' title="bbox 1874 4061 3012 4758">
     <span class='ocr_line' id='line_1_99' title="bbox 2005 4061 3010 4136; baseline 0.002 -18"><span class='ocrx_word' id='word_1_588' title='bbox 2005 4061 2132 4118; x_wconf 54' lang='lat' dir='ltr'><strong>idox</strong></span> <span class='ocrx_word' id='word_1_589' title='bbox 2198 4063 2394 4127; x_wconf 73' lang='grc' dir='ltr'><strong><em>ἄξοντο</em></strong></span> <span class='ocrx_word' id='word_1_590' title='bbox 2441 4063 2693 4136; x_wconf 73' lang='grc' dir='ltr'><strong><em>καθάπερ</em></strong></span> <span class='ocrx_word' id='word_1_591' title='bbox 2731 4085 2785 4119; x_wconf 84' lang='grc' dir='ltr'><strong>οι</strong></span> <span class='ocrx_word' id='word_1_592' title='bbox 2819 4066 3010 4131; x_wconf 58' lang='lat'><strong>(0³06-</strong></span> 
     </span>
     <span class='ocr_line' id='line_1_100' title="bbox 1878 4130 3012 4206; baseline 0.003 -21"><span class='ocrx_word' id='word_1_593' title='bbox 1878 4150 2040 4202; x_wconf 82' lang='grc' dir='ltr'><strong><em>μενοι</em></strong></span> <span class='ocrx_word' id='word_1_594' title='bbox 2069 4151 2139 4185; x_wconf 76' lang='grc' dir='ltr'><strong>κα</strong></span> <span class='ocrx_word' id='word_1_595' title='bbox 2258 4133 2313 4185; x_wconf 77' lang='grc' dir='ltr'><strong>οἰ</strong></span> <span class='ocrx_word' id='word_1_596' title='bbox 2342 4130 2549 4204; x_wconf 75' lang='grc' dir='ltr'><strong><em>μόσχοι</em></strong></span> <span class='ocrx_word' id='word_1_597' title='bbox 2575 4132 2666 4187; x_wconf 73' lang='grc' dir='ltr'><strong>καὶ</strong></span> <span class='ocrx_word' id='word_1_598' title='bbox 2693 4150 3012 4206; x_wconf 79' lang='grc' dir='ltr'><strong><em>συσφραγι·</em></strong></span> 
     </span>
     <span class='ocr_line' id='line_1_101' title="bbox 1880 4197 3011 4271; baseline 0.004 -19"><span class='ocrx_word' id='word_1_599' title='bbox 1880 4197 2167 4271; x_wconf 53' lang='lat' dir='ltr'><strong>&amp;penest</strong></span> <span class='ocrx_word' id='word_1_600' title='bbox 2214 4207 2367 4270; x_wconf 75' lang='lat' dir='ltr'><strong>Atque</strong></span> <span class='ocrx_word' id='word_1_601' title='bbox 2403 4207 2497 4256; x_wconf 88' lang='lat' dir='ltr'><strong>hoc</strong></span> <span class='ocrx_word' id='word_1_602' title='bbox 2529 4207 2658 4256; x_wconf 84' lang='lat' dir='ltr'><strong>idem</strong></span> <span class='ocrx_word' id='word_1_603' title='bbox 2694 4207 2741 4256; x_wconf 92' lang='lat' dir='ltr'><strong>in</strong></span> <span class='ocrx_word' id='word_1_604' title='bbox 2779 4207 2889 4268; x_wconf 73' lang='lat' dir='ltr'><strong>lege</strong></span> <span class='ocrx_word' id='word_1_605' title='bbox 2912 4207 3011 4257; x_wconf 86' lang='lat' dir='ltr'><strong>ob-</strong></span> 
     </span>
     <span class='ocr_line' id='line_1_102' title="bbox 1879 4272 3011 4330; baseline 0.004 -10"><span class='ocrx_word' id='word_1_606' title='bbox 1879 4272 2176 4330; x_wconf 82' lang='lat' dir='ltr'><strong>servabatur,</strong></span> <span class='ocrx_word' id='word_1_607' title='bbox 2221 4280 2273 4323; x_wconf 85' lang='lat' dir='ltr'><strong>ut</strong></span> <span class='ocrx_word' id='word_1_608' title='bbox 2308 4281 2355 4323; x_wconf 90' lang='lat' dir='ltr'><strong>et</strong></span> <span class='ocrx_word' id='word_1_609' title='bbox 2388 4273 2437 4324; x_wconf 82' lang='lat' dir='ltr'><strong>in</strong></span> <span class='ocrx_word' id='word_1_610' title='bbox 2473 4288 2616 4324; x_wconf 82' lang='lat' dir='ltr'><strong>causa</strong></span> <span class='ocrx_word' id='word_1_611' title='bbox 2653 4273 2744 4325; x_wconf 79' lang='lat' dir='ltr'><strong>ista</strong></span> <span class='ocrx_word' id='word_1_612' title='bbox 2780 4274 3011 4325; x_wconf 81' lang='lat' dir='ltr'><strong>diabolus</strong></span> 
     </span>
     <span class='ocr_line' id='line_1_103' title="bbox 1878 4339 3009 4417; baseline 0.001 -28"><span class='ocrx_word' id='word_1_613' title='bbox 1878 4339 1955 4389; x_wconf 85' lang='lat' dir='ltr'><strong>dei</strong></span> <span class='ocrx_word' id='word_1_614' title='bbox 1993 4340 2341 4417; x_wconf 81' lang='lat' dir='ltr'><strong>dispositiones</strong></span> <span class='ocrx_word' id='word_1_615' title='bbox 2373 4341 2440 4389; x_wconf 89' lang='lat' dir='ltr'><strong>sit</strong></span> <span class='ocrx_word' id='word_1_616' title='bbox 2471 4340 2756 4391; x_wconf 80' lang='lat' dir='ltr'><strong>aemulatus.</strong></span> <span class='ocrx_word' id='word_1_617' title='bbox 2822 4341 2878 4390; x_wconf 84' lang='lat' dir='ltr'><strong>ld</strong></span> <span class='ocrx_word' id='word_1_618' title='bbox 2914 4342 3009 4391; x_wconf 84' lang='lat' dir='ltr'><strong>etsi</strong></span> 
     </span>
     <span class='ocr_line' id='line_1_104' title="bbox 1878 4407 3010 4466; baseline 0.001 -11"><span class='ocrx_word' id='word_1_619' title='bbox 1878 4420 1934 4456; x_wconf 84' lang='lat' dir='ltr'><strong>ex</strong></span> <span class='ocrx_word' id='word_1_620' title='bbox 1971 4407 2108 4456; x_wconf 79' lang='lat' dir='ltr'><strong>libris</strong></span> <span class='ocrx_word' id='word_1_621' title='bbox 2143 4409 2298 4458; x_wconf 83' lang='lat' dir='ltr'><strong>sacris</strong></span> <span class='ocrx_word' id='word_1_622' title='bbox 2333 4415 2501 4458; x_wconf 88' lang='lat' dir='ltr'><strong>notum</strong></span> <span class='ocrx_word' id='word_1_623' title='bbox 2537 4415 2628 4466; x_wconf 87' lang='lat' dir='ltr'><strong>est,</strong></span> <span class='ocrx_word' id='word_1_624' title='bbox 2671 4408 2896 4458; x_wconf 85' lang='lat' dir='ltr'><strong>omittere</strong></span> <span class='ocrx_word' id='word_1_625' title='bbox 2931 4416 3010 4456; x_wconf 84' lang='lat' dir='ltr'><strong>ta·</strong></span> 
     </span>
     <span class='ocr_line' id='line_1_105' title="bbox 1877 4472 3011 4604; baseline -0.002 -14"><span class='ocrx_word' id='word_1_626' title='bbox 1877 4472 2726 4604; x_wconf 60' lang='lat' dir='ltr'><strong>ss2m”‘1’3„5⁰32⁰¹;·,.÷⁶0¹:t:2.‘⁰-m</strong></span> <span class='ocrx_word' id='word_1_627' title='bbox 2785 4475 3011 4589; x_wconf 54' lang='lat'><strong>2322?</strong></span> 
     </span>
     <span class='ocr_line' id='line_1_106' title="bbox 1874 4600 3010 4758; baseline 0.011 -35"><span class='ocrx_word' id='word_1_628' title='bbox 1874 4603 2694 4742; x_wconf 42' lang='lat' dir='ltr'><strong>ineffrenatam&amp;</strong></span> <span class='ocrx_word' id='word_1_629' title='bbox 2724 4600 3010 4758; x_wconf 54' lang='grc' dir='ltr'><strong>ἔερς’..ὲῑ</strong></span> 
     </span>
    </p>
   </div>
  </div>
 </body>
</html>
