3263 5311
2453 414 2530 479 81

185 558 479 623 turnalia⁸
524 558 802 636 Saturni,
858 563 898 595 ¹²
910 569 1121 643 quem·
1174 567 1352 629 etiam
1394 566 1699 631 serviculis
1755 565 1868 631 sub
1921 580 2192 655 tempore
2248 574 2534 640 Saturna-

179 662 322 724 lium
368 662 660 724 celebrari
702 682 950 726 necesse
993 674 1104 728 est.
1169 667 1361 731 Etiam
1406 669 1447 701 ¹³
1460 678 1697 732 strenae
1739 674 2058 751 captandae
2101 682 2161 735 et
2201 676 2535 756 septimon-

176 763 385 837 tium‘,
435 772 495 825 et
537 763 825 826 brumae⁸
867 773 927 826 et
966 786 1136 829 carae
1176 770 1546 848 cognationis
1588 771 1948 833 honoraria*
1991 775 2275 854 exigenda
2316 778 2536 854 omnia,

178 865 382 926 '‘ssore
416 864 663 927 scholae
691 866 1128 943 coronandae³;
1160 869 1200 901 ¹³
1212 868 1537 931 flaminicae
1559 878 1620 931 et
1647 873 1866 935 aediles
1898 875 2228 936 sacrificant
2240 875 2289 950 ¹¹,
2321 878 2534 942 ¹⁸crea-

178 965 252 1028 tis
297 966 515 1027 schola
559 965 889 1028 honoratur
929 969 1114 1031 seriis·
1200 970 1363 1033 Idem
1407 972 1473 1031 fit
1538 972 1734 1033 ¹⁷idoli
1798 974 2011 1049 natali3
2069 975 2263 1037 omnis
2317 978 2537 1042 diaboli

178 1086 401 1148 pompa
452 1068 876 1146 frequentatur.
966 1069 1113 1142 Quis
1169 1069 1315 1132 haec
1356 1080 1694 1150 competere
1740 1073 2075 1137 Christiano
2122 1076 2479 1141 existimabit
2493 1080 2536 1155 ¹,

178 1168 287 1229 nisi
335 1166 448 1247 qui
491 1167 720 1246 putabit
763 1170 1080 1231 convenire
1123 1171 1299 1233 etiam
1343 1191 1465 1233 non
1508 1172 1839 1250 magistro?
1883 1176 2118 1237 Scimus
2162 1176 2276 1238 dici
2319 1197 2534 1257 posse:

181 1268 244 1330 Si
287 1269 520 1329 docere
565 1268 791 1330 litteras
849 1269 943 1330 dei
1000 1271 1199 1355 servis„
1243 1290 1369 1333 non
1422 1271 1592 1345 licet,
1649 1273 1824 1334 etiam
1888 1294 1999 1337 nec
2041 1276 2270 1338 discere
2313 1278 2534 1355 licebit,

180 1377 264 1443 et,
342 1369 675 1449 Quomodo
743 1370 872 1449 quis
928 1370 1390 1433 ¹⁸institueretur
1458 1374 1532 1434 ad
1588 1375 1962 1453 prudentiam
2019 1376 2255 1439 interim
2317 1379 2531 1441 huma-

178 1489 346 1541 nam,
394 1469 495 1529 vel
538 1469 613 1529 ad
658 1469 1138 1551 ¹”quemcumque
1181 1491 1426 1535 sensum
1470 1472 1562 1533 vel
1605 1483 1834 1549 actum,
1900 1496 2033 1539 cum
2077 1477 2534 1543 instrumentum

182 1571 258 1631 sit
296 1571 373 1631 ad
424 1588 668 1630 omnem
724 1569 899 1631 vitam
949 1570 1321 1634 litteratura?
1401 1572 1718 1644 Quomodo
1773 1576 2152 1654 repudiamus
2208 1580 2534 1643 saecularia

180 1672 396 1745 studia,
442 1671 578 1731 sine
623 1669 837 1751 quibus
878 1671 1072 1735 divina
1112 1691 1234 1735 non
1276 1672 1578 1753 possunt?
1663 1674 1977 1739 Videamus
2042 1678 2223 1758 igitur
2262 1680 2533 1743 necessi-

1093 416 1169 460 DB
1212 417 1626 465 monournu.

186 1854 262 1906 12.
296 1871 449 1921 quem
487 1857 635 1904 etiam
673 1856 918 1907 serviculis
953 1872 1054 1922 eqo.
1167 1874 1308 1924 quem
1347 1859 1488 1910 etiam
1526 1861 1748 1910 seri-iculi
1780 1862 1869 1912 ΑΒ.
1989 1877 2112 1928 quae
2146 1864 2288 1915 etiam
2323 1866 2535 1917 servicu-

184 1923 241 1973 lis
282 1926 395 1974 Cob-
527 1923 602 1972 13.
642 1933 866 1973 strenuae
900 1927 952 1976 A.
1021 1933 1247 1977 strenuae
1281 1929 1332 1977 B.
1441 1927 1516 1977 14.
1556 1929 1676 1976 llore
1712 1930 1909 1979 scholae
1947 1930 2022 1981 Ga.
2092 1932 2237 1982 nores
2273 1934 2379 1982 cole
2413 1933 2529 2000 Αφ.

184 1991 349 2040 Florae
389 1990 537 2040 colae
570 1989 671 2053 Αβ.
747 1993 1053 2050 Florescolae
1077 1995 1138 2048 B.
1209 1996 1381 2044 florae
1415 1996 1613 2044 scholae
1650 1998 1694 2045 ὸ.
1815 1997 1892 2046 15.
1931 1998 2249 2061 Flaminica03
2298 2008 2346 2050 et
2380 2002 2535 2052 aedile

184 2061 488 2108 sacrificante
527 2060 602 2108 Fr.
639 2058 814 2109 Iunius.
956 2060 1035 2110 16.
1072 2062 1244 2111 creatis
1291 2063 1459 2112 schola
1496 2065 1540 2113 ὁ.
1646 2064 1925 2113 creatiscola
1969 2066 2019 2115 A.
2127 2067 2446 2116 Gereatiscola
2480 2070 2533 2119 B.

186 2126 341 2243 (ἔξιθι-ἰ
380 2125 560 2255 saiggla
600 2126 677 2176 Ca.
786 2126 865 2177 17.
902 2127 1045 2179 idolis
1069 2130 1146 2180 Fr.
1171 2131 1349 2181 lunius.
1457 2128 1536 2181 18.
1570 2128 1945 2182 institueturlos.
1961 2134 2184 2197 Scaliger.
2271 2134 2345 2186 19.
2363 2149 2533 2200 quem-

287 2209 387 2259 que
516 2227 531 2239 .

248 2328 293 2378 d.
328 2321 645 2392 Saturnalia]
681 2327 980 2393 Interprctor
1013 2332 1327 2382 Saturnalicia

185 2409 401 2455 munera,
440 2396 491 2445 id
532 2396 661 2458 quod
702 2396 793 2445 loci
829 2399 951 2446 ratio
988 2400 1182 2461 flagitat.
1236 2401 1322 2450 Mi-

186 2464 359 2512 nervali
416 2464 551 2511 enim
608 2464 794 2513 muneri
847 2466 1107 2528 opponitur
1154 2468 1323 2517 Satur-

187 2531 308 2581 nale.
356 2531 667 2580 Testimonio
703 2532 828 2580 alter
860 2533 1088 2583 estlocus
1109 2533 1175 2583 De
1196 2534 1323 2596 Fuga

188 2597 232 2646 in
267 2599 521 2647 Pei-secut.
558 2612 665 2661 cap.
706 2598 784 2647 13.
822 2600 1052 2659 „Scilicet
1085 2602 1211 2650 enim
1248 2611 1322 2650 ta-

188 2664 279 2715 lem
326 2681 505 2730 pacem
544 2666 765 2715 Christus
819 2667 877 2717 ad
924 2676 1108 2731 patrem
1156 2683 1323 2731 regre-

190 2733 323 2783 diens
361 2733 606 2782 mandavit
643 2749 668 2781 a
703 2734 933 2784 militibus
953 2751 1039 2799 per
1058 2739 1325 2788 Saturnalia

190 2799 271 2860 sita
318 2804 445 2850 enim
502 2801 678 2850 babent
733 2801 842 2850 libri
880 2804 1043 2866 scripti
1081 2803 1322 2854 Vindobo-

189 2870 351 2918 nensis
386 2876 431 2918 et
475 2868 745 2925 Leidensis.
784 2884 879 2918 non
908 2871 1235 2931 Saturnalicia,
1274 2879 1326 2920 ut

189 2937 321 2998 vulgo
344 2938 392 2986 in
409 2935 709 2984 editionibus
732 2936 923 2997 legitur)
942 2938 1322 2998 redimendam‚⁸‘

188 3004 264 3051 ubi
300 3005 447 3052 etiam
490 3003 807 3052 Saturnalicia
858 3019 1053 3054 munera
1101 3021 1210 3054 esse
1246 3007 1323 3055 in-

188 3071 461 3132 tellegenda
502 3084 646 3119 nemo
670 3085 767 3119 non
803 3071 939 3121 videt.
992 3071 1062 3122 De
1097 3089 1232 3138 quam
1256 3096 1325 3109 —

191 3154 319 3200 quau
368 3153 465 3202 pro
515 3144 800 3203 tam-qnam
844 3153 887 3188 v.
935 3154 1058 3204 quae
1105 3140 1324 3191 adnotavi

192 3219 335 3270 supra
372 3206 435 3254 ad
478 3220 583 3268 cap.
622 3205 669 3254 4.

254 3304 296 3338 e.
316 3283 497 3354 quem]
520 3289 722 3338 Restitui
743 3289 995 3351 genuinam
1020 3290 1326 3354 scripturam,

193 3369 277 3419 pro
336 3372 435 3421 qua
501 3357 584 3419 qui
633 3356 790 3405 locum
846 3372 940 3407 uon
989 3358 1328 3408 intellexeruut

194 3439 303 3486 quse
350 3431 704 3488 reposueruut,
742 3439 912 3487 parum
949 3426 1211 3475 sentientes
1245 3440 1324 3475 re-

192 3493 477 3553 petitionem
524 3490 743 3540 vocabuli
790 3493 1105 3542 Saturnalium
1156 3493 1327 3542 eodem

192 3572 331 3608 sensu
370 3558 526 3620 positi
564 3557 810 3607 ferendam
846 3574 941 3609 non
979 3575 1105 3609 esse.
1172 3561 1327 3609 Serri-

170 3628 316 3676 iulos
352 3625 594 3685 intellege
629 3640 823 3689 pueros,
861 3642 985 3690 quos
1022 3627 1099 3676 bic
1126 3627 1329 3690 opponit

192 3692 285 3742 illis
332 3697 415 3758 qui
458 3693 733 3742 Sinervalia
780 3695 1023 3754 magistris
1057 3695 1328 3743 conferunt.

192 3758 255 3809 De
318 3760 648 3810 Saturnalicia
718 3775 964 3811 servorum
1034 3761 1225 3812 licentia
1285 3776 1326 3810 v.

192 3826 318 3893 Lips.
355 3831 463 3877 Sat.
504 3829 662 3876 Serm.
700 3828 738 3887 Ι,
775 3827 821 3877 2.

254 3897 290 3943 t.
340 3895 502 3943 Etiam
552 3901 745 3943 strenae
797 3895 1059 3958 captandae
1096 3903 1143 3945 et
1176 3894 1328 3956 septi·

193 3957 457 4025 montium]
507 3961 600 4010 Per
651 3964 989 4026 septimontium
1034 3963 1138 4011 sine
1187 3962 1330 4011 dubio

193 4029 494 4090 significatur
531 4043 707 4078 munus
741 4044 893 4092 aeque
929 4046 984 4078 ac
1018 4038 1225 4086 strenae,
1273 4029 1332 4077 de

196 4095 375 4157 quibus
410 4097 459 4144 in
493 4097 665 4156 vulgus
699 4103 908 4155 constat,
945 4098 1184 4158 magistris
1214 4096 1332 4145 mitti

193 4163 418 4220 solitum,
473 4172 516 4211 et
568 4164 762 4226 quidem
819 4164 898 4212 ΙΙΙ.
948 4164 1013 4213 ld.
1063 4163 1334 4224 Decembr.,

195 4227 518 4290 Septimontio
568 4233 712 4280 sesto.
787 4229 859 4279 Cl.
897 4231 956 4279 de
992 4231 1084 4281 boc
1119 4232 1245 4279 Fest.
1285 4244 1331 4292 p.

192 4295 319 4346 340.
382 4296 534 4346 Huell.
593 4300 741 4347 Varro
800 4297 866 4344 De
915 4298 970 4345 1..
1022 4298 1072 4347 1..
1122 4298 1195 4356 Vl,
1251 4296 1331 4346 24.

192 4364 323 4413 Plut.
351 4363 540 4421 Quam.
569 4364 791 4422 Romus
835 4364 970 4412 Nieb.
998 4366 1131 4414 Rom.
1160 4365 1333 4414 Βοιώ.

191 4446 239 4493 p.
278 4431 399 4479 400.
437 4432 512 4482 ed.
547 4448 648 4483 sec.
687 4439 738 4482 et
773 4430 990 4481 Mueller.
1026 4433 1086 4482 ad
1122 4432 1250 4480 Fest.
1286 4446 1332 4495 p.

191 4499 293 4548 338
334 4498 489 4558 (149).

254 4581 309 4628 g.
358 4574 407 4614 et
448 4563 678 4633 brumae]
734 4565 796 4614 Et
846 4564 1074 4614 credibile
1123 4572 1197 4614 est
1243 4564 1336 4614 boc

190 4633 269 4682 die
308 4634 537 4686 missitata
574 4637 738 4685 ruisse
776 4646 995 4691 munera,
1031 4647 1153 4697 quae
1188 4645 1335 4694 syno-

257 4718 576 4767 ‘l'nruttunt
605 4732 718 4766 on.
747 4725 1042 4761 amoenus.
1110 4715 1236 4761 Toni.
1259 4715 1295 4760 1.

1408 2332 1498 2383 dus
1534 2331 1762 2383 Trullana
1800 2348 1903 2384 can.
1926 2333 2009 2384 62.
2045 2342 2180 2385 vocat
2213 2329 2534 2403 βρουμάλια.

1406 2401 1492 2461 (La
1529 2401 1721 2459 Cerda.)
1755 2402 1836 2454 ,Ex
1886 2402 2053 2465 synodi
2091 2403 2345 2454 Trullanae
2380 2405 2538 2456 verbis

1407 2468 1526 2517 nihil
1564 2469 1725 2530 colligi
1763 2477 1921 2532 potest
1957 2470 2015 2518 de
2044 2473 2339 2532 muneribus,
2376 2473 2461 2521 sed
2483 2486 2540 2523 ex

1408 2534 1516 2584 loco
1553 2536 1847 2586 Tertulliani.
1901 2537 2033 2585 lllins
2068 2539 2207 2586 verba
2245 2548 2357 2588 sunt
2392 2533 2538 2617 ζ,Τὰς

1385 2593 1550 2649 ὀὕτω
1609 2598 1902 2669 λεγομένας
1950 2597 2266 2661 Καλάνδας,
2325 2618 2416 2654 και
2467 2600 2538 2655 τὰ

1405 2662 1670 2735 λεγόμενα
1729 2666 1892 2734 βοτὰ,
1957 2666 2047 2720 καὶ
2105 2670 2174 2720 τὰ
2232 2669 2538 2739 καλούμενα
2575 2679 2580 2684 “

1405 2739 1442 2801 β
1457 2752 1487 2804 ρ
1504 2752 1532 2785 ο
1549 2754 1578 2785 υ
1589 2754 1634 2803 μ
1650 2732 1724 2785 ci).
1740 2753 1759 2787 t
1773 2754 1807 2786 α
1871 2738 2291 2806 περιαιρεθῆναι
2344 2734 2538 2804 ,Βουλό-

1405 2805 1622 2871 μεθα.“
1660 2807 1730 2855 Ct'.
1763 2807 1832 2855 Du
1864 2807 2024 2867 Cangii
2049 2809 2208 2855 GlosS.
2229 2808 2347 2857 Med.
2367 2810 2538 2858 Graec.

1409 2871 1635 2986 οἳὲῖἳῖὃ.
1674 2879 1721 2922 et
1752 2873 1968 2936 Appeud.
2007 2871 2198 2922 col.44.
2237 2889 2350 2923 voce
2367 2875 2540 2941 Βρον-

1520 2953 1591 2988 ια.

1404 2953 1447 3005 μ
1477 3006 1523 3054 b.
1562 3014 1608 3055 et
1646 3019 1784 3054 carae
1814 3004 2113 3065 cognationis
2137 3003 2418 3070 honoraria]
2456 3008 2538 3057 lu·

1407 3073 1592 3134 tellegit
1640 3086 1837 3121 munera
1876 3072 2254 3134 charistiorum,
2307 3073 2386 3139 qui
2436 3075 2541 3125 dies

1410 3141 1563 3189 festus
1591 3140 1716 3188 inter
1750 3138 1919 3187 charas
1954 3139 2110 3196 stites‚
2147 3140 2194 3189 id
2232 3147 2304 3190 est
2340 3150 2540 3203 agnatos

1411 3207 1716 3269 superstites,
1775 3205 1964 3254 solebat
2017 3206 2182 3267 agitari
2240 3207 2293 3256 x.
2341 3209 2540 3261 Kalend.

1409 3275 1601 3325 Martias
1628 3287 1795 3322 mense
1817 3273 2077 3322 Februario
2103 3277 2311 3338 peractis
2339 3277 2539 3327 februis.

1411 3343 1506 3401 (Fr.
1548 3340 1750 3400 lunius.)
1815 3341 1886 3391 Cl'.
1925 3340 2089 3390 Stucb.
2124 3344 2314 3405 Antiqn.
2352 3344 2540 3394 Convir.

1411 3410 1449 3468 1,
1486 3408 1568 3459 33.
1642 3409 1708 3456 De
1745 3405 1996 3457 Charistiis
2044 3423 2084 3458 v.
2134 3408 2266 3458 ovid.
2314 3411 2441 3460 Fast.
2479 3411 2541 3471 ll,

1410 3476 1536 3593 fui
1550 3475 1753 3591 ngtial.
1781 3475 1942 3539 Epigr.
1968 3474 2048 3537 lx,
2076 3475 2157 3526 55.
2183 3475 2336 3527 Valet.
2356 3478 2540 3529 Maxim.

1436 3545 1473 3606 l,
1544 3580 1558 3603 ,
1631 3579 1645 3591 .

1480 3611 1510 3659 i.
1551 3611 1672 3659 nore
1705 3608 1903 3659 scholae
1941 3606 2268 3674 coronandae]
2299 3607 2357 3661 ln
2384 3611 2540 3662 bono-

1408 3692 1516 3728 rem
1567 3691 1737 3726 eorum
1785 3676 1972 3726 dierum
2007 3678 2241 3727 festorum
2276 3693 2368 3742 pro
2406 3694 2543 3729 more

1411 3744 1677 3807 gentilium.

1480 3812 1525 3862 k.
1575 3811 1866 3860 Flaminicao
1915 3818 1964 3860 ct
2013 3810 2195 3860 aediles
2246 3806 2546 3877 sacrificant]

1415 3879 1532 3929 Cum
1569 3879 1859 3927 flaminicae
1893 3886 1941 3927 et
1974 3878 2154 3927 aediles
2189 3879 2476 3927 sacrificant.

1484 3961 1519 4011 1.
1581 3962 1698 4019 Quis
1759 3962 1880 4011 haec
1936 3969 2210 4024 competere
2272 3962 2545 4012 Christiano

1415 4024 1725 4092 existimabit]
1764 4029 1863 4077 lloc
1900 4038 1972 4076 est
1999 4029 2127 4078 omni
2149 4029 2419 4078 Christiano
2449 4038 2545 4078 tam

1417 4095 1655 4159 discipulo
1692 4110 1833 4158 quam
1872 4096 2116 4157 magistro.
2186 4097 2256 4146 Ait
2299 4097 2423 4145 euim
2461 4110 2546 4144 ex·

1418 4165 1574 4213 cusari
1615 4178 1761 4226 posse
1796 4163 2103 4224 discipulum,
2142 4163 2215 4211 cui
2255 4178 2453 4212 necesse
2473 4170 2546 4212 est

1417 4230 1603 4279 discere
1642 4231 1825 4279 litteras
1872 4230 1931 4278 ab
1970 4230 2160 4278 ethnico
2201 4231 2444 4291 magistro,
2498 4237 2549 4278 at

1419 4296 1534 4346 ferri
1581 4313 1678 4347 non
1726 4311 1872 4360 posse
1911 4296 2263 4356 Christianum,
2319 4298 2399 4360 qui
2436 4304 2548 4360 post

1419 4366 1561 4413 fidem
1596 4366 1787 4413 Christo
1825 4365 1982 4412 datam
2020 4365 2099 4411 nat
2139 4364 2465 4424 ludimagister
2500 4369 2550 4411 et

1420 4431 1604 4480 litteras
1653 4433 1824 4480 doceat
1877 4431 2060 4479 crebris
2103 4437 2353 4493 poetarum
2404 4444 2545 4493 prae-

1421 4498 1725 4556 lectionibus,
1748 4498 1986 4546 idolorum
2011 4497 2400 4560 inquinamentis,
2423 4509 2548 4559 quae

1419 4567 1628 4629 probare
1677 4575 1833 4615 tamen
1882 4565 2095 4614 sidentur
2145 4562 2414 4613 enarrando
2463 4575 2550 4611 ex-

1420 4633 1760 4699 plicandaque.
1797 4631 2009 4694 (Rigalt.)
