3263 5311
1292 409 1775 453 sponoe-errent.
2576 390 2701 457 215

352 558 673 625 Christiani
715 557 1154 639 ”prementum
1198 568 1260 621 et
1302 577 1378 621 an
1421 560 1500 622 ita
1533 558 1867 621 credendus
1895 558 1937 591 ⁷⁸
1954 558 2387 639 colendusque,
2432 568 2500 621 nt
2531 560 2704 635 tides,

350 671 417 725 nt
458 660 773 740 disciplina
815 659 1108 740 disposita
1148 668 1242 722 est
1270 660 1758 723 Christianorum.
1824 658 2090 722 ”Dicent
2130 659 2418 721 ibidem*:
2463 659 2539 721 Et
2566 661 2702 740 quis

347 764 445 827 iile
489 761 765 826 Christus
808 780 944 824 cnm
987 780 1094 825 sua
1137 760 1378 824 fabula?
1423 762 1474 823 si
1519 761 1701 823 homo
1746 761 2080 823 communis
2124 760 2530 823 conditionis?
2593 752 2704 825 '‘si

347 862 609 945 magus?
673 863 785 925 ⁷⁷si
825 871 969 942 post
1009 870 1264 939 mortem
1308 861 1383 924 de
1425 862 1741 942 sepulchro
1786 881 1819 922 a
1864 861 2169 941 discipulis
2212 860 2580 943 subreptus?
2651 860 2704 926 si

349 967 568 1031 ”nunc
610 963 866 1044 denique
908 981 1095 1043 penes
1139 962 1413 1025 inferos?
1486 963 1537 1024 si
1579 982 1704 1026 non
1757 963 1820 1029 in
1876 962 2051 1025 caelis
2093 962 2382 1044 ⁷'’potius‚
2452 962 2512 1024 et
2564 964 2705 1026 inde

349 1075 635 1130 venturus
680 1082 815 1127 cnm
859 1064 1047 1126 totius
1090 1064 1294 1126 mundi
1340 1072 1539 1138 motu,
1583 1065 1774 1140 ⁸⁰cum
1821 1063 1984 1125 orbis
2026 1064 2312 1135 horrore,
2359 1082 2494 1126 cnm
2528 1065 2701 1145 plan-

356 1176 455 1231 ctu
496 1166 794 1240 omnium,
838 1166 879 1198 ⁸¹
897 1165 1004 1227 sed
1049 1157 1172 1227 n'on
1201 1164 1707 1239 Christianorum,
1752 1173 1819 1228 ut
1862 1165 1958 1228 dei
2003 1164 2188 1227 virtus
2233 1173 2292 1227 et
2332 1165 2427 1227 dei
2457 1165 2703 1246 spiritns

354 1268 471 1331 ⁸‘et
509 1284 711 1331 sermo
757 1274 820 1328 et
862 1266 1151 1347 sapientia
1195 1275 1255 1329 et
1294 1267 1446 1329 ratio
1493 1274 1551 1328 et
1580 1268 1676 1329 dei
1705 1265 1910 1329 filins?
1976 1265 2443 1345 ¹''Quodcunqne
2470 1265 2705 1342 ridetis3

348 1369 584 1432 rideant
626 1376 688 1429 et
725 1367 809 1430 illi
851 1367 1194 1444 vobiscnm3
1239 1376 1458 1447 negent
1499 1368 1799 1431 Christum
1845 1386 2082 1430 omnem
2111 1366 2245 1428 ”ab
2271 1385 2417 1429 aevo
2447 1364 2702 1431 animam

348 1471 631 1532 restituto
677 1487 929 1549 corpore
970 1468 1391 1542 iudicaturum,
1438 1468 1639 1531 dicant
1679 1469 1795 1531 hoc
1820 1468 1987 1549 ⁸“pro
2031 1468 2338 1542 tribunali,
2383 1469 2437 1531 si
2467 1469 2702 1543 sortem

349 1570 612 1633 Minoem
656 1576 717 1632 et
755 1569 1262 1635 Rhadamanthum
1310 1570 1636 1633 secundum
1682 1587 2046 1631 consensum
2080 1567 2342 1631 Platonis
2387 1576 2447 1631 et
2487 1575 2699 1648 poeta-
2738 1566 2751 1581 '

350 1691 490 1734 rum
530 1671 702 1733 ¹'‘hoc
744 1688 883 1732 esse
939 1670 1221 1745 sortitos;
1284 1689 1427 1733 snae
1469 1670 1514 1703 ⁸⁷
1525 1671 1721 1733 saltim
1775 1670 2136 1750 ignominiae
2194 1678 2257 1731 et
2308 1668 2703 1732 damnationis

353 1782 559 1835 notam
601 1772 876 1834 refutent.
962 1770 1378 1834 ”Renuntiant
1419 1790 1487 1834 se
1530 1771 1869 1834 immundos
1915 1771 2161 1851 spiritus
2206 1789 2375 1845 esse,
2421 1771 2581 1850 quod
2610 1769 2705 1833 vel

350 1893 424 1937 ex
465 1872 698 1953 pabulis
742 1892 982 1945 eornm,
1049 1872 1334 1952 sanguine
1392 1880 1452 1934 et
1505 1873 1668 1934 flumo
1726 1881 1785 1934 et
1840 1872 2119 1951 ”putidis
2174 1872 2340 1952 rogis
2395 1889 2700 1952 pecorum,

347 1974 468 2037 “tet
509 1973 992 2054 impuratissimis
1038 1972 1254 2053 linguis
1297 1973 1566 2054 ipsorum
1595 1981 1795 2035 vatum
1824 1972 2082 2051 intellegi
2117 1972 2348 2035 debuit:
2393 1972 2706 2035 ”renuant

350 2075 425 2138 oh
469 2074 756 2137 malitiam
797 2075 1253 2155 praedamnatos
1307 2074 1433 2135 ”se
1477 2074 1537 2134 in
1581 2073 1834 2136 eundem
1879 2073 2078 2135 iudicii
2123 2074 2281 2135 diem
2324 2092 2458 2134 cnm
2503 2074 2704 2136 omni-

346 2176 461 2239 bns
505 2174 836 2239 cultoribus
880 2174 998 2236 ¹¹'et
1042 2174 1489 2256 operationibus
1534 2175 1685 2237 suis.
1750 2174 2020 2255 ⁹¹Atqnin
2066 2174 2263 2236 omnis
2306 2173 2453 2236 haec
2494 2181 2704 2237 nostra

346 2277 468 2338 “in
509 2276 646 2338 illos
690 2276 1015 2338 dominatio
1061 2284 1119 2337 et
1158 2282 1426 2355 potestas
1469 2264 2321 2353 ⁹⁵¹’denominatione,Christi
2352 2275 2544 2337 valet*
2584 2273 2702 2336 ⁹⁸et

350 2377 427 2439 de
470 2376 1032 2440 commemoratione
1077 2395 1286 2438 eorum
1329 2394 1479 2456 qnae
1524 2374 1640 2437 sibi
1685 2396 1717 2438 a
1760 2377 1873 2438 deo
1915 2395 2027 2456 per
2068 2375 2355 2438 arbitrum
2400 2376 2701 2438 Christum

347 2478 717 2541 imminentia
763 2486 1124 2558 exspectant.
1193 2477 1490 2540 Christum
1537 2477 1815 2538 timentes
1861 2477 1920 2538 in
1965 2477 2079 2539 deo
2123 2485 2184 2539 et
2225 2460 2400 2538 deum
2432 2476 2493 2538 iu
2525 2476 2700 2538 Chri·

346 2588 446 2668 sto
493 2579 923 2642 ”subiciuntur
968 2578 1159 2640 servis
1204 2578 1298 2639 dei
1345 2586 1404 2639 et
1448 2576 1688 2639 Christi.
1776 2578 1864 2639 Ita
1907 2578 1983 2640 de
2025 2585 2298 2640 contactu
2360 2577 2551 2660 deque
2609 2579 2700 2643 af-

345 2731 432 2783 73.
467 2734 757 2798 profitentur
791 2735 843 2785 F.
952 2731 1033 2786 74.
1072 2731 1402 2796 colendusque
1421 2741 1470 2781 et
1490 2731 1610 2781 fides
1633 2727 1677 2778 λ.
1754 2731 2083 2795 colendusque
2120 2739 2194 2782 est
2230 2739 2280 2780 nt
2314 2730 2434 2782 tides
2470 2732 2524 2780 D.
2618 2731 2701 2780 75.

347 2800 521 2849 Dicent
553 2800 759 2851 ibidem:
814 2809 861 2850 et
908 2800 1017 2863 quis
1064 2801 1129 2859 (et
1167 2800 1281 2864 quid
1317 2798 1457 2864 Αφ.)
1505 2797 1794 2861 ΑβΒΠΕΓθ.
1835 2799 1982 2849 Oxou.
2029 2800 2218 2849 vindob.
2254 2797 2429 2864 Erfurt.
2533 2796 2703 2850 Dicent

350 2867 558 2917 ibidem:
594 2868 757 2931 ecquis
793 2871 951 2920 coede.
1023 2866 1191 2916 Dicant
1227 2867 1433 2915 ibidem:
1472 2866 1637 2930 ecquis
1671 2869 1707 2929 s.
1779 2866 2048 2915 dicentibus
2086 2866 2226 2914 nobis
2264 2865 2388 2913 idem
2427 2873 2475 2914 et
2513 2864 2621 2928 quis
2647 2857 2694 2911 λ.

351 2933 441 2984 76.
489 2934 532 2982 si
566 2948 732 3012 magne
771 2937 820 2987 G.
926 2935 966 2984 si
1005 2947 1205 2995 magnus
1243 2934 1334 2984 DE.
1373 2934 1545 2996 Erfurt.
1631 2947 1721 2981 nec
1767 2946 1935 2993 magus
1976 2933 2123 2981 Oxou.
2240 2931 2322 2980 77.
2360 2932 2400 2979 si
2440 2938 2552 2994 post
2587 2946 2719 2990 ern-2

353 3015 465 3052 cem
499 2996 547 3046 λ.
586 3002 771 3053 Emere.
905 3000 987 3051 78.
1026 2997 1234 3051 hanel.
1307 3013 1314 3016 ·
1366 3000 1447 3050 79.
1485 3001 1620 3049 ocius
1655 2994 1702 3046 λ.
1743 3000 1932 3049 Have-re.
2061 2997 2144 3048 80.
2182 3012 2292 3048 cum
2328 2997 2461 3047 orbis
2498 2999 2703 3048 horrore

344 3063 551 3122 ABEGA.
603 3067 781 3120 Vindob.
817 3071 992 3134 Erfurt.
1099 3082 1205 3118 cum
1244 3063 1464 3117 boi-roris
1502 3068 1706 3117 horrore
1741 3067 1792 3116 F.
1900 3079 2007 3115 cum
2056 3065 2260 3114 horrore
2312 3065 2445 3115 orbis
2481 3065 2702 3130 Dabedes.

345 3135 431 3200 81.
470 3135 514 3184 si
551 3150 648 3184 non
682 3138 835 3188 Dde.
875 3139 1109 3186 Gor-siens.
1215 3149 1311 3185 non
1349 3151 1393 3184 α.
1531 3132 1614 3184 82.
1652 3141 1703 3182 ut
1739 3133 1890 3191 ratio,
1939 3139 1992 3181 ut
2037 3133 2114 3182 dei
2161 3131 2291 3182 filius
2328 3138 2377 3181 et
2410 3132 2486 3182 dei
2524 3135 2706 3182 omnia.

344 3203 682 3267 Quodcunque
716 3199 762 3251 λ.
884 3202 965 3255 83.
1005 3203 1142 3262 Quod
1181 3217 1288 3252 cum
1326 3206 1399 3253 ab.
1491 3209 1801 3265 quotcunque
1842 3201 2033 3250 vindob.
2116 3199 2199 3250 Pro
2237 3199 2427 3249 rideant
2459 3202 2510 3249 in
2547 3200 2596 3250 G.
2633 3204 2741 3264 est·

343 3271 523 3321 rident.
629 3271 715 3321 84.
750 3270 905 3320 abebo
941 3271 993 3320 Β.
1078 3269 1265 3321 habebo
1300 3271 1390 3321 AG.
1473 3270 1532 3318 ab
1570 3283 1628 3317 eo
1665 3269 1716 3318 F.
1838 3266 1917 3316 85.
1956 3282 2046 3330 pro
2083 3281 2171 3318 om.
2206 3261 2252 3313 λ.
2362 3265 2444 3317 86.
2483 3263 2576 3316 hbe
2610 3283 2699 3316 om.

341 3333 410 3403 λῙ.
445 3339 639 3389 Haverc.
745 3338 828 3389 87.
864 3338 1024 3388 saltim
1060 3337 1185 3387 ABE.
1223 3337 1396 3401 Ersare.
1499 3333 1583 3386 88.
1621 3335 1911 3384 Renuntiaut
1944 3334 2110 3386 Aoos.
2138 3335 2328 3385 Vindob.
2355 3335 2700 3398 OzomErfurt.

341 3406 637 3456 Renuntient
671 3406 907 3457 FGabcde.
978 3405 1197 3455 Renuaut
1229 3399 1294 3468 λῙ.
1335 3405 1525 3455 flavere.
1642 3401 1724 3452 89.
1761 3402 1940 3466 putidis
1976 3402 2124 3464 rogiis
2159 3402 2246 3451 AB.
2329 3400 2533 3465 putridis
2568 3401 2705 3462 rogis

349 3473 543 3523 vindob.
649 3472 732 3524 90.
769 3481 817 3523 et
852 3471 1192 3538 impurissimis
1230 3489 1269 3522 c.
1341 3471 1733 3535 impuratissimis
1765 3466 1866 3532 Αβ.
1976 3468 2059 3519 91.
2097 3476 2335 3519 rennuunt
2368 3466 2465 3532 Ap.
2508 3469 2702 3519 Vindob.

343 3540 588 3590 renudant
622 3542 676 3591 Ε.
711 3556 772 3590 οη.
809 3556 900 3592 sec.
987 3541 1233 3589 remittant
1271 3540 1320 3588 G.
1390 3540 1474 3594 Pro
1511 3537 1676 3587 debuit
1711 3539 1760 3586 iu
1797 3537 1868 3587 ed.
1907 3542 2004 3587 erat
2040 3536 2286 3596 debuerit,
2335 3542 2378 3586 et
2421 3551 2507 3601 pro
2543 3544 2707 3586 vatum

343 3609 398 3657 in
428 3608 482 3658 F.
525 3608 717 3659 vindob.
751 3609 920 3657 fatum.
1026 3606 1107 3656 92.
1147 3621 1201 3654 se
1237 3605 1441 3654 eundem
1479 3604 1640 3655 dicere
1674 3606 1726 3654 F.
1797 3618 1852 3654 se
1887 3603 2094 3653 eundem
2130 3603 2259 3652 diem
2300 3603 2492 3652 Vindob-
2562 3615 2617 3651 se
2651 3604 2703 3652 in

344 3675 556 3724 eundem
592 3674 720 3725 diem
759 3676 809 3727 G.
937 3673 1021 3724 93.
1058 3681 1107 3724 et
1143 3672 1505 3736 operationibus
1537 3672 1799 3723 ABDEGac.
1843 3671 2033 3722 Vindob.
2071 3670 2247 3734 Erfurt.
2308 3669 2485 3720 Omittit
2517 3669 2570 3718 F.
2654 3674 2704 3717 et

345 3741 691 3805 operatoribus
727 3744 849 3806 fides.
887 3742 1076 3792 flavere.
1114 3741 1304 3791 Pamelii
1338 3740 1516 3803 aliquot
1551 3740 1663 3789 litori
1697 3745 1739 3787 et
1777 3739 2011 3788 Gor-siens.
2135 3735 2220 3786 94.
2254 3736 2426 3800 Atquin
2461 3734 2702 3785 ABDEGd.

344 3809 522 3871 ἕστατε.
567 3809 757 3860 Vindob.
827 3810 965 3873 Atqui
1000 3810 1184 3873 Felices.
1219 3807 1410 3857 Hatera.
1525 3805 1607 3856 95.
1646 3806 1696 3855 in
1732 3804 1830 3854 illis
1869 3806 1978 3856 ὃσα.
2114 3803 2240 3853 951).
2278 3802 2338 3852 de
2375 3801 2704 3851 nominatione

342 3875 577 3939 strodes.
600 3877 790 3927 Vindob-
818 3877 967 3927 Oaeom
1039 3874 1429 3926 denominatione
1447 3873 1502 3923 Ε.
1515 3873 1692 3937 Erfurt.
1764 3872 1823 3922 de
1846 3871 2174 3921 dominatione
2195 3864 2241 3917 λ.
2316 3868 2642 3920 dominatione
2655 3884 2703 3920 a.

344 3943 408 3992 de
445 3943 642 3992 nomine
677 3945 722 3994 b.
761 3945 994 3995 Gor-zicus.
1100 3941 1181 3993 96.
1222 3950 1269 3991 et
1302 3941 1364 3991 de
1399 3939 1774 3991 comminatione
1811 3955 1855 3988 a.
1927 3946 1975 3988 et
2010 3937 2470 3987 commemoratione
2507 3937 2558 3987 G.
2613 3936 2704 3988 Pro

345 4024 526 4085 eorum·
552 4010 606 4061 F.
641 4012 777 4061 habet
811 4012 1046 4075 ipsorum.
1151 4008 1234 4060 97.
1269 4009 1571 4073 proiciuntur
1605 4006 1658 4057 F.
1692 4022 1754 4056 m.
1785 4021 1858 4071 pr.
1929 4005 2227 4071 proicientur
2260 4004 2312 4053 F.
2346 4019 2408 4054 m.
2445 4019 2537 4054 sec.

414 4158 456 4192 v.
494 4137 700 4207 ibidem]
735 4143 807 4193 Cf.
835 4144 999 4196 adnot.
1033 4143 1104 4193 De
1118 4142 1248 4206 Fuga
1284 4143 1332 4193 in
1355 4142 1472 4193 Per-
1575 4140 1705 4205 quit,
1754 4140 1970 4191 subiecta
2018 4146 2133 4189 sunt
2163 4139 2343 4189 omnia.
2410 4138 2472 4189 Et
2503 4151 2593 4203 pro
2631 4143 2706 4188 tet·

341 4218 500 4261 secut.
538 4210 710 4275 ειμι.
1575 4208 1671 4257 hoc
1704 4207 1867 4258 ludaei
1916 4220 2070 4272 usqne
2118 4220 2249 4256 nunc
2282 4206 2374 4256 bac
2413 4207 2520 4270 ipsa
2555 4220 2581 4255 a
2618 4218 2703 4255 vo-

413 4326 473 4360 π.
509 4311 553 4361 si
586 4306 738 4378 rom]
776 4311 849 4362 cr.
885 4311 1049 4364 aanor.
1085 4311 1145 4361 aa
1180 4309 1249 4362 ne
1284 4309 1475 4362 Corona
1575 4270 2704 4402 ffissffufifvff⁰g¹ffij⁸lfffiffiss⁸ffssfflssffissfissffi

341 4378 522 4443 “9’5‘
1575 4423 1752 4459 nomen
1806 4409 2019 4459 auditum
2073 4408 2207 4470 fugat
2259 4407 2429 4457 noxios
2484 4405 2704 4469 spiritus,

410 4493 456 4528 x.
495 4477 556 4532 de
587 4478 924 4530 nominatione
959 4479 1139 4529 Christi
1173 4471 1321 4543 valet]
1375 4478 1475 4527 No·
1577 4475 1784 4540 imponit
1817 4476 2063 4526 silentium
2087 4474 2309 4524 vatibus“
2329 4480 2437 4523 cett.
2475 4471 2702 4521 Prudent-

339 4545 510 4597 ubilis
557 4555 635 4597 est
683 4547 731 4597 iu
782 4547 908 4596 hanc
954 4546 1238 4596 senteutiam
1288 4545 1474 4595 irenaei
1579 4543 1841 4606 Apotheos.
1878 4559 1919 4593 v.
1945 4541 2046 4592 438
2083 4556 2190 4606 sqq.
2247 4542 2443 4602 Gregor.
2481 4535 2704 4588 Nazianz-

340 4613 484 4664 locus
519 4616 582 4678 ll,
620 4613 671 4665 5.
709 4612 938 4676 „Domini
973 4614 1126 4663 nostri
1161 4613 1363 4674 nomini,
1399 4612 1475 4662 in·
1580 4610 1739 4660 Carm.
1778 4610 1859 4659 61.
2318 4635 2325 4640 ·
