3263 5311
1177 465 1249 504 ne
1296 465 1707 506 srscrmzums.
1993 475 2019 496 ο
2525 450 2606 510 53

261 619 414 699 quod
459 618 593 678 alibi
640 619 887 677 bonum.
959 614 1095 674 7Sic
1139 632 1279 689 ergo
1325 613 1537 686 evenit,
1583 613 1685 698 ⁸ut
1726 610 1827 690 qui
1871 610 1930 670 in
1975 611 2209 689 publico
2254 610 2347 670 vix
2392 630 2605 672 ueces-

261 722 430 781 sitate
472 720 706 779 vesicae
754 717 1009 778 tunicam
1055 716 1225 786 levet,
1271 713 1426 774 idem
1474 714 1533 774 in
1579 713 1737 773 circo
1784 710 1952 772 aliter
1994 731 2115 772 non
2160 712 2400 782 ”exuam
2450 711 2606 772 nisib

261 831 446 883 totum
491 819 789 900 pudorem
831 818 892 878 in
937 818 1144 877 faciem
1190 815 1454 876 omnium
1500 814 1838 874 ¹⁰intentet:
1887 812 2005 872 ''ut
2049 821 2108 871 et
2150 814 2249 890 qui
2295 811 2445 870 tiliae
2482 812 2603 872 vir-

259 923 410 1000 ginis
455 921 582 981 ¹²ab
630 918 793 978 omni
842 935 1059 995 spurco
1105 917 1286 978 verbo
1332 935 1507 976 aures
1554 922 1782 987 tuetur,
1857 913 1987 993 ipse
2034 933 2047 972 ι

257 1023 325 1083 ad
371 1023 503 1082 illas
550 1039 728 1080 voces
773 1018 1372 1096 gesticulationesque
1419 1016 1696 1078 deducat:
1773 1023 1833 1075 et
1899 1014 1999 1092 qui

258 1143 432 1184 mauu
477 1127 749 1199 agentem
795 1125 895 1178 aut
939 1119 1264 1198 compescit
1307 1127 1408 1178 aut
1450 1118 1796 1189 detestatur,
1842 1114 2000 1175 idem

259 1225 421 1284 ribus
465 1220 680 1301 pugnis
729 1221 1074 1297 suffragium
1117 1222 1295 1280 serat:
1344 1225 1404 1280 et
1447 1219 1545 1298 qui
1592 1218 1664 1278 ad
1710 1216 1957 1277 cadaver
1999 1216 2047 1275 h«

259 1326 382 1403 lege
431 1322 691 1384 defuncti
735 1323 1032 1391 exhorret,
1080 1321 1237 1381 idem
1282 1320 1342 1381 in
1385 1319 1818 1399 amphitheatro
1865 1317 2044 1377 deros

260 1426 314 1487 in
360 1444 472 1485 suo
521 1423 807 1502 sanguine
854 1421 1180 1501 squalentia
1246 1440 1499 1501 corpora
1555 1419 2009 1499 patientissimis

263 1525 640 1586 ¹³incumbat:
714 1523 894 1583 immo
940 1521 1040 1602 qui
1083 1529 1329 1602 propter
1383 1522 1711 1584 homicidae
1778 1538 2032 1599 poenam

263 1626 659 1705 spectaculum
726 1624 948 1696 veniat,
1023 1623 1182 1683 idem
1256 1622 1641 1700 gladiatorem
1697 1622 1768 1683 ad
1821 1620 2047 1682 homici

264 1728 433 1806 ringis
482 1724 896 1805 ¹⁸compellat‘¹
940 1725 1214 1789 invitum:
1263 1730 1323 1784 et
1365 1723 1466 1803 qui
1511 1722 1821 1800 insigniori
1867 1721 2079 1800 cuique
2108 1720 2439 1781 homicidae
2470 1719 2600 1779 leo-

260 1849 388 1891 nem
454 1827 672 1908 poscit,
740 1824 973 1885 ¹⁵idem.
1015 1824 1319 1902 gladiatori
1389 1824 1571 1884 atroci
1648 1824 1863 1902 ¹⁶petat
1924 1821 2136 1883 rudem
2208 1829 2269 1881 et
2330 1821 2369 1852 ¹⁷
2382 1819 2603 1898 pileum

262 1931 641 2010 ''praemium
683 1927 1002 1998 conserat‘,
1049 1925 1212 1985 illum
1255 1940 1396 1986 vero
1442 1925 1774 1985 consectum
1820 1923 2049 1984 ¹⁰etiam
2081 1922 2203 1982 oris
2237 1917 2608 2001 spectacutof

256 2040 504 2111 repetat,
550 2030 830 2090 libentius
877 2044 1314 2103 recognoscens
1361 2025 1434 2084 de
1478 2024 1751 2103 proximo
1795 2023 2026 2101 ²¹'quem
2092 2019 2277 2082 voluit
2333 2021 2603 2083 occidere

256 2133 327 2193 de
372 2132 724 2209 longinquo,
771 2135 933 2190 tanto
980 2126 1204 2199 durior,
1251 2127 1290 2158 ²¹
1308 2126 1361 2186 si
1405 2143 1526 2184 non
1571 2122 1820 2183 voluitss.

425 2232 586 2304 Quid
631 2221 894 2291 mirum?
950 2228 1291 2307 ¹inaequata
1363 2227 1479 2286 ista
1532 2224 1842 2285 hominum
1884 2221 2261 2284 miscentium
2308 2200 2368 2281 e‘t¹
2432 2239 2598 2280 com-
2621 2232 2709 2284 cnr·
2756 2228 2878 2272 X-W-

256 2332 609 2395 mutantium
655 2337 869 2390 statum
915 2328 1058 2389 boni
1103 2336 1162 2389 et
1203 2327 1374 2388 'mali
1418 2345 1527 2406 per
1572 2325 2025 2385 inconstantiam
2072 2340 2290 2383 sensus
2333 2329 2393 2381 et
2446 2320 2601 2379 iudi-

256 2436 322 2495 cii
369 2433 777 2494 ³varietatem.
867 2428 1099 2490 Etenim
1142 2428 1294 2507 ⁴ipsi
1337 2428 1645 2489 ⁵auctorcs
1693 2434 1751 2487 et
1808 2424 2320 2486 administratores
2368 2429 2602 2500 specta-

257 2537 527 2597 culorum
572 2531 1001 2614 quadrigarios,
1052 2530 1343 2600 scenicoS‚
1389 2528 1672 2608 xysticos‚
1720 2525 2058 2588 arenarios·
2104 2523 2239 2584 illos
2283 2522 2603 2584 c’amantis-

260 2708 304 2756 t.
336 2707 416 2756 Sic
451 2704 625 2756 ACDE.
697 2703 747 2752 Si
783 2702 835 2751 B.

263 2783 320 2824 tet
352 2776 544 2837 reliqui.

269 2910 335 2959 15.
371 2912 414 2959 id
460 2915 540 2956 est
576 2906 827 2969 gladiatori
863 2907 914 2953 A.

262 2979 529 3041 praemium
566 2976 785 3023 conserat
819 2989 907 3021 orn.
943 2972 994 3021 Ε.

261 3043 526 3107 spectaculi
564 3043 653 3091 Ios.
694 3042 913 3101 Scatiqer.

264 3114 464 3162 Ursinus.

387 3197 514 3259 Cap.
551 3192 697 3242 xxii.-
768 3191 822 3239 1.«
842 3192 907 3238 ‘de
945 3190 1193 3251 inaequata
1231 3189 1283 3237 D.

262 3280 341 3326 per
375 3266 614 3312 innotans
651 3273 823 3308 sensus
858 3256 969 3321 Αφ.

264 3348 332 3380 res
367 3332 447 3382 BC.

261 3405 313 3462 p<
336 3398 413 3449 39.

323 3518 369 3564 b.
420 3515 574 3565 aliter
620 3526 718 3559 non
765 3517 919 3567 exuat,
959 3504 1076 3572 nisi]
1133 3507 1223 3564 Qui
1261 3512 1388 3553 extra

266 3585 431 3632 circum
468 3583 532 3630 ad
581 3578 928 3627 exonerandam
964 3577 1170 3623 vesicam
1207 3574 1276 3622 vix
1304 3587 1388 3619 au-

265 3652 334 3699 det
369 3653 413 3700 in
452 3646 662 3713 publico
699 3646 856 3694 levare
893 3643 1127 3698 tunicam,
1186 3640 1232 3688 in
1263 3641 1391 3688 circo

264 3720 370 3765 nitu!
419 3723 568 3766 curat
618 3714 678 3761 de
711 3714 803 3761 hoc
840 3711 1052 3773 pudore,
1108 3707 1193 3756 sed
1230 3721 1391 3755 coram

264 3785 478 3833 omnibus
512 3784 730 3832 vesicam
767 3785 993 3827 exonerat
1034 3783 1079 3824 et
1114 3783 1264 3823 totum
1304 3788 1394 3837 pu-

266 3852 420 3900 dorem
474 3853 522 3899 in
582 3865 666 3897 ora
709 3846 922 3895 omnium
955 3845 1168 3892 intentat.
1229 3842 1296 3889 Cf.
1335 3841 1393 3888 de

269 3919 351 3967 hoe
386 3920 494 3967 loco
535 3921 687 3966 etiam
723 3915 777 3964 F.
815 3913 908 3961 tos.
951 3911 1052 3959 Em.
1091 3909 1289 3958 Miniana
1330 3907 1396 3954 De

272 3986 465 4035 Theatro
504 3987 729 4046 Sagunt„
767 3981 815 4030 in
855 3978 1017 4028 Poleni
1055 3976 1223 4040 Suppl.
1255 3976 1396 4023 Thes.

277 4054 447 4115 Amiqo.
495 4060 617 4101 tom.
657 4050 708 4110 V,
759 4062 807 4110 p.
847 4045 959 4094 431.
1032 4044 1250 4104 ‚‚Exuat“
1290 4055 1398 4090 cave

280 4131 334 4164 ne
365 4121 518 4168 mbas
554 4120 618 4168 ad
657 4116 887 4171 tunicam,
926 4127 1031 4161 cum
1070 4112 1305 4174 pertineat
1342 4108 1400 4156 ad

279 4185 484 4234 vesicam.
555 4180 879 4245 ‚‚Putlorem“
914 4195 1004 4243 pro
1040 4177 1277 4241 pudendis
1312 4190 1401 4237 po-

274 4252 368 4299 suit
403 4253 663 4315 Septimius
710 4251 856 4298 etiam
894 4248 960 4295 De
999 4244 1170 4305 Urgia.
1210 4242 1401 4291 Velaud.

272 4331 373 4381 cap.
414 4320 487 4368 11.
543 4321 687 4379 „tam
739 4323 789 4365 et
835 4328 922 4362 vox
967 4313 1263 4362 obsolefacta
1312 4316 1404 4368 est,

268 4393 313 4433 et
371 4388 590 4437 membra
658 4382 898 4447 completa
957 4389 1096 4439 sunt,
1160 4388 1206 4427 et
1253 4378 1405 4441 pudor

264 4455 431 4565 ἶίιὺίιμιιει
462 4455 688 4511 vestitur,
722 4455 997 4506 *nenses
1025 4446 1200 4498 tributa
1220 4445 1413 4510 alopen-3

296 4527 392 4567 unt.
884 4535 890 4540 ·

328 4634 370 4667 c.
439 4619 673 4680 desuper
730 4609 993 4678 incumbat]
1058 4612 1128 4662 De
1177 4609 1405 4674 gradibus

265 4684 597 4735 intentissimo
639 4681 803 4752 animo
840 4687 1037 4744 spectet.
1081 4680 1147 4727 De
1167 4683 1406 4727 structura

656 2770 735 2818 10.
773 2771 972 2818 intentet
1006 2769 1170 2818 BCDE.
1240 2767 1441 2816 intendit
1475 2769 1635 2830 Aqu.

264 2844 316 2891 ab
350 2842 487 2891 omni
525 2840 750 2888 scaenico
791 2840 854 2897 (ἡ.
896 2853 934 2886 e.
973 2834 1203 2895 obsceno)
1240 2837 1383 2883 verbo
1420 2832 1515 2896 Αβ.

1006 2904 1079 2952 16.
1118 2911 1249 2966 petat
1285 2903 1451 2951 BCDE.

1107 2971 1181 3019 19.
1220 2971 1363 3018 etiam
1414 2969 1511 3016 oris
1561 2964 1839 3028 spectaculo
1877 2964 1928 3010 E.
1965 2961 2194 3010 Latinius.
2268 2958 2409 3004 etiam
2449 2969 2615 3002 amore

1007 3039 1146 3087 etiam
1185 3037 1364 3086 amoris
1402 3034 1681 3094 spectaculo
1714 3029 1878 3079 ABCD.

578 3109 661 3158 21.
697 3108 738 3157 si
778 3123 873 3155 non
909 3105 1054 3155 voluit
1090 3106 1176 3154 ΑΕ.
1249 3106 1289 3151 si
1329 3102 1481 3150 noluit
1514 3100 1642 3149 BCD.
1713 3098 1752 3144 si
1791 3095 1938 3142 voluit
1972 3094 2102 3142 Fulv.
2142 3092 2350 3138 Ursinus.

1381 3184 1426 3233 2.
1466 3185 1576 3232 manli
1618 3196 1705 3243 per
1742 3180 1964 3226 innotans
2001 3189 2175 3224 sensus
2211 3170 2306 3235 Afl.
2384 3170 2496 3219 mali
2533 3184 2616 3218 su-

566 3327 616 3377 6.
654 3326 976 3376 amatissimos
1011 3256 1140 3374 faie.
1168 3262 1391 3371 vigilia?
1430 3254 1817 3368 Dementissimos
1851 3312 2037 3378 Lipsius
2074 3310 2135 3360 ad
2170 3309 2313 3358 Taciti
2338 3308 2450 3355 Arm.
2477 3305 2513 3365 1,
2536 3303 2617 3352 77.

939 2701 985 2750 8.
1023 2709 1073 2749 ut
1109 2701 1215 2763 quis
1251 2667 1361 2749 Aa*
1441 2700 1488 2762 9,.
1528 2706 1667 2748 exuat
1701 2699 1831 2749 Fulv.
1874 2698 2080 2745 Ursinus.
2151 2700 2288 2742 exuet
2317 2693 2403 2741 AB.
2476 2690 2608 2738 exul-

1746 2765 1824 2813 11.
1865 2772 1914 2811 ut
1951 2763 2096 2811 etAB.
2167 2769 2213 2808 et
2248 2761 2432 2821 reliqui.
2532 2755 2610 2804 12.

2166 2826 2244 2874 14.
2283 2823 2612 2936 compellitlg.

1665 2831 1743 2880 13.
1782 2832 1974 2879 incubat
2008 2828 2056 2877 A.

1520 2906 1684 2963 sperat
1718 2899 1878 2957 Aqu.
1986 2894 2064 2941 17.
2102 2892 2301 2954 pilleum
2338 2890 2424 2939 AB.

1996 3026 2078 3074 20.
2116 3038 2257 3088 quem
2297 3022 2450 3070 noluit
2485 3023 2613 3071 Futv.

1588 3250 1635 3299 4.
1675 3249 1780 3309 ipso
1801 3249 1851 3295 A.
1958 3244 2004 3293 5.
2041 3240 2410 3290 auctoresADE.
2483 3244 2615 3285 acto-

1492 3503 1616 3551 verbi
1657 3500 1913 3549 incumbere
1948 3513 1988 3546 v.
2009 3495 2181 3553 But-m.
2218 3492 2275 3541 ad
2302 3492 2491 3541 Petron.
2528 3489 2616 3537 Sa-

1491 3577 1578 3632 tyr.
1617 3581 1721 3630 cap.
1760 3566 1841 3614 31.

1562 3637 1606 3684 d.
1658 3634 1859 3693 flagellis
1908 3639 1955 3680 et
1988 3628 2131 3688 virgis
2168 3621 2448 3687 compellat]
2501 3621 2620 3670 ntu-

1494 3710 1614 3753 strat
1647 3702 1837 3763 Lipsius
1857 3700 2048 3747 Satura.
2070 3696 2225 3742 Serm.
2251 3693 2310 3752 ll,
2348 3692 2397 3739 5.
2433 3705 2480 3752 p.
2504 3687 2621 3738 981.

1497 3771 1570 3819 ed.
1609 3769 1763 3816 Vesal.

1565 3852 1606 3883 e.
1664 3841 1794 3897 petat
1838 3831 2006 3880 rudem
2057 3834 2105 3876 et
2139 3826 2318 3889 pileum
2358 3822 2621 3886 praemium

1498 3898 1738 3965 conserat]
1804 3899 1950 3947 Rudis
2010 3903 2056 3942 et
2106 3893 2262 3956 pileus
2322 3898 2433 3938 sunt
2490 3888 2626 3946 signa

1501 3968 1753 4020 libertatis.
1800 3966 1851 4013 V.
1887 3962 2094 4012 Turneb.
2145 3960 2334 4007 Advers.
2373 3956 2507 4010 xvtt,
2544 3953 2623 4002 33.

1585 4035 1702 4086 626.
1762 4033 1890 4094 Lips.
1929 4032 2119 4078 Saturn.
2158 4027 2311 4074 Serm.
2353 4023 2411 4082 ΙΙ,
2449 4021 2530 4069 23.
2580 4036 2624 4082 p.

1500 4103 1616 4155 981.
1669 4103 1743 4150 ed.
1783 4098 1935 4146 vesal.
1972 4096 2042 4142 W.
2083 4110 2108 4141 a
2144 4094 2277 4141 Loon
2317 4091 2382 4138 ne
2421 4088 2626 4135 Manum.

1502 4172 1574 4231 w,
1613 4170 1661 4219 3.
1700 4170 1929 4228 interpr-r.
1968 4161 2025 4209 ad
2048 4161 2212 4209 Horat.
2242 4158 2390 4219 Epist.
2431 4156 2465 4212 Ι,
2506 4155 2551 4211 1,
2580 4152 2628 4200 2.

1573 4241 1605 4286 l'.
1644 4238 1783 4284 etiam
1823 4231 1921 4280 oris
1945 4221 2259 4291 spectaculo]
2303 4225 2361 4272 Ut
2396 4224 2537 4270 etiam
2573 4232 2629 4265 os

1505 4313 1551 4355 et
1570 4304 1748 4353 vultum
1773 4298 2030 4363 expirantis
2056 4294 2228 4343 intueri
2261 4291 2384 4339 velit.
2420 4283 2633 4346 (Rigalt.)

1574 4386 1618 4433 g.
1667 4370 1706 4418 si
1737 4382 1840 4428 ‚uon
1877 4358 2047 4426 voluit]
2095 4362 2145 4409 Si
2182 4374 2276 4407 non
2315 4356 2461 4405 voluit
2496 4352 2632 4400 illum

1506 4436 1659 4488 occidi
1696 4452 1720 4484 a
1758 4435 1916 4491 leone,
1954 4430 2040 4478 sed
2075 4434 2258 4477 tanturn
2286 4421 2453 4472 contlci
2481 4430 2634 4491 usque

1507 4507 1564 4555 ad
1615 4511 1835 4553 mortem.
1906 4499 2034 4546 llaec
2073 4495 2199 4543 enim
2238 4492 2391 4538 maior
2424 4483 2632 4535 saevitia.

1575 4605 1691 4665 Cap.
1722 4600 1864 4650 ΧΧΙΙ.
1922 4612 1964 4645 a.
2015 4584 2286 4653 arenarios]
2337 4586 2410 4635 Cl'.
2446 4580 2638 4643 Lipsius

1508 4672 1576 4720 De
1611 4667 1851 4730 Amphith.
1890 4678 1993 4725 cap.
2026 4660 2072 4708 3.
2111 4674 2159 4719 p.
2200 4652 2345 4703 1004.
2388 4650 2455 4700 etl
2483 4648 2635 4695 Vesal.
