3263 5311
706 1370 2230 1531 PRAEFATIO.

468 1870 652 1960 Inter
670 1898 918 1961 Latinos
942 1899 1169 1962 Veteris
1190 1900 1492 1965 Ecclesiae
1512 1902 1721 1965 Patres
1744 1921 2001 1983 quorum
2029 1902 2317 1984 ampliora
2339 1903 2645 1968 doctrinae

288 2008 687 2062 monumenta
713 2000 949 2063 saecula
996 2010 1204 2064 nostra
1243 2003 1577 2082 adtigeram
1619 2004 1847 2077 nullus,
1895 2004 1950 2066 si
1991 2005 2179 2079 forte,
2224 2004 2644 2067 recensebatur

289 2120 469 2181 quem
514 2100 841 2163 indefessis
887 2109 949 2163 et
988 2100 1218 2164 iteratis
1262 2103 1421 2165 curis
1478 2105 1914 2167 retractandum
1979 2103 2168 2183 magis
2224 2105 2639 2167 commendas-

290 2212 430 2265 sent
474 2211 540 2264 et
579 2202 843 2264 nominis
889 2201 1141 2282 dignitas
1188 2211 1248 2264 et
1276 2203 1578 2267 doctrinae
1619 2205 1875 2285 gravitas
1920 2212 1982 2267 et
2022 2204 2322 2269 sermonis
2365 2215 2483 2267 tam
2526 2224 2637 2268 na-

290 2305 409 2365 tiva
450 2303 769 2366 difficultas
813 2320 988 2382 qnam
1030 2303 1209 2365 foeda
1252 2303 1543 2368 librorum
1573 2324 1684 2387 per
1710 2305 2008 2368 incuriosa
2037 2305 2267 2368 saecula
2297 2306 2638 2385 depravatio

289 2422 471 2485 quam
511 2402 959 2466 Tertullianum.
1047 2403 1442 2467 Elaborarunt
1483 2407 1544 2468 in
1589 2406 1702 2469 hac
1741 2413 1909 2486 parte
1952 2406 2142 2468 felicis
2187 2414 2246 2469 et
2286 2406 2638 2469 immortalis

288 2505 621 2567 memoriae
674 2503 786 2565 viri
838 2504 1055 2567 Beatus
1100 2505 1456 2580 Rhenanus,
1518 2507 1953 2587 -Sigismundus
1999 2507 2308 2582 Gelenius,
2374 2507 2637 2569 Joannes

288 2605 671 2686 Gangneius,
714 2604 967 2668 lacobus
996 2604 1326 2682 Pamelius,
1370 2606 1624 2671 Iacobus
1656 2608 2086 2685 Gothofredus‚
2131 2608 2480 2671 Desiderius
2509 2608 2635 2671 He-

284 2707 529 2781 raldns,
575 2707 855 2770 Claudius
900 2707 1258 2781 Salmasius,
1303 2695 1639 2772 Ludo‘vicus
1669 2710 1742 2772 de
1775 2709 1831 2772 la
1861 2709 2078 2783 Cerda,
2124 2709 2400 2773 Nicolaus
2431 2710 2635 2790 Rigal-
2735 2780 2745 2788 ,

284 2809 445 2882 tius,
487 2808 828 2870 Ludovicus
856 2808 990 2870 Ant.
1024 2809 1413 2884 Muratorius,
1460 2809 1590 2884 alii,
1639 2811 1692 2871 si
1735 2828 1859 2872 non
1903 2828 2112 2871 omnes
2143 2829 2276 2872 cum
2303 2812 2434 2890 pari
2462 2809 2633 2873 laho-

284 2928 424 2971 rnm
470 2918 536 2971 et
576 2909 798 2988 ingenii
840 2910 1063 2983 fructu,
1111 2917 1368 2972 attamen
1413 2927 1535 2971 non
1579 2910 1711 2972 sine
1755 2927 1899 2972 suae
1942 2909 2197 2988 quisque
2241 2928 2458 2990 operae
2502 2910 2633 2970 sin-

282 3010 479 3089 gulari
533 3009 711 3071 laude
774 3028 845 3071 ac
904 3001 1141 3073 merito.
1250 3000 1326 3073 Et
1392 3028 1654 3089 sequens
1726 3018 1889 3071 aetas
1945 3008 2220 3070 nonnihil
2272 3008 2633 3071 Tertulliano

283 3110 560 3185 favebat,
635 3129 989 3190 quamquam
1031 3112 1117 3189 lo.
1160 3105 1276 3174 Sal.
1323 3110 1577 3173 Semleri
1647 3117 1710 3172 et
1764 3109 1902 3172 Chr.
1949 3108 2192 3171 Godofr.
2249 3109 2512 3172 Schiitzii
2576 3118 2638 3173 et

277 3211 664 3291 quorundam
708 3211 959 3274 aliorum
1001 3210 1475 3292 interpolatrices
1516 3211 1717 3292 potius
1748 3229 1922 3292 quam
1953 3210 2384 3273 emendatrices
2419 3229 2631 3274 manus

276 3313 357 3376 ab
418 3313 580 3375 illins
640 3312 880 3392 scriptis
936 3313 1155 3375 melius
1211 3314 1453 3375 omnino
1511 3312 1973 3386 abstinuissent,
2049 3320 2110 3373 et
2164 3311 2450 3375 decennio
2506 3312 2633 3375 sere

280 3414 508 3476 abhinc
562 3413 713 3474 duae
765 3413 1049 3493 prodiere
1103 3414 1449 3476 Tertulliani
1507 3431 1756 3493 operum
1810 3429 1999 3474 novae
2055 3412 2376 3486 editione5‚
2413 3420 2429 3440 '
2450 3412 2635 3476 altera

276 3513 531 3595 Lipsiae
606 3532 678 3576 ex
764 3513 1000 3576 officina
1066 3512 1394 3578 Bernhardi
1458 3514 1811 3587 Tauchnitz,
1896 3513 2079 3576 altera
2146 3512 2394 3577 Parisiis
2475 3513 2633 3593 apud

276 3615 514 3695 Migne,
604 3632 739 3676 cum
823 3615 1119 3676 adnotatis
1190 3615 1518 3689 variorum,
1603 3631 1854 3694 quarum
1934 3616 2036 3696 qui
2105 3613 2371 3695 priorem
2452 3632 2629 3676 accu-

274 3717 464 3789 ravit,
541 3714 615 3777 Ε.
675 3715 744 3777 F.
805 3715 1106 3796 Leopold‚
1189 3715 1308 3778 hoc
1372 3723 1530 3777 certe
1604 3715 1927 3797 praestitit,
2008 3722 2076 3777 ut
2143 3713 2331 3775 libros
2400 3732 2627 3794 nuper-

274 3817 432 3880 rime
496 3816 893 3896 interpolatos
948 3815 1020 3878 ad
1086 3816 1320 3897 Rigaltii
1373 3816 1806 3897 meliorumque
1860 3824 2124 3878 veterum
2180 3814 2476 3876 editorum
2529 3814 2625 3875 iu-

272 3918 507 3980 dicium
580 3918 952 3992 emendaret,
1023 3918 1142 3980 hoc
1214 3918 1387 3979 etiam
1454 3917 1665 3980 melius
1718 3917 1793 3979 de
1854 3934 1967 3979 suo
2026 3915 2319 3996 scriptore
2375 3915 2628 3976 meritu-

274 4037 418 4093 rus,
487 4019 541 4080 si
602 4020 799 4080 fontes
863 4026 924 4080 et
976 4017 1356 4080 auctoritates
1410 4018 1649 4081 illorum
1700 4016 2036 4096 diligentius
2093 4016 2463 4078 examinasse
2505 4032 2630 4076 non

271 4120 665 4199 neglexisset.
767 4117 886 4180 Sed
949 4119 1144 4180 maior
1198 4118 1308 4182 sub
1361 4118 1521 4181 idem
1576 4127 1813 4199 tempus
1871 4117 2200 4198 expectatio
2257 4114 2626 4189 movebatur,

266 4238 419 4281 cum
462 4221 618 4282 tama
656 4219 1172 4300 percrebresceret
1213 4227 1274 4282 et
1315 4220 1470 4300 apud
1511 4219 1732 4298 Anglos
1784 4219 1981 4299 parari
2023 4214 2625 4280 novamaTertulliani

267 4337 537 4400 operum
578 4320 925 4395 editionem,
971 4329 1032 4383 et
1072 4320 1135 4382 in
1177 4320 1544 4383 nostratibus
1589 4320 1768 4382 terris
1812 4319 1972 4382 idem
2003 4317 2201 4381 moliri
2226 4315 2293 4378 G.
2316 4317 2382 4378 F.
2413 4315 2624 4378 Hilde-

264 4420 602 4496 hrandum‚
645 4431 966 4502 postquam
1006 4420 1276 4502 publicis,
1301 4421 1573 4506 pecuniis
1616 4420 1853 4483 adiutus
1895 4417 2336 4482 parisiensibus
2381 4425 2441 4479 et
2480 4416 2624 4477 Lei-

266 4521 567 4584 densihus
613 4531 677 4585 et
710 4517 1277 4585 'vindobonensihus
1319 4505 1696 4584 bibliothecis
1757 4520 2131 4601 perlustratis
2175 4518 2378 4600 operis
2424 4506 2625 4578 susci-‘-

265 4623 477 4702 piendi
517 4623 637 4688 sihi
680 4630 1029 4705 apparatum
1069 4630 1492 4704 comparasset.

2284 4715 2318 4749 ᾳ
