3263 5311
1084 423 1161 465 an
1204 396 1441 467 uxousar
1486 423 1602 466 un.
1633 425 1698 467 ιι.
2427 415 2548 479 691

219 573 415 650 cent⁶,
482 583 550 634 ut
602 571 849 635 illudat
896 570 1237 635 huimmodi
1294 573 1571 647 feminis,
1636 592 1884 655 quarum
1947 595 2155 642 areana
2211 580 2272 641 iu
2313 582 2553 660 purim-

216 678 341 740 lum
404 674 566 756 quod
612 673 880 736 credunt
930 673 972 706 '¹
988 682 1323 748 reservent,
1400 674 1454 736 si
1516 675 1673 737 forte
1744 676 2116 755 laedantur·‚
2181 679 2557 760 ”sustinone

218 795 470 860 quarum
513 774 685 838 dotes
726 773 1116 837 ”obiectione
1157 775 1418 839 nominis
1460 775 1800 839 mercedem
1841 778 2058 843 silentii
2110 779 2357 855 faciant,
2433 784 2555 846 sci-

219 880 358 944 licet
408 876 565 959 apud
606 876 893 939 arbitrum
946 876 1377 958 speculatorem
1420 877 1724 958 litigaturi.
1795 877 1970 953 Quod
2020 881 2387 962 ”pleraeque
2429 903 2552 947 non

220 980 604 1064 providentes
670 977 829 1040 ”aut
889 996 957 1040 re
1014 977 1371 1046 excruciata¹
1432 988 1536 1042 aut
1596 980 1714 1074 fide
1777 979 2066 1060 ²‘'perdita
2126 1000 2556 1062 recognoscere

220 1089 679 1145 consueverunt.

296 1195 303 1208 ·
392 1183 654 1245 Moratur
697 1181 791 1242 dei
835 1180 1042 1292 anfilla
1083 1200 1216 1243 cum
1263 1180 1595 1244 ¹laboribus
1639 1182 1902 1258 anonim,
1948 1192 2009 1245 et
2049 1184 2205 1247 inter
2244 1184 2380 1248 illos
2415 1205 2550 1248 om·

222 1337 305 1387 21.
341 1344 584 1386 reservent
615 1338 699 1386 Aa.
781 1342 969 1385 servent
1015 1335 1200 1399 reliqui.

1316 1333 1397 1384 22.
1450 1336 1700 1388 Sustinent
1743 1339 1828 1389 Ad.
1911 1337 2020 1402 ipsi.
2075 1337 2324 1387 Sustinent
2366 1339 2553 1404 reliqui.

220 1404 304 1455 23.
339 1405 608 1454 obiectione
642 1403 982 1463 (obiectionem
1017 1402 1164 1462 BCD.)
1198 1403 1406 1452 nominis
1453 1404 1666 1456 Benace.
1752 1405 2052 1456 subiectione
2099 1405 2308 1456 nominis
2345 1408 2390 1456 d.
2462 1407 2553 1457 ob-

222 1473 475 1524 tectionem
512 1472 689 1521 domini
727 1476 778 1521 A.

894 1468 974 1519 24.
1027 1470 1288 1535 pleraeque
1336 1472 1469 1522 obed.
1550 1472 1772 1538 plerique
1817 1473 1982 1523 ABCD.

2087 1471 2169 1523 25.
2218 1488 2334 1522 aure
2383 1488 2551 1524 excru—

222 1541 335 1590 tiata
368 1542 418 1591 A.
505 1538 588 1590 26.
625 1538 809 1603 perdita
845 1552 1195 1601 recognoscere
1222 1549 1572 1590 consueverunt
1605 1543 1653 1590 d.
1723 1541 1885 1605 perdit
1917 1554 2183 1603 recognose
2219 1555 2272 1589 re
2296 1541 2552 1603 (recogno-

222 1624 358 1660 scere
392 1605 511 1670 Αβ.)
548 1613 896 1658 consueverunt
928 1607 980 1656 A.
1046 1614 1357 1656 recesserunt
1390 1608 1520 1657 Fulv.
1558 1609 1763 1659 Ursinus.
1841 1615 2187 1659 recensuerunt
2221 1607 2433 1660 BCDobc.

358 1676 476 1740 Cap.
511 1675 584 1726 vl.
659 1675 701 1724 1.
738 1673 986 1724 laboribus
1018 1675 1102 1724 Aa.
1174 1672 1353 1724 laribus
1386 1677 1571 1740 reliqui.

222 1811 524 1878 paratissima
561 1818 707 1870 esset,
755 1809 897 1859 iidem
934 1809 1126 1859 Christo
1162 1808 1337 1858 dictam

225 1880 444 1945 perdere,
482 1877 551 1928 vel
588 1878 766 1928 dotem.
820 1878 923 1927 Hoc
958 1877 1155 1926 omnino
1192 1876 1339 1927 voluit

223 1948 563 1998 Tertullianus.
651 1946 712 1995 lis
759 1953 916 1994 autem
952 1944 1138 1994 verbis:
1190 1945 1249 1994 Et
1295 1946 1339 1994 si

223 2017 407 2067 scit-erit
438 2027 616 2079 ponem,
652 2029 747 2063 non
777 2014 913 2063 alm
946 2014 1091 2063 credit
1126 2027 1226 2061 esse
1258 2014 1339 2076 qui

221 2086 408 2142 dieitur,
461 2089 623 2131 uotam
657 2080 981 2143 interrogandi
1018 2080 1213 2129 minime
1248 2094 1336 2144 ap-

224 2151 494 2216 ponendam
533 2150 613 2214 qui
645 2149 931 2208 existimant,
968 2147 1226 2208 falluntur-3
1264 2153 1337 2195 et-

220 2220 350 2269 enim
389 2227 624 2268 commata
662 2231 784 2281 quae
810 2215 1096 2265 antecedunt
1118 2227 1338 2278 quaeque

220 2294 489 2352 sequuntur
524 2286 828 2349 apertissimo
856 2297 1002 2333 sensu
1026 2284 1337 2343 interrogant.

222 2356 386 2419 ltaque
418 2354 516 2402 illic
534 2354 678 2403 etiam
706 2353 967 2413 interrogat
985 2348 1337 2400 Tertullianus:

225 2429 290 2473 Au
348 2436 459 2471 vero
515 2421 673 2470 simile
730 2420 944 2470 rideatur
999 2417 1338 2476 Christianam,

222 2505 344 2555 quae
381 2489 547 2551 gentili
584 2489 763 2552 nupsit,
813 2488 1033 2551 mysteria
1069 2485 1337 2535 Christiana

223 2558 380 2608 celare
417 2558 488 2606 sic
524 2570 687 2621 posse,
724 2563 791 2616 ut,
845 2569 952 2604 cum
1002 2553 1336 2603 eucharistiam

222 2626 353 2678 domi
390 2625 613 2686 servabit,
650 2623 735 2674 ille
763 2638 858 2674 non
887 2622 1096 2687 inquirat
1130 2620 1242 2687 quid
1280 2620 1337 2670 ab

223 2710 279 2745 ea
328 2694 555 2757 religiose
606 2687 863 2741 servetur?
942 2691 999 2740 Et
1044 2691 1085 2740 si
1150 2688 1339 2739 sciverit

225 2777 416 2827 panem,
466 2763 512 2811 in
580 2761 633 2818 it,
692 2775 850 2809 nonne
901 2758 1051 2808 credit
1085 2771 1194 2807 eum
1230 2772 1340 2806 esse

223 2832 305 2895 qui
342 2830 548 2880 dicitur.
616 2828 664 2878 id
711 2835 784 2877 est
830 2840 972 2891 quem
1009 2825 1176 2889 vulgus
1212 2826 1337 2875 iul'a-

229 2905 341 2947 mat.
375 2896 585 2960 (Rigalt.)

300 2966 346 3015 d.
383 2959 644 3028 inculcent]
691 2962 760 3012 De
809 2962 901 3011 boc
945 2961 1090 3010 verbo
1139 2976 1177 3009 v.
1216 2973 1338 3024 quae

226 3033 451 3083 adnotata
486 3039 598 3081 sunt
633 3031 692 3080 ad
729 3030 973 3094 Scorpiac.
1013 3043 1118 3092 cap.
1139 3026 1185 3077 6.

300 3117 342 3151 e.
379 3113 577 3165 quarum
614 3113 788 3149 arcana
823 3099 872 3147 in
905 3096 1172 3161 periculum
1211 3093 1337 3159 quod

225 3169 430 3220 credunt
478 3174 747 3225 reservent,
807 3166 848 3214 si
896 3165 1021 3214 forte
1068 3159 1341 3226 laedantur]

226 3238 435 3288 Uxorum
473 3250 645 3285 arcana
703 3234 819 3283 dicit
853 3232 980 3297 quod
1020 3245 1191 3281 uxores
1226 3245 1340 3279 suas

224 3305 512 3356 Christianis
564 3303 717 3353 sacris
770 3307 1027 3365 operantes
1080 3313 1175 3349 non
1223 3312 1340 3363 pro-

222 3374 356 3423 dant.
428 3373 603 3421 Earum
638 3371 783 3432 igitur
822 3382 1007 3418 arcana
1043 3367 1201 3416 mariti
1235 3367 1342 3416 etb-

227 3442 323 3491 nici
361 3441 407 3490 in
442 3438 709 3504 periculum
758 3436 887 3500 quod
936 3435 1136 3486 credunt
1180 3448 1342 3484 reser—

224 3517 352 3565 vant,
391 3509 482 3558 boc
518 3513 591 3556 est
627 3507 673 3555 in
710 3503 979 3569 periculum
1000 3503 1128 3567 quod
1160 3502 1343 3552 nomini

220 3576 499 3627 Christiano
550 3575 801 3623 imminere
846 3572 1063 3629 credunt,
1110 3584 1343 3634 persecu-

218 3647 374 3704 tione,
423 3651 474 3692 ut
506 3649 719 3707 sperant,
756 3654 998 3697 exarsura,
1035 3639 1096 3688 ita
1143 3645 1197 3686 ut
1230 3645 1344 3687 tunc

220 3713 461 3776 temporis
480 3723 562 3759 eas
587 3710 809 3774 prodant,
845 3707 887 3757 si
921 3720 1014 3770 qua
1050 3706 1177 3754 forte
1200 3705 1341 3754 animi

220 3781 417 3830 laesura
455 3778 565 3828 inde
602 3784 830 3840 concepta
867 3774 1127 3839 perniciem
1165 3773 1235 3822 eis
1260 3786 1341 3822 ex-

221 3856 411 3911 optent.
461 3846 671 3908 (Rigalt.)
754 3845 925 3893 Parum
973 3842 1068 3891 sibi
1117 3849 1343 3891 constans

222 3923 333 3966 erat
370 3915 598 3976 Rigaltius
645 3913 900 3977 perieulum
944 3909 1063 3959 illud
1111 3909 1158 3958 iu
1211 3908 1344 3974 quod

222 3989 473 4035 reservent
532 3981 687 4030 mariti
740 3994 912 4028 arcana
968 3990 1166 4026 uxorum
1216 3986 1344 4026 nunc

222 4053 290 4101 de
327 4049 548 4100 adulterii
602 4047 731 4112 quod
776 4047 869 4096 sibi
922 4052 1134 4095 metuant
1178 4043 1340 4109 suspi-

184 4161 205 4178 ,
220 4120 384 4177 cioue,
421 4132 547 4167 nunc
564 4116 623 4165 de
644 4115 979 4179 persecutione
996 4111 1179 4163 nomini
1201 4112 1342 4162 Cbri-

222 4188 385 4237 stiano
423 4185 699 4234 imminente
725 4184 1061 4246 interpretans.
1108 4180 1207 4230 Nec
1226 4180 1341 4229 mibi

222 4268 440 4319 uuquam
477 4251 801 4316 persuaserim
840 4262 1043 4299 uxorum
1070 4262 1241 4297 arcana
1266 4247 1344 4297 bic

222 4323 323 4373 dici
360 4320 489 4386 quod
522 4332 701 4370 uxores
736 4332 850 4368 suas
874 4316 1156 4367 Christianis
1192 4315 1343 4365 sacris

220 4396 490 4457 operantes
526 4387 683 4437 mariti
732 4400 826 4435 uon
862 4385 1085 4450 prodant.
1154 4383 1346 4434 Dixerat

221 4456 556 4508 Tertullianus
604 4468 800 4505 uxorem
848 4451 1075 4503 lectulum
1123 4457 1347 4519 suum-et

219 4524 575 4590 corpusculum
610 4520 857 4586 signaculo
894 4520 1049 4570 crucis
1076 4520 1344 4581 signantem

224 4600 312 4643 aut
347 4606 436 4658 per
471 4598 661 4641 noctem
707 4590 769 4640 ad
804 4587 1039 4639 orandum
1082 4598 1344 4648 exsurgen-

224 4670 326 4712 tem
365 4667 447 4711 aut
481 4658 597 4724 quid
630 4659 756 4710 sacri
803 4656 942 4722 panis
990 4661 1099 4706 ante
1146 4667 1345 4707 coenam

1438 1817 1708 1871 gustantem
1761 1809 1912 1859 latere
1967 1810 2187 1861 maritum
2244 1825 2340 1861 non
2386 1825 2553 1876 posse,

1438 1891 1528 1926 nec
1562 1877 1889 1940 suspicionem
1928 1877 2134 1927 devitare
2170 1879 2355 1942 magiae
2375 1889 2554 1930 autsa·

1439 1959 1633 1994 crorum
1669 1945 1966 1995 infanticidii.
2021 1945 2118 1996 Sed
2154 1953 2293 2010 putas
2329 1948 2555 2008 fortasse,

1435 2013 1611 2076 pergit,
1667 2013 1938 2063 istiusmodi
1985 2013 2106 2063 ritus
2154 2022 2202 2065 et
2236 2016 2556 2066 caerimonias

1435 2089 1545 2130 tuas
1580 2081 1867 2145 simpliciter
1899 2080 2126 2131 sustineri
2179 2090 2228 2131 et
2261 2081 2456 2132 tolerari
2492 2082 2553 2131 ab

1438 2163 1534 2197 uno
1571 2147 1783 2198 alterove
1837 2148 1916 2212 qui
1954 2148 2012 2197 de
2048 2151 2233 2199 rationo
2280 2165 2445 2200 earum
2482 2150 2554 2201 rel

1439 2229 1644 2279 prorsus
1691 2216 1895 2277 ignoret,
1946 2216 2146 2266 tolerari
2206 2216 2311 2268 sine
2358 2219 2553 2279 gemitu,

1438 2284 1543 2333 sine
1564 2283 1840 2347 suspicione
1859 2281 2112 2333 veneficii?
2165 2286 2308 2345 Saue,
2345 2300 2554 2350 respou-

1439 2350 1534 2409 det,
1590 2350 1828 2400 sustinent
1884 2350 2098 2415 quidam,
2152 2351 2240 2401 sed
2295 2366 2391 2402 non
2448 2353 2555 2403 siue

1439 2418 1635 2480 gemitu,
1673 2432 1768 2468 nou
1804 2418 1910 2468 sine
1939 2417 2234 2482 suspicione,
2269 2420 2356 2470 sed
2392 2428 2443 2470 ut
2477 2422 2555 2471 in-

1440 2485 1605 2536 ludant
1642 2486 1868 2535 uxoribus
1903 2487 2022 2546 suis,
2080 2501 2187 2536 cum
2234 2487 2354 2538 baec
2389 2503 2553 2538 earum

1440 2569 1611 2603 arcana
1650 2555 1697 2602 iu
1733 2553 2005 2617 periculum
2054 2555 2183 2618 quod
2233 2556 2325 2605 sibi
2375 2557 2434 2606 ab
2483 2556 2554 2604 eis

1438 2635 1634 2687 semper
1669 2622 1918 2673 imminere
1954 2622 2156 2673 credunt
2189 2622 2358 2674 dolose
2392 2637 2555 2673 reser-

1440 2698 1565 2749 vent,
1600 2704 1729 2751 cum,
1787 2691 1829 2740 si
1866 2704 2008 2755 quam
2046 2691 2171 2741 sorte
2219 2691 2289 2740 vel
2327 2690 2554 2741 leviorem

1440 2759 1680 2808 laesuram
1717 2759 2007 2822 acceperint,
2043 2759 2201 2808 statim
2239 2773 2326 2822 pro
2348 2758 2554 2820 ingeniis

1439 2827 1655 2888 magicis,
1703 2841 1793 2889 pro
1840 2826 2079 2874 veneficiis
2114 2833 2323 2884 teneant,
2376 2839 2554 2875 nomen

1440 2894 1762 2943 Christianum
1802 2893 2128 2953 criminentur,
2180 2892 2316 2942 dotes
2353 2906 2553 2943 uxorum

1440 2959 1619 3010 silentii
1655 2959 1925 3009 mercedem
1944 2967 2269 3024 extorqueant.
2305 2959 2401 3009 Has
2425 2960 2552 3010 enim

1442 3029 1532 3077 nisi
1570 3027 1759 3087 cedant,
1794 3041 1904 3076 sese
1939 3027 2180 3088 negotium
2206 3028 2447 3077 facessere
2470 3029 2558 3078 toti

1443 3095 1718 3146 Christiano
1753 3095 1933 3143 nomini
1971 3094 2339 3153 comminantur,
2398 3095 2557 3157 litiga-

1443 3174 1550 3213 turo
1609 3162 1798 3212 scilicet
1852 3162 1979 3226 apud
2044 3162 2248 3212 iudicem
2320 3163 2556 3213 eiusmodi

1443 3246 1616 3280 causae
1673 3238 1720 3280 et
1753 3230 2022 3280 occasionis
2068 3244 2159 3294 qna
2211 3231 2280 3280 illi
2327 3240 2558 3282 noceatur

1443 3301 1536 3349 iam
1573 3299 1654 3348 diu
1691 3298 2061 3362 speculatorem.

1513 3368 1544 3415 s.
1583 3381 1636 3415 re
1671 3360 1961 3430 excruciata]
1998 3364 2064 3414 Re
2085 3364 2306 3416 familiari
2325 3381 2415 3431 per
2439 3381 2561 3417 cou-

1444 3435 1719 3486 cussionem
1755 3441 1951 3483 extorta.

1510 3501 1704 3567 Cale,
1723 3516 1766 3550 a.
1784 3515 1892 3552 cum
1907 3501 2154 3552 laboribus
2168 3496 2558 3567 alienisjssmeu-

1445 3571 1660 3621 «lavimus
1708 3584 1812 3620 eum
1856 3570 2095 3620 laboribus
2141 3571 2306 3620 alienis
2358 3583 2449 3633 pro
2495 3584 2556 3618 eo

1443 3638 1573 3702 quod
1619 3644 1732 3687 aute
1780 3645 2023 3701 repertum
2057 3637 2294 3699 Agobardi
2340 3637 2556 3687 codicem

1444 3706 1695 3768 legebatur
1727 3720 1829 3754 cnm
1855 3707 2032 3755 laribus
2060 3704 2243 3765 olienis,
2283 3704 2555 3754 mendosis-

1443 3775 1581 3823 sime.
1630 3772 1750 3822 Nam
1787 3773 1828 3820 si
1847 3772 1994 3822 Lares
2028 3786 2116 3836 pro
2152 3771 2396 3822 domicilio
2419 3772 2556 3821 dixe·

1442 3842 1522 3901 rit,
1571 3854 1669 3889 non
1722 3846 1795 3889 est
1841 3852 1929 3890 cur
1973 3840 2145 3888 domus
2192 3838 2350 3888 mariti
2396 3839 2553 3888 aliena

1444 3908 1635 3970 coniugi
1672 3908 1858 3957 censeri
1894 3907 2079 3956 debeat.
2149 3907 2197 3955 Si
2235 3906 2400 3965 Lares,
2436 3905 2556 3955 deos

1443 3977 1647 4025 Penates
1682 3975 1942 4037 intellegat,
1978 3975 2140 4037 inepte
2153 3973 2424 4024 Christiano
2447 3974 2556 4038 quis

1444 4044 1640 4094 obiiciat
1673 4042 1801 4107 quod
1837 4043 1983 4092 Lares
2029 4039 2215 4091 alienos
2262 4040 2405 4102 colat,
2458 4055 2558 4091 nou

1442 4126 1578 4172 suos,
1631 4110 1713 4175 qui
1763 4124 1852 4160 nec
1885 4123 2002 4159 suos
2036 4110 2254 4171 agnoscit
2288 4108 2431 4159 ullos.
2500 4112 2560 4160 At

1444 4181 1547 4230 iure
1592 4179 1850 4243 exprobrat
1896 4178 2210 4237 Christianae,
2257 4190 2398 4242 quae,
2447 4190 2556 4227 cum

1444 4247 1617 4298 ancilla
1653 4246 1729 4296 dei
1765 4247 1844 4306 sit,
1898 4253 2113 4295 moratur
2166 4259 2273 4295 cum
2310 4245 2560 4296 laboribus

1444 4316 1636 4374 alienis,
1682 4329 1823 4378 quam
1860 4315 2134 4365 conveniret
2177 4314 2404 4378 occupari
2437 4312 2554 4362 suis.

1445 4383 1567 4434 Sunt
1602 4383 1794 4433 labores
1809 4381 2192 4432 Christianorum
2205 4381 2410 4446 proprii,
2444 4387 2560 4429 sunt

1445 4449 1711 4512 gentilium.
1761 4450 1943 4499 Horum
1979 4449 2170 4500 labores
2195 4451 2369 4499 Auctor
2404 4446 2559 4496 innuit

1445 4517 1720 4568 conversari
1754 4523 1802 4566 et
1836 4518 2064 4582 occupari
2110 4518 2234 4567 circa
2267 4515 2558 4566 daemonum

1446 4585 1605 4636 cultus
1655 4592 1703 4634 et
1736 4596 1826 4647 pro
1875 4585 2017 4635 variis
2069 4596 2235 4635 eorum
2281 4580 2556 4632 nominibus

1444 4653 1572 4705 varia
1590 4652 1823 4705 sacrificia
1841 4665 2119 4716 procurare,
2146 4652 2402 4712 iustruere,
2437 4656 2558 4700 cou‘·

2139 4730 2258 4786 44*

2589 1210 2695 1267 Cap.
2716 1211 2789 1254 Vl.
