3263 5311
1194 362 1674 424 arenosa-ricus.
2484 347 2608 411 193

258 541 429 595 m,
470 517 563 580 'si
603 533 730 580 non
772 523 1063 578 venistate
1104 513 1332 576 divinas
1375 511 1735 593 probatius,
1777 511 1868 576 'ai
1912 511 2213 574 dubitatur
2239 511 2612 592 antimum&

259 624 418 687 ⁴Nec
458 621 578 684 hoc
619 616 845 680 tardius
888 616 1023 678 ‘aut
1065 613 1339 678 aliundeb
1383 613 1750 677 uiiaeendm.
1818 612 2031 675 Cornu
2075 621 2218 674 sunt
2246 631 2398 692 quae
2424 614 2608 675 doce-

258 725 443 797 bunt,
488 718 747 784 munem
791 726 853 779 et
890 716 1195 780 saecdun
1236 725 1297 778 et
1337 714 1623 778 ‘exitusn
1704 713 1998 794 Quicquid
2040 713 2262 793 agitur,
2305 731 2614 795 praenun-

260 824 550 895 tiabatun
594 818 873 900 quiequid
914 817 1177 891 videtur,
1222 814 1588 905 audiebaff.
1657 815 1836 888 Quod
1878 824 2074 878 terrae
2095 815 2341 879 'vorant
2366 816 2549 879 urbes
2562 817 2614 892 ⁴,

260 924 423 1006 quod
466 921 695 986 insulas
734 919 923 982 maria
961 917 1299 990 ’fraudant‚
1367 917 1528 997 qued
1581 916 1858 979 ⁹externa
1911 925 2088 996 atque
2143 916 2408 980 mter-ua·
2461 917 2616 982 betta

263 1023 634 1095 ¹⁰dilaniant,
680 1020 841 1100 quod
886 1018 1085 1099 remiis
1129 1037 1312 1099 regua
1356 1018 1798 1098 ¹¹conpnlaant,
1845 1018 2006 1098 quod
2047 1020 2234 1080 fames
2280 1024 2342 1078 et
2380 1018 2511 1080 lues
2557 1027 2620 1080 et

262 1125 483 1188 loceles
514 1123 838 1202 ''quaeque
866 1119 1065 1182 dadas
1093 1127 1154 1181 et
1182 1119 1599 1199 ¹⁸frequentiae
1644 1118 1993 1199 plerunque
2021 1119 2304 1181 mortium
2331 1118 2614 1194 vastant&

266 1225 427 1307 quod
491 1221 748 1286 humiles
812 1220 1203 1294 sublimitate,
1276 1219 1564 1282 sublimes
1624 1220 1956 1284 himilitate
2021 1229 2379 1294 mutantur‘,
2456 1220 2618 1301 qued

266 1327 492 1389 iustitia
534 1322 812 1396 rarescit,
860 1322 898 1354 ¹⁸
916 1321 1197 1402 imquitas
1239 1320 1655 1394 increbrescit,
1699 1322 1993 1383 bonai-tun
2037 1322 2303 1384 omnium
2345 1313 2617 1401 discipli-

264 1445 479 1491 narum
523 1443 662 1488 cura
707 1423 1020 1503 torpescit,
1068 1422 1229 1503 quod
1271 1422 1448 1486 etiam
1492 1422 1685 1484 officia
1727 1429 2065 1503 temporum
2101 1431 2164 1487 et
2192 1423 2622 1486 elementorum

268 1679 321 1730 2.
376 1679 421 1727 si
456 1692 552 1727 non
586 1681 818 1726 vetustate
863 1675 1046 1725 divinas
1093 1675 1357 1739 probamus
1404 1676 1605 1740 (probas
1638 1675 1865 1736 Anibi-os.)
1915 1672 2244 1728 ABDEFGtae.
2289 1678 2479 1729 Vindob-
2513 1681 2620 1730 Am-

269 1751 401 1799 eros.
438 1746 657 1808 Bonan.
727 1744 771 1793 si
805 1757 902 1794 non
936 1749 1248 1792 vetustatem:
1284 1743 1469 1792 divinas
1500 1743 1767 1807 probamus
1802 1745 1924 1808 bdes.
2048 1743 2100 1793 3.
2138 1746 2179 1794 si
2216 1745 2460 1796 dubitatur
2494 1747 2622 1796 auti-

269 1813 435 1878 quitaa
466 1807 681 1862 Amico.
717 1813 923 1862 meros.
960 1810 1135 1874 Erlsrt.
1168 1811 1393 1872 Bospara.
1484 1811 1707 1875 antiquas
1753 1811 1986 1878 BFdeef.
2034 1813 2221 1863 Vindob.
2344 1813 2393 1863 4.
2431 1827 2491 1863 ue
2527 1814 2624 1865 boe

266 1877 411 1933 Diae.
456 1881 649 1930 Vendat.
764 1878 814 1927 5.
849 1891 910 1926 an
946 1878 999 1928 G.
1114 1877 1163 1927 6.
1200 1877 1354 1927 exitus
1388 1891 1568 1928 reram.
1614 1878 1853 1943 Quicquid
1886 1873 1933 1925 λ.
2059 1878 2108 1926 ’1.
2145 1888 2370 1930 voraraut
2401 1875 2448 1929 λ.
2569 1882 2602 1933 8

268 1948 554 2000 fraudarent
584 1941 631 1993 λ.
729 1945 778 1996 9.
812 1945 1002 1995 iuterna
1038 1953 1086 1994 et
1120 1952 1314 1996 externa
1347 1940 1395 1992 2.
1494 1944 1574 1995 10.
1612 1945 1900 1995 dilaniarent
1932 1940 1978 1991 λ.
2077 1945 2156 1994 11.
2193 1948 2544 2011 conpulsantur
2566 1918 2621 2000 F:

271 2022 576 2080 conpensant
613 2015 762 2064 Osos.
858 2011 934 2062 12.
972 2027 1166 2077 quoque
1201 2014 1252 2063 F.
1339 2012 1420 2062 13.
1454 2013 1755 2077 frequentiae
1791 2013 2080 2077 plerumque
2116 2015 2342 2064 inertium
2367 2011 2621 2068 Aflssmae.

268 2086 475 2135 Aneros.
510 2083 688 2146 Erssrt.
727 2081 876 2130 Oxou.
910 2081 1159 2130 Pometiani
1195 2095 1367 2130 omes.
1447 2080 1774 2144 frequentium
1807 2080 2095 2146 plerumque
2127 2082 2363 2132 montium
2399 2081 2622 2142 (mutium

268 2151 467 2210 D.)·Du.
564 2149 865 2211 frequentiae
901 2148 1186 2211 plerumque
1223 2151 1456 2197 montium
1498 2148 1689 2198 vindob.
1783 2148 2108 2198 efferventium
2157 2149 2445 2215 plerumque
2482 2164 2623 2201 mon·

269 2220 388 2267 tium
428 2219 470 2267 b.

578 2215 882 2277 frequentiae
926 2215 1214 2279 plerumque
1265 2223 1484 2264 mortuae
1519 2231 1561 2265 c.

272 2284 571 2348 frequentiae
606 2282 842 2345 pleraque
876 2282 1108 2332 montium
1143 2286 1179 2346 Ῑ.
1214 2283 1424 2343 flavere„
1473 2298 1532 2332 ex
1566 2285 1829 2334 coniectura
1862 2283 2015 2333 Fulvii
2052 2283 2224 2332 Ursini.

1663 2216 1964 2280 frequentiae
1998 2215 2286 2280 plerumque
2321 2218 2544 2335 Tgmide·
2572 2220 2624 2297 G.

2399 2320 2412 2335 .
2451 2294 2498 2335 et
2531 2301 2626 2336 iui-

277 2352 433 2416 quitas
477 2351 658 2414 obedes.
716 2350 801 2399 Pro
848 2349 1163 2400 increbrescit
1207 2352 1259 2399 iu
1297 2350 1345 2400 G.
1383 2357 1425 2399 et
1468 2350 1656 2400 Vindob.
1704 2357 1771 2400 est
1806 2350 2111 2399 increbescit.

342 2551 463 2615 Cap.
496 2550 593 2613 XX.
663 2565 709 2600 a.
744 2551 786 2600 si
822 2550 1067 2600 dubitatur
1102 2546 1401 2614 antiquitas]

273 2621 515 2680 Quoniam
550 2618 694 2680 igitur
728 2618 1075 2683 scripturarum
1126 2627 1400 2669 nostrarum

272 2694 557 2736 vetustatem
592 2686 815 2750 pluribus
860 2701 961 2735 nou
994 2687 1287 2737 adstruimus
1334 2679 1398 2734 τὸ

277 2751 382 2802 νῦν
429 2745 587 2818 ἔχον,
642 2768 755 2802 ecce
800 2754 912 2817 plna
947 2754 1210 2805 offerimus.
1280 2753 1400 2803 Nam

278 2826 453 2871 earum
506 2821 799 2870 maiestatem
860 2836 1220 2885 proponemus,
1270 2822 1401 2871 unde

278 2888 473 2938 divinas
508 2900 589 2936 eas
622 2902 729 2936 ease
759 2889 1054 2951 efficiemus,
1106 2890 1147 2938 si
1198 2890 1405 2939 fortasse

264 2957 347 3005 ,de
397 2953 675 3017 antiquitate
724 2955 978 3006 dubitetur.
1060 2958 1113 3007 Si
1172 2959 1410 3006 dubitatur

278 3023 509 3086 antiquas
543 3035 633 3084 pro
666 3037 758 3081 „an
792 3023 892 3073 aiut
925 3024 1204 3088 autiquae,“
1239 3022 1409 3089 phrasi

277 3088 629 3149 Tertullianea,
665 3089 713 3139 id
748 3098 822 3140 est
837 3092 985 3154 paulo
1018 3091 1279 3150 audaciori,
1315 3090 1407 3139 nisi

278 3157 431 3208 mavis
479 3171 590 3206 cum
639 3171 754 3205 mss.
803 3158 984 3207 nostris
1032 3167 1079 3208 et
1122 3158 1411 3222 quibusdam

282 3223 579 3275 editionibus
633 3226 677 3273 si
713 3225 960 3275 debitatm·
984 3228 1256 3290 antiquitas.
1291 3225 1411 3285 (fle-

277 3291 427 3350 rald.)
511 3291 720 3354 Reposui
781 3295 1035 3354 genuinam
1088 3294 1409 3356 scripturam:

278 3362 569 3409 meatuum
601 3360 948 3423 scripturarum,
988 3362 1031 3409 si
1064 3377 1157 3411 neu
1188 3367 1413 3411 vetustate

281 3427 466 3476 divim
496 3427 765 3490 probams,
803 3428 847 3476 si
877 3429 1114 3478 dubitatur
1138 3430 1406 3492 antiquitas,

280 3506 376 3557 pro
423 3505 479 3541 ea
534 3506 657 3555 quae
705 3493 752 3540 in
807 3494 1007 3556 vulgatis
1056 3495 1410 3558 exemplaribus

280 3559 498 3609 obtinet:
530 3561 816 3609 maiestatem
849 3563 1197 3626 scripturarum,
1242 3563 1284 3611 si
1317 3576 1413 3610 uon

280 3632 582 3676 vetustatem:
631 3627 813 3677 divinas
843 3630 1109 3691 probamus,
1148 3630 1193 3678 ai
1226 3630 1411 3678 dubitu-

282 3701 362 3743 ων
396 3694 666 3756 antiquitas.
735 3693 831 3743 Sed
865 3708 1038 3744 sensus
1074 3710 1172 3744 non
1210 3696 1411 3744 multum

284 3759 523 3809 diversus.
590 3760 691 3809 Nec
724 3761 891 3820 refert,
938 3770 1097 3811 utrum
1135 3761 1253 3811 illud
1289 3762 1414 3811 alte-

284 3840 397 3876 rum
435 3827 479 3874 ai
524 3840 614 3889 per
661 3828 1020 3892 epanaphoram
1055 3834 1198 3894 putes
1234 3829 1415 3892 repeti-

284 3901 411 3952 tum,
447 3907 507 3941 an
541 3907 633 3958 pro
668 3895 980 3958 „siquidem“
1018 3897 1245 3960 positum.
1335 3895 1416 3944 Fr.

286 3959 483 4009 Iunius:
537 3960 660 4022 „Est
705 3963 834 4012 enim
882 3964 1107 4027 apposita
1152 3962 1419 4026 prudenter

288 4026 515 4078 condicio
559 4027 763 4091 duplex,
817 4044 913 4079 una
949 4030 1013 4080 ab
1045 4044 1103 4079 eo
1141 4030 1224 4094 qui
1259 4027 1420 4088 tradit,

286 4096 335 4144 si
367 4110 462 4143 uon
494 4100 720 4145 vetustam
754 4097 937 4157 dirutas
966 4100 1216 4161 probemus
1227 4113 1249 4157 ‚·
1305 4108 1418 4145 nam

284 4168 453 4225 potest
486 4161 633 4211 etiam
663 4162 765 4226 ·qui
810 4164 957 4213 tradit
1003 4171 1086 4214 aut
1138 4164 1187 4212 in
1221 4178 1276 4212 re
1310 4164 1419 4227 ipsa

288 4241 454 4277 errare
488 4236 573 4278 ant
608 4229 659 4278 iu
694 4229 915 4281 tradendi
951 4231 1126 4281 medo:
1170 4230 1321 4280 altera
1358 4228 1419 4277 ab

286 4296 351 4345 iis
385 4295 564 4359 quibus
598 4296 822 4356 traditur,
865 4300 908 4347 si
940 4298 1182 4351 witmer
1214 4297 1421 4361 amiqua·-

287 4370 376 4425 tas,
430 4370 477 4413 et
513 4365 733 4427 quamvis
778 4365 899 4414 satis
933 4365 1135 4427 probata
1170 4378 1267 4413 nou
1302 4363 1425 4412 satis

285 4430 571 4495 percipitur.
620 4430 729 4480 Non
766 4432 897 4480 enim
933 4445 1105 4480 omnes
1127 4431 1423 4494 percipimus

288 4499 447 4549 omnia
484 4506 538 4548 ut
569 4501 848 4555 traduntur,
905 4497 989 4547 sed
1039 4505 1185 4561 prout
1218 4512 1244 4546 a
1281 4495 1422 4546 uobis

287 4581 338 4617 ea
372 4573 591 4633 possunt
634 4563 881 4630 percipi.“

339 4656 675 4700 Taurunum
692 4661 799 4695 on.
814 4660 887 4693 an.
908 4659 1107 4693 canna.
1145 4647 1270 4692 Toni.
1283 4648 1320 4691 1.

1568 2550 1615 2599 b.
1667 2547 1885 2615 aliunde]
1944 2551 2048 2601 Huc
2100 2557 2173 2600 est
2219 2564 2247 2600 e
2282 2545 2545 2618 longiriquo
2583 2563 2631 2606 et

1501 2617 1645 2681 louge
1680 2619 1843 2683 petitis
1876 2618 2186 2682 argumentis.

1571 2717 1611 2752 c.
1662 2699 1856 2769 exitum]
1913 2702 1964 2752 ld
2004 2711 2076 2752 est
2110 2691 2394 2763 ἇπόβασις,
2437 2712 2632 2756 eventus

1502 2784 1670 2819 eorum
1708 2784 1830 2833 quae
1865 2770 2109 2833 praedicta
2154 2768 2361 2820 fueraut.
2398 2771 2635 2835 (Herald.)

1574 2852 1619 2902 d.
1660 2854 1797 2912 Quod
1835 2862 1990 2903 terrae
2026 2862 2194 2904 vorant
2219 2856 2365 2905 urbes
2391 2852 2526 2921 cett]
2563 2855 2632 2905 De

1504 2929 1605 2971 toto
1644 2920 1738 2970 boc
1772 2920 1881 2970 loco
1919 2922 1979 2971 cf.
2000 2935 2146 2984 supra
2167 2936 2271 2986 cap.
2287 2923 2367 2972 19.
2406 2936 2635 2984 segmen-

1505 2996 1605 3038 tum
1644 2987 1755 3036 libri
1791 2988 2064 3049 fuldensis,
2111 2990 2238 3041 infra
2285 3005 2391 3055 cap.
2427 2989 2533 3049 40„
2587 2996 2638 3039 et

1508 3055 1576 3105 De
1613 3054 1764 3121 Pallio
1802 3071 1906 3121 cap.
1944 3053 1992 3104 2.

1579 3155 1620 3189 e.
1658 3149 1850 3190 externa
1889 3147 2032 3203 atque
2067 3136 2278 3207 iuterna]
2331 3140 2456 3190 Sunt
2489 3154 2636 3190 aceu-

1510 3208 1661 3258 satiri.

1579 3294 1612 3342 f.
1652 3293 1949 3357 frequentiae
1981 3291 2270 3355 plerumque
2306 3292 2534 3342 mortium
2553 3307 2639 3341 va·

1509 3354 1663 3425 stant]
1700 3360 1933 3421 Rigaltius
1968 3358 2146 3423 aliique
2166 3374 2256 3422 pro
2272 3363 2490 3410 mortium
2511 3359 2639 3409 scri-

1509 3435 1714 3493 pserunt
1723 3430 1947 3477 meatim
1968 3426 2370 3489 interpretantes:
2394 3427 2637 3489 ,μυηθῇ

1513 3495 1613 3545 ursi
1652 3502 1699 3545 et
1727 3492 1855 3544 aliae
1900 3495 1950 3545 id
2001 3509 2153 3557 genus
2197 3495 2411 3555 bestiae,
2461 3494 2642 3558 quibus

1512 3570 1703 3611 montes
1738 3562 2119 3626 frequentantur,
2156 3562 2312 3625 campi
2342 3560 2641 3611 vastantur.“

1511 3629 1782 3678 Ridiculum
1817 3630 1930 3689 boc,
1963 3644 2024 3678 ne
2060 3630 2214 3680 dicam
2243 3629 2473 3691 ineptum.
2510 3625 2644 3676 uor-

1512 3703 1586 3745 tes
1621 3702 1736 3745 sunt
1770 3710 1936 3745 eorum
1973 3711 2095 3761 quae
2131 3694 2380 3759 praemisit
2403 3693 2644 3742 malorum

1511 3762 1776 3812 tristissimi
1812 3763 1982 3821 exitus,
2018 3763 2204 3812 scilicet
2240 3760 2399 3818 famis,
2436 3759 2530 3809 luis
2567 3759 2645 3809 lo·

1517 3828 1789 3892 caliumque
1856 3829 2093 3888 clodium,
2159 3827 2334 3893 quibus
2395 3825 2509 3875 illae
2555 3841 2647 3890 per

1516 3895 1846 3959 gradationem
1901 3895 2158 3946 adduntur.
2251 3894 2301 3944 Pl
2495 3909 2519 3943 e
2573 3901 2652 3943 est

1520 3960 1834 4021 accusativus,
1872 3970 1920 4012 et
1945 3961 2070 4013 idem
2100 3977 2157 4012 ac
2191 3962 2233 4010 si
2269 3960 2472 4010 dixisset
2501 3960 2648 4024 „ple-

1521 4044 1698 4094 rasque
1733 4030 2009 4091 regiones.“
2067 4030 2134 4079 De
2167 4027 2348 4092 plurali
2380 4035 2568 4088 mortes,
2606 4026 2650 4075 si

1519 4099 1639 4147 tanti
1674 4105 1764 4156 est,
1801 4096 1947 4146 adeas
1981 4097 2227 4146 Baluzium
2263 4095 2323 4145 ad
2347 4092 2560 4144 Lactant.
2581 4093 2654 4143 De

1521 4164 1679 4214 Μαι-ιι.
1715 4164 1979 4214 Persecutt.
2012 4179 2065 4226 p.
2100 4163 2148 4213 8.
2203 4162 2278 4212 ed.
2318 4161 2542 4222 Bauldri,
2605 4167 2656 4209 et

1555 4246 1644 4280 uos
1680 4231 1793 4281 citat
1827 4230 2182 4281 Hildebraudus
2219 4230 2279 4279 ad
2298 4229 2437 4294 Apul.
2462 4229 2649 4278 Metam.

1557 4298 1642 4357 111,
1679 4296 1762 4347 30.
1800 4314 1845 4361 p.
1873 4297 1990 4347 744.

1589 4379 1636 4425 g.
1684 4364 1918 4413 sublimes
1956 4364 2225 4413 bumilitate
2260 4369 2505 4412 mutantur
2583 4361 2653 4408 De
2726 4386 2742 4400 .

1522 4438 1762 4480 structura
1811 4431 1873 4481 cf.
1925 4431 2092 4480 Horat.
2142 4429 2311 4488 od.1,
2347 4428 2430 4485 34,
2472 4427 2495 4475 1
2605 4432 2655 4474 et

1523 4498 1562 4555 1,
1602 4497 1684 4557 16,
1719 4497 1800 4547 26.
1863 4505 1912 4547 et
1962 4497 2115 4561 Epist.
2167 4496 2205 4557 1,
2245 4497 2290 4557 1,
2332 4494 2447 4543 100.
2531 4491 2652 4542 Pliu.

1522 4564 1675 4628 Epist.
1709 4564 1761 4626 V,
1803 4564 1881 4614 16.

2270 4642 2332 4692 18
