3263 5311
671 456 796 522 258

1172 473 1376 525 Qutnrt
1420 472 1685 517 serrium
1726 473 2056 517 nonnus
2102 474 2495 518 furuum!

670 626 852 689 istum
893 643 1018 687 non
1061 624 1285 706 pretio,
1353 623 1463 685 sed
1507 622 1854 686 testimonio
1900 588 2117 706 adepti.
2156 688 2163 693 ι
2207 624 2411 704 Neque
2464 625 2624 687 enim
2666 625 2860 705 pretio
2905 626 3021 689 ulla

672 745 771 789 res
815 725 911 789 dei
955 732 1206 787 constat.
1269 723 1460 786 Etiam
1506 723 1557 785 si
1602 725 1765 803 quod
1810 724 2032 788 '’arcae
2076 744 2261 804 genus
2306 733 2433 799 est,
2477 743 2601 787 uon
2646 726 2687 763 ¹³
2701 725 2776 787 de
2818 727 3020 789 hono-

676 913 753 964 16.
791 921 892 961 arte
930 912 979 963 G.
1049 911 1166 960 artis
1202 927 1246 960 ο.

1356 910 1435 961 17.
1471 911 1532 960 de
1568 910 1829 962 honoraria
1861 911 1985 962 ABG.
2025 912 2115 962 Ios.
2139 913 2348 976 Scaliger
2382 919 2425 963 et
2459 910 2533 962 Fr.
2556 913 2733 963 Iunius.
2803 911 2866 961 de
2901 926 3020 961 one-

668 982 796 1031 raris
832 975 1104 1039 DEfflubce.
1146 979 1293 1027 02:0¹2.
1331 979 1572 1038 (vindob.)
1617 979 1795 1043 Ermrt.
1881 979 1943 1028 de
1990 980 2246 1029 honeratis
2292 981 2345 1030 F.
2381 980 2603 1044 Bonyara.
2697 979 3020 1029 debonoraria

668 1053 704 1112 f.
740 1048 929 1099 flevero.
989 1046 1059 1095 'de
1093 1045 1340 1095 ordinaria
1378 1048 1425 1097 d.
1470 1046 1716 1098 Vaticanus
1748 1060 1886 1097 uass.

670 1190 717 1231 et
751 1182 1041 1233 Novatiano:
1092 1181 1348 1245 „Cumque
1381 1179 1670 1243 iampridem
1708 1195 1797 1245 per

670 1264 841 1300 omues
876 1249 1148 1313 provincias
1184 1258 1232 1297 et
1266 1262 1357 1312 per
1404 1247 1624 1310 singulas
1660 1249 1793 1298 ordi·

669 1318 767 1369 nati
803 1318 900 1368 siut
934 1316 1181 1383 episcopi,
1218 1317 1266 1366 in
1304 1323 1459 1366 aetate
1495 1316 1708 1379 antiqui,
1743 1316 1795 1366 in

670 1386 764 1436 lide
801 1385 993 1447 integri,
1049 1384 1097 1434 iu
1133 1398 1365 1448 pressura
1419 1382 1667 1448 probati.“
1739 1383 1792 1433 B.

670 1454 988 1516 {lieronymus
1022 1452 1219 1516 saepius
1255 1452 1432 1502 asserit
1467 1452 1728 1515 episcopos
1747 1457 1796 1501 et

669 1520 980 1585 presbyteros
1015 1520 1168 1570 luisse
1193 1526 1338 1584 atque
1373 1519 1435 1570 de
1469 1535 1525 1568 ea
1563 1534 1616 1569 re
1653 1534 1794 1570 acer·

670 1590 793 1639 rime
855 1588 1068 1651 disputat
1127 1586 1341 1652 Epistola
1398 1587 1459 1637 ad
1520 1586 1790 1649 Evagrium.

671 1655 868 1705 Brevius
904 1655 964 1704 ad
1002 1654 1278 1705 Oceanum:
1315 1655 1406 1715 „ln
1444 1662 1650 1719 utraque
1686 1654 1792 1719 epi-

668 1724 794 1774 stola
814 1722 913 1772 sive
933 1723 1168 1786 episcopi,
1194 1723 1291 1772 sive
1312 1722 1582 1787 presbyteri
1599 1723 1795 1786 (quam-

669 1804 813 1855 quam
866 1790 994 1854 apud
1021 1797 1231 1845 ,veteres
1281 1790 1426 1840 iidem
1475 1790 1695 1854 episcopi
1748 1797 1798 1840 et

667 1856 938 1923 presbyteri
973 1858 1168 1918 luerim,
1204 1858 1313 1922 quia
1350 1858 1470 1907 illud
1505 1872 1684 1909 nomeu
1719 1858 1795 1907 di·

671 1926 863 1987 gnitatis
899 1931 991 1983 est,
1029 1925 1122 1974 boe
1146 1925 1336 1986 aetatis)
1372 1926 1599 1976 iubentur
1618 1939 1795 1975 mono-

670 1992 795 2055 gami
849 1992 898 2042 iu
947 1992 1131 2042 elerum
1179 1992 1347 2055 eligi.“
1419 1993 1515 2044 Res
1553 2000 1666 2043 nota
1702 2001 1791 2044 est.

613 2068 622 2085 “
672 2061 852 2113 Omnes
874 2060 1018 2123 igitur
1033 2060 1254 2110 seniores
1276 2061 1630 2125 praesidentes.
1641 2068 1795 2123 erant,

667 2128 938 2193 praesides,
962 2127 1243 2191 praepositi,
1264 2126 1623 2196 προεστῶτες,
1659 2129 1794 2194 quis-

669 2211 763 2261 que
798 2197 846 2245 iu
884 2192 973 2245 duo
998 2209 1171 2258 grege:
1207 2197 1293 2246 sed
1316 2198 1577 2261 episcopus
1596 2198 1795 2261 proprie

670 2278 727 2313 ac
775 2264 879 2314 iure
930 2278 1020 2313 suo
1056 2277 1279 2328 semper,
1317 2279 1462 2328 quum
1501 2265 1718 2330 episcopi
1767 2279 1792 2313 a

670 2331 968 2399 presbyteris
1004 2331 1231 2393 distingui
1269 2340 1552 2397 coeperunt,
1588 2331 1793 2396 pret-by·

668 2398 759 2448 teri
780 2406 936 2448 autem
962 2413 1068 2449 cum
1090 2399 1255 2449 aberat
1270 2435 1285 2459 ,
1321 2405 1403 2449 aut
1426 2414 1535 2449 cum
1559 2401 1792 2464 episcopo

671 2465 845 2525 simul,
904 2466 991 2515 sed
1045 2474 1288 2533 tamquam
1343 2481 1453 2516 eum
1507 2481 1597 2518 suo
1636 2467 1793 2532 capite

674 2533 965 2597 quandoque
1023 2535 1164 2583 etiam
1204 2535 1560 2598 praesidebant.
1633 2535 1792 2593 Quare

671 2600 939 2666 Cyprianus
988 2602 1209 2667 pluribus
1261 2602 1382 2651 locis
1429 2602 1553 2652 duos
1604 2608 1791 2651 tantum

673 2670 849 2732 gradus
885 2670 1244 2720 ecclesiasticos
1280 2670 1543 2732 constituit,
1581 2684 1793 2734 praepo-

639 2783 650 2794 „
671 2739 875 2788 sitorum
912 2746 960 2787 et
994 2739 1325 2788 diaconorum.
1377 2737 1530 2801 Epist.
1567 2738 1625 2788 ad
1648 2738 1793 2788 Pom-

670 2807 902 2870 ponium:
940 2805 1036 2867 „Et
1071 2820 1178 2855 cum
1215 2819 1388 2855 omnes
1424 2806 1623 2855 omnino
1646 2805 1794 2855 disci-

669 2872 853 2939 plinam
881 2867 1072 2924 'tenere
1127 2880 1376 2937 oporteat,
1403 2873 1584 2930 .multo
1642 2873 1795 2936 magis

646 2941 979 3006 ‘praepositos
1028 2948 1075 2990 et
1109 2941 1340 2991 diaconos
1382 2955 1553 2991 curare
1589 2941 1686 2991 boe
1718 2941 1794 2991 las

671 3010 798 3058 est.⁸‘
870 3009 1081 3059 lustinus
1117 3009 1176 3058 m:
1215 3008 1354 3074 Apol.
1391 3008 1470 3069 n.‚
1507 3009 1587 3059 ubi
1626 3017 1795 3059 coetus

670 3076 984 3127 ecelesiastici
998 3076 1187 3139 negotia
1201 3085 1247 3127 et
1264 3084 1602 3127 sacrosanctae
1616 3077 1796 3127 eueba-

667 3145 833 3194 ristiae
856 3144 1263 3194 administrandae
1283 3145 1517 3195 rationem
1544 3145 1792 3210 proponit,

668 3211 934 3277 praepositi
993 3219 1207 3272 tantum,
1271 3210 1371 3259 τοῦ
1423 3209 1791 3276 προεστῶτος,

655 3286 718 3327 'et
736 3280 1049 3327 diaconorum
1066 3279 1358 3327 mentionem
1392 3280 1522 3340 facit,
1559 3274 1795 3335 ,.ἓπειτα

666 3340 1038 3412 προσφέρεται
1063 3342 1143 3420 τῷ
1168 3345 1476 3409 προεστῶτι
1499 3344 1615 3394 τῶν
1643 3338 1792 3395 ἀδελ-

670 3410 799 3487 φοῖν
833 3401 1001 3475 ἄρτος
1042 3424 1136 3464 και
1168 3405 1437 3490 ποτήριον
1469 3405 1671 3466 ὕδατος
1696 3407 1796 3463 καὶ

553 3515 562 3526 .
667 3491 1023 3555 κραμματος·
1073 3472 1165 3526 καὶ
1211 3492 1371 3533 ουτος·
1413 3475 1599 3544 λαβών
1635 3469 1792 3529 αἶνον

666 3558 761 3592 και
807 3537 974 3602 δόξαν
1018 3544 1096 3610 τῷ
1148 3560 1260 3594 πατ
1299 3542 1319 3594 ὶ
1370 3547 1484 3596 τῶν
1520 3535 1665 3597 ὅλων
1699 3544 1793 3597 διὰ

669 3610 768 3661 τοῦ
805 3603 1078 3680 ὀνόματος
1099 3612 1198 3661 τοῦ
1225 3559 1346 3663 υῗοῦ
1375 3610 1467 3663 καὶ
1501 3615 1599 3665 τοῦ
1635 3609 1792 3666 πνεύ-

665 3693 844 3749 ματος
878 3674 982 3729 ’τοῦ
998 3673 1160 3747 ἁγίου
1189 3674 1496 3750 ἀναπέμπει
1520 3678 1613 3733 καὶ
1637 3675 1792 3752 εὔχα-

667 3744 892 3816 ριστῖαν
936 3741 1069 3819 ὑπὲρ
1117 3748 1216 3798 τοῦ
1261 3745 1638 3812 κατηξιῶσθαι
1672 3747 1793 3801 τού-

666 3832 782 3884 των
829 3810 955 3886 παρ’
1009 3810 1180 3867 αὐτοῦ
1226 3812 1317 3868 ἐπὶ
1347 3813 1484 3868 πολὺ
1519 3820 1790 3870 ποιεῖται·

664 3884 765 3936 τοῦ
802 3882 1219 3942 συντελέσαντος
1253 3879 1545 3955 tris-‚stipite
1577 3883 1669 3937 καὶ
1689 3882 1791 3948 τὴν

666 3946 1049 4020 εὔχαριστίαν,
1082 3955 1190 4010 πᾶς
1214 3948 1243 4004 ὁ
1267 3950 1466 4022 παρὼν
1486 3952 1617 4011 λαός
1640 3951 1791 4008 ἔπτυ-

668 4020 846 4134 ἶημεῖ
876 4016 1050 4086 λέγων
1077 4015 1274 4089 Ἀμήν·
1335 4018 1398 4072 τὸ
1435 4019 1496 4073 δὲ
1524 4015 1692 4090 Ἀμὴν
1728 4021 1793 4090 τῇ

659 4081 677 4102 ‘
717 4080 906 4154 βραῒδι
994 4088 1105 4157 ωνῇ
1142 4085 1204 4138 τὸ
1241 4087 1462 4140 uvosto
1499 4087 1787 4157 σημαίνει·

666 4146 923 4270 εἰχαὲιστ
962 4168 1163 4211 σαντος
1210 4152 1271 4206 δὲ
1307 4156 1404 4223 τοῦ
1439 4157 1791 4238 προεσταῖτος

664 4235 757 4269 και
811 4217 1279 4289 πευφημῆσαντος
1300 4219 1508 4279 παντὸς
1530 4224 1630 4274 τοῦ
1653 4222 1790 4274 λαου

666 4281 723 4337 οῖ
737 4284 1076 4355 *καλούμενοι
1096 4305 1175 4339 πα
1206 4282 1223 4303 ²
1265 4283 1396 4357 ἡμῖν
1429 4286 1678 4342 διάκονοι
1712 4289 1790 4342 δι-

665 4348 831 4404 δόασι
875 4348 1085 4422 ἑκάστῳ
1121 4372 1154 4405 τ
1202 4374 1237 4405 ν
1280 4352 1577 4427 παρόντων
1624 4375 1790 4426 μετα-

664 4419 850 4488 λαβεῖν
883 4415 991 4472 ἀπὸ
1029 4423 1129 4473 τοῦ
1163 4418 1655 4504 adlapsura-‘Myron
1694 4420 1731 4476 ἅ
1769 4456 1790 4465 -

667 4505 794 4545 τους·
825 4486 918 4540 καὶ
964 4483 1117 4540 οἴνου
1162 4507 1256 4542 και
1302 4490 1503 4549 υδατος
1547 4491 1659 4546 καὶ·
1675 4510 1737 4544 το

667 4551 730 4609 οὐ
765 4558 1041 4629 παροῦσιν
1073 4550 1525 4631 ὅσιοφὸρουσιν.“
1576 4565 1792 4617 Μεωίοἰῑ

663 4629 808 4690 igitur
855 4630 933 4679 bic
969 4629 1179 4680 lustinus
1216 4632 1479 4696 praepositi
1520 4640 1703 4684 tautum
1740 4640 1788 4684 et

664 4694 997 4754 diamoron.
1078 4697 1159 4750 Sic
1205 4699 1256 4766 iq
1299 4700 1614 4765 sequentibus
1662 4711 1785 4764 qnae

1899 1181 2122 1232 curiosus
2159 1180 2312 1231 lector
2348 1180 2620 1246 expendere
2640 1189 2817 1245 potest.
2858 1182 3019 1240 Quan-

1896 1248 2056 1313 doque
2093 1257 2251 1299 autem
2288 1249 2379 1299 sub
2415 1247 2741 1313 appellatione
2788 1249 2881 1298 ista
2928 1249 3021 1313 ipsi

1896 1316 2038 1367 etiam
2076 1316 2265 1367 diaconi
2301 1317 2536 1369 contineri
2561 1316 2796 1376 videntur,
2834 1316 3021 1367 ratione

1895 1382 2084 1434 scilicet
2130 1383 2322 1448 plebis,
2371 1386 2445 1434 cui
2499 1391 2613 1434 suut
2644 1384 2790 1437 etiam
2830 1384 3022 1449 aliquo-

1897 1452 2042 1501 modo
2080 1452 2363 1516 praepositi.
2416 1451 2468 1501 B.
2489 1451 2759 1516 Cyprianus
2795 1453 2858 1502 ad
2877 1453 3023 1503 Pom·

1894 1520 2129 1583 ponium:
2179 1520 2377 1580 „Primo
2425 1520 2571 1582 igitur
2617 1521 2667 1569 in
2704 1519 2835 1577 loco,
2873 1521 3024 1571 frater

1897 1588 2175 1649 carissime,
2231 1595 2278 1637 et
2313 1587 2606 1651 praepositis
2640 1594 2689 1637 et
2722 1587 2855 1652 plebi
2900 1589 3021 1639 nibil

1897 1654 2028 1704 aliud
2044 1653 2391 1704 elaborandum
2423 1654 2551 1705 est.“
2578 1655 2659 1705 Sic
2682 1654 3025 1722 προεστῶτεε

1896 1719 2012 1769 τᾶν
2057 1714 2349 1782 &ameum
2398 1722 2528 1787 apud
2580 1722 2843 1773 Eusebium
2896 1725 3022 1774 nist.

1896 1790 2082 1840 Eccles.
2137 1791 2257 1851 vin,
2315 1790 2365 1840 6.
2420 1805 2517 1840 non
2570 1790 2731 1840 solnm
2785 1792 3024 1856 episcopi,

1897 1857 2085 1908 diaconi
2140 1849 2187 1907 ei
2230 1857 2530 1923 presbyteri,
2585 1858 2675 1907 sed
2728 1859 2823 1922 ipsi
2876 1860 3069 1908 etiam'

1896 1926 2105 1976 lectores
2159 1931 2207 1975 et
2258 1926 2541 1976 exorcistae.
2628 1926 2813 1976 probuti
2861 1934 3023 1976 autem

1898 1993 2139 2054 dicuntur,
2178 2008 2302 2057 quos
2338 2007 2543 2057 nempe,
2580 2001 2839 2057 autequam
2886 1993 3027 2043 ordi-

1897 2067 2157 2121 narentur,
2222 2076 2248 2110 a
2313 2068 2412 2111 tota
2468 2061 2767 2110 fraternitate
2804 2061 3025 2125 *probari

1895 2129 2166 2193 oportebat.
2192 2129 2351 2188 Quare
2386 2128 2545 2179 addit:
2583 2129 2766 2188 „istum
2784 2128 3023 2178 bonorem

1895 2211 1993 2247 non
2043 2196 2287 2259 praemio,
2335 2196 2424 2246 sed
2471 2196 2748 2246 testimonio
2804 2195 3025 2261 adepti.“

1896 2264 2075 2315 Scribit
2110 2263 2346 2325 Origenes
2383 2280 2423 2314 c.
2458 2264 2652 2314 Celsum
2691 2263 2773 2313 lib.
2812 2263 2896 2313 111.
2934 2278 3024 2314 ue-

1896 2332 2074 2381 minem
2107 2331 2165 2380 ad
2190 2330 2316 2380 ullas
2339 2331 2573 2381 ecclesiae
2590 2331 2847 2392 dignitates
2869 2332 3027 2382 fuisse

1895 2400 2186 2462 profectum,
2223 2400 2305 2464 qui
2342 2409 2451 2463 post
2471 2399 2612 2449 tidem
2634 2399 2829 2449 Christo
2859 2398 3023 2449 datam

1895 2467 2102 2517 foediori
2148 2466 2311 2530 aliqua
2351 2466 2536 2516 macula
2575 2467 2717 2515 ritem
2755 2480 2894 2516 suam
2932 2468 3024 2516 ad·

1894 2534 2185 2599 spersisset:
2234 2527 2357 2590 ,,ει’ς
2390 2525 2655 2600 οὐδεμίαν
2701 2522 2737 2581 ἆ
2819 2527 2880 2580 ’ν
2929 2527 3025 2585 καὶ

1892 2596 2243 2669 προστασίαν
2277 2600 2373 2661 τῆς
2419 2596 2711 2668 λεγομένης
2863 2596 3024 2662 quiue

1894 2669 1994 2719 τοῦ
2020 2667 2159 2719 θεοῦ
2193 2666 2588 2736 καταλέγοντος
2610 2663 2736 2722 τοὺς
2761 2667 3023 2735 φθάσαν-

1895 2751 1995 2791 τας
2014 2731 2183 2854 ἐπμιττίιι
2234 2732 2297 2785 τὸ
2332 2732 2785 2806 προςεληλυθέναι
2820 2736 2898 2804 τῷ
2932 2730 3021 2785 λα’-

1893 2817 1980 2871 γφ
2116 2801 2394 2854 αικέναι.“
2464 2806 2648 2856 idcirco
2696 2805 2840 2867 igitur
2875 2821 3022 2870 prae·

1898 2873 2181 2924 dicabantur
2215 2875 2350 2938 prius
2386 2874 2513 2937 apud
2538 2872 2804 2937 populum,
2843 2873 3021 2924 deinde

1897 2942 2087 3006 probati
2106 2942 2472 2998 ordinabantur,
2509 2941 2641 3004 quod
2675 2940 2746 2990 vel
2782 2955 2840 2990 ex
2874 2940 3019 2990 unius

1898 3010 2122 3076 Cspriani
2187 3009 2308 3059 loeis
2375 3008 2574 3059 inlinitis
2631 3016 2835 3059 constat.
2922 3008 3022 3059 Sed

1895 3077 2218 3195 {lngigttt'iz-umte
2254 3085 2328 3193 0εέ
2362 3077 2410 3193 ig
2446 3075 2666 3193 apastoli:
2712 3076 2773 3124 ad
2809 3075 3019 3192 sssslffiem

1929 3160 1956 3194 e
2057 3160 2082 3194 a
2148 3160 2223 3194 ae
2277 3158 2303 3193 e
2414 3158 2520 3194 asin
2558 3159 2586 3193 e
2671 3157 2851 3192 aeresia
2946 3157 3018 3193 is:

1896 3212 2137 3276 „Propter
2184 3213 2314 3276 quod
2361 3212 2502 3275 plebs
2536 3211 2812 3274 obsequens
2856 3210 3020 3260 domi-

1894 3280 2015 3329 nicis
2051 3280 2325 3344 praeceptis
2359 3286 2407 3328 et
2441 3278 2585 3328 deum
2614 3283 2877 3328 metuensa
2898 3292 3021 3343 pec-

1895 3354 2057 3397 catore
2092 3348 2372 3411 praeposito
2393 3361 2623 3411 separare
2640 3361 2695 3395 se
2730 3346 2890 3406 debet,
2928 3360 3019 3396 nec

1894 3429 1949 3464 se
1984 3414 2045 3464 ad
2079 3415 2300 3476 saerilegi
2348 3414 2617 3464 sacerdotis
2652 3414 2887 3465 sacrificia
2922 3415 3018 3463 mi·
3052 3441 3059 3446 ‹

1893 3497 2049 3543 scere,
2065 3482 2257 3546 quando
2284 3483 2437 3546 ipsam
2456 3483 2660 3532 maxime
2682 3481 2857 3532 babeat
2874 3488 3019 3545 pote-

1894 3557 2067 3599 statem
2114 3548 2184 3600 vel
2242 3550 2449 3612 eligendi
2511 3549 2683 3613 dignos
2735 3549 3018 3599 sacerdotes

1894 3616 1967 3666 vel
2003 3617 2226 3678 indignos
2263 3618 2535 3667 recusandi.
2609 3616 2748 3677 Quod
2784 3623 2835 3666 et
2854 3617 3017 3679 ipsum
3064 3637 3071 3642 -

1893 3684 2109 3734 videmus
2144 3685 2204 3734 de
2223 3685 2377 3734 divina
2397 3685 2681 3735 auctoritate
2701 3682 3017 3742 descendere,

1894 3759 1946 3802 ut
1972 3752 2202 3802 sacerdos
2218 3753 2363 3816 plebe
2398 3760 2655 3817 praesente
2673 3751 2765 3801 sub
2800 3751 2930 3801 omn·

1895 3820 2049 3869 oculis
2085 3819 2325 3883 deligatur
2350 3827 2399 3870 et
2419 3820 2593 3881 dignus
2622 3826 2767 3883 atque
2813 3764 3017 3868 iduum

1892 3887 2089 3951 publico
2136 3888 2314 3937 iudicio
2375 3894 2519 3951 atque
2566 3887 2843 3936 testimonio
2878 3895 3019 3936 com·-

1892 3955 2154 4019 probetur,
2212 3957 2338 4005 sicut
2389 3956 2437 4005 in
2492 3955 2717 4005 Numeris
2780 3953 3021 4018 praedpit

1844 4042 1855 4052 -
1890 4021 2052 4072 Moses
2098 4023 2300 4073 dieeus“
2352 4030 2462 4073 cett.
2548 4023 2748 4072 Postea:
2800 4021 3021 4083 „Coram

1890 4091 2117 4140 omnibus
2168 4104 2410 4154 synagoga
2458 4090 2590 4140 iubet
2622 4090 2745 4139 deus
2790 4089 3022 4138 constitui

1891 4158 2225 4218 sacerdotem,
2275 4159 2321 4208 id
2370 4164 2446 4208 est
2493 4157 2689 4207 iustruit
2722 4164 2771 4207 et
2805 4155 3022 4207 ostendit

1890 4226 2223 4280 ordinationes
2276 4224 2607 4277 sacerdotales
2661 4225 2856 4274 nonnisi
2924 4223 3019 4273 sub

1893 4293 2062 4358 populi
2099 4293 2377 4345 adsistentis
2414 4292 2709 4343 conscientia
2734 4293 2843 4342 neri
2865 4305 3019 4355 opor—

1892 4368 2013 4422 tere,
2051 4368 2102 4411 ut
2138 4361 2281 4426 plebe
2318 4368 2576 4426 praesente
2622 4359 2694 4409 vel
2732 4359 3022 4423 detegantur

1891 4428 2134 4480 malorum
2185 4430 2386 4480 crimina
2433 4429 2506 4479 vel
2553 4428 2797 4478 bonorum
2847 4426 3023 4476 merita

1927 4495 2259 4558 raedicentur,
2313 4504 2362 4546 et
2407 4498 2473 4547 sit
2516 4495 2758 4547 ordinatio
2808 4496 2936 4545 iusta
2972 4500 3026 4543 et

1910 4565 2120 4626 egitima,
2157 4579 2281 4629 quae
2311 4565 2525 4615 omnium
2554 4563 2855 4625 suffragioet
2890 4560 3025 4612 iudi·

1890 4632 1964 4682 cio
2015 4631 2160 4683 luerit
2194 4632 2513 4684 examinata.“
2585 4631 2690 4681 Hoc
2726 4639 2777 4680 et
2810 4631 2862 4681 B.
2900 4629 3023 4680 flie-

1887 4712 2147 4764 ronymus,
2195 4715 2223 4750 a
2275 4715 2372 4765 quo
2418 4706 2642 4763 sumptus
2690 4713 2847 4750 canon
2896 4699 3025 4750 ticet.
