3263 5311
2459 459 2588 528 711

957 479 1034 521 nr.
1078 477 1263 521 cuum
1305 461 1657 520 mmmmm
1699 478 1810 521 mu.
1841 479 1883 521 1.

258 627 534 690 ¹⁴iliarum
588 627 648 689 in
701 628 1063 690 hominihus
1171 625 1494 702 Quaeritur
1548 635 1610 690 et
1650 629 1808 691 unde
1851 629 1970 691 sint
2011 629 2298 705 conchae,
2331 607 2426 693 'et
2469 650 2584 713 qua

254 727 645 809 dispositione
696 729 1008 803 decorent,
1082 739 1142 793 et
1192 730 1295 792 uhi
1351 728 1608 811 speciem
1666 749 1834 793 suam
1886 725 2228 793 collocent‘.
2332 731 2478 796 Nam
2523 743 2588 797 et.

257 848 465 892 omnes
506 830 656 892 istae
696 833 979 912 profanae
1034 831 1504 913 spectaculorum
1561 832 1948 894 saecularium
2001 833 2364 913 voluptates,
2431 835 2589 898 sicut

257 930 331 993 de
376 930 544 993 ¹“illis
591 925 766 994 suum
806 932 1081 995 volumen
1127 932 1455 1007 edidimus,
1496 932 1626 1015 ipsa
1673 935 1848 996 etiam
1880 933 2265 996 '‘idololatr-ia
2306 954 2377 997 ex
2404 935 2584 998 rebus
2669 986 2684 999 ,

255 1031 351 1095 dei
392 1040 642 1094 constat.
726 1033 859 1096 Non
902 1043 1098 1097 tamen
1140 1035 1275 1096 ideo
1319 1034 1461 1096 circi
1504 1034 1807 1096 furoribus
1852 1044 1954 1098 aut
1994 1053 2208 1098 arenae
2256 1035 2584 1099 atrocitati-

254 1134 366 1196 bus
412 1141 514 1195 aut
554 1152 765 1197 scenae
807 1136 1270 1216 turpitudinibus
1316 1135 1712 1198 Christianum
1757 1137 1908 1198 affici
1953 1145 2221 1217 oportet,
2269 1137 2382 1199 wet
2423 1137 2584 1219 quod

256 1243 320 1297 et
356 1253 573 1316 equum
616 1243 675 1297 et
713 1237 1058 1317 pantheram
1102 1245 1162 1298 et
1201 1255 1405 1299 vocem
1450 1237 1677 1299 homini
1722 1238 1926 1300 ¹’deus
1969 1239 2159 1314 dedit,
2223 1238 2432 1301 ¹”sicut
2471 1257 2587 1302 nec

254 1335 389 1398 ideo
432 1335 836 1400 idololatrian‘
884 1338 1125 1418 impune
1167 1338 1399 1400 ”faciat
1439 1339 1843 1412 Christianus,
1900 1339 2036 1418 quia
2092 1338 2186 1401 dei
2229 1339 2584 1402 ²¹conditio⁸

255 1447 348 1500 est
382 1443 449 1500 ‘et
490 1445 587 1499 tus
631 1446 691 1501 et
729 1456 958 1501 merum
989 1447 1050 1499 et
1077 1439 1287 1519 ²²ignis
1330 1440 1425 1519 qui
1469 1440 1762 1514 vescitur,
1808 1449 1868 1502 et
1908 1441 2176 1503 animalia
2219 1459 2370 1521 quae
2409 1441 2582 1504 victi-

251 1557 385 1602 mae
426 1539 601 1614 flunt,
649 1558 780 1602 cum
825 1549 886 1602 et
927 1541 1057 1620 ipsa
1098 1539 1397 1603 ¹³materia
1442 1560 1592 1621 quae
1637 1541 1917 1603 adoratur
1958 1542 2053 1603 dei
2098 1543 2197 1604 sit.
2257 1543 2358 1606 Sic
2384 1543 2580 1623 ”ergo

253 1650 317 1702 et
366 1640 515 1703 circa
574 1652 767 1703 actum
820 1643 1194 1704 materiarum
1251 1661 1469 1705 census
1524 1661 1557 1703 a
1611 1642 1727 1704 deo
1792 1642 2157 1705 descendens
2211 1644 2582 1725 ²‘propterea

251 1741 582 1816 ”excusat,
623 1750 692 1803 ut
734 1742 849 1804 deo
891 1752 1265 1818 extraneum,
1309 1753 1375 1805 ut
1415 1762 1584 1805 reum
1615 1744 1838 1806 scilicet
1864 1743 2085 1824 gloriae
2112 1742 2583 1809 ”saecum-ish?

254 1929 335 1979 14.
371 1927 561 1978 illarum
598 1930 646 1980 in
683 1930 971 1981 hominihus.
1023 1931 1276 1992 Quaeritur
1311 1939 1360 1981 et
1394 1931 1521 1982 unde
1555 1932 1654 1982 sint
1687 1931 1899 1982 conchae
1935 1939 1982 1981 et
2016 1945 2107 1996 qua
2143 1932 2461 1996 dispositione
2495 1932 2582 1983 de-

252 2006 419 2048 corent
453 2004 500 2046 et
536 1997 615 2046 ubi
653 1999 863 2062 speciem
900 2013 1035 2048 suam
1073 2000 1324 2050 collocent.
1373 1999 1491 2048 Nam
1528 2015 1624 2060 eqo.
1699 1999 1886 2049 illarum
1931 2013 2054 2064 quae
2089 1999 2137 2048 iu
2174 2001 2397 2049 omnibus
2433 1997 2582 2065 qu'ae·

248 2065 387 2115 riter.
445 2071 493 2113 et
528 2064 653 2114 unde
688 2067 785 2114 sint
819 2067 1030 2117 conchae
1066 2074 1114 2115 et
1148 2082 1239 2130 qua
1277 2066 1597 2131 dispositione
1633 2067 1887 2116 decurrant
1934 2074 1980 2117 et
2015 2068 2094 2116 uhi
2131 2081 2269 2130 spem
2302 2083 2439 2117 suam
2478 2069 2583 2119 coi-

248 2133 426 2184 loeent.
476 2131 595 2182 Nam
630 2135 681 2184 A.
762 2133 911 2183 latere
948 2135 995 2183 in
1032 2135 1257 2184 omnibus
1291 2138 1537 2200 quaeritur
1571 2142 1619 2184 et
1655 2135 1781 2184 unde
1814 2136 1910 2185 sint
1956 2134 2167 2185 conchae
2203 2143 2251 2185 et
2284 2150 2376 2200 qua
2413 2136 2582 2201 dispo-

248 2201 424 2251 sitione
459 2199 720 2251 decurrant
753 2210 799 2250 et
835 2201 913 2251 ubi
962 2203 1274 2251 collocentur.
1338 2202 1458 2252 Nam
1507 2203 1718 2253 BCDobc.
1822 2202 2031 2252 illarum.
2089 2202 2210 2252 Nam
2258 2205 2336 2264 ιι,
2387 2207 2581 2270 reliquis

246 2269 431 2319 deletis.
503 2267 618 2317 latet
652 2269 699 2318 in
737 2269 977 2330 omnibus,
1014 2273 1286 2334 quaeritur:
1323 2277 1370 2320 et
1404 2271 1531 2319 unde
1565 2270 1663 2319 sint
1697 2269 1906 2319 conchae
1942 2279 1990 2319 et
2024 2283 2115 2334 qus
2154 2270 2471 2332 dispositione
2495 2273 2582 2321 de·-

250 2345 446 2388 currant
480 2344 528 2387 et
560 2336 641 2385 ubi
677 2336 991 2386 collocentur.
1038 2338 1156 2386 Nem
1196 2339 1402 2388 Latinius
1422 2347 1462 2388 et
1482 2340 1651 2389 Ludos.
1674 2339 1730 2386 de
1758 2338 1806 2387 la
1822 2337 1980 2387 Cei-du.
2067 2337 2143 2386 15.
2180 2337 2278 2386 iliis
2307 2340 2391 2388 Aa.
2461 2339 2583 2403 ipsis

244 2405 435 2470 reliqui,
545 2403 617 2453 16.
657 2403 883 2454 idolatria
922 2405 1035 2466 GD„
1083 2421 1166 2469 pro
1201 2421 1341 2455 more.
1450 2405 1526 2455 17.
1579 2414 1626 2454 et
1673 2406 1800 2468 quod
1851 2419 2053 2466 aequum
2089 2406 2138 2455 A.
2220 2405 2332 2470 quia
2380 2406 2498 2456 deus
2534 2414 2583 2459 et

249 2486 426 2535 equum
462 2473 648 2536 reliqui.
757 2471 834 2522 18.
871 2472 990 2522 deus
1025 2473 1153 2522 dedit
1189 2476 1237 2523 A.
1308 2472 1439 2523 dedit
1471 2475 1657 2537 reliqui.
1762 2471 1838 2521 19.
1874 2472 1999 2522 sicut
2033 2487 2123 2521 nec
2155 2473 2205 2521 A.
2275 2488 2364 2522 nec
2396 2476 2582 2540 reliqui.

247 2537 331 2590 20.
371 2540 511 2589 iaciat
544 2539 664 2589 ABG.
738 2539 879 2590 faciet
911 2541 1093 2605 reliqui.
1199 2539 1280 2589 21.
1319 2542 1540 2591 conditos
1576 2549 1623 2590 et
1657 2549 1734 2588 tus
1769 2541 1820 2591 A.
1909 2538 1990 2589 22.
2028 2541 2182 2601 ignem
2217 2541 2267 2590 Δ.
2357 2539 2440 2592 23.
2479 2557 2584 2592 ma-

248 2609 369 2684 terie
402 2610 455 2658 A.
557 2606 641 2657 24.
677 2622 791 2670 ergo
825 2608 1299 2671 AB(m.sec.)Cubcd.
1369 2624 1456 2671 ego
1492 2609 1584 2660 BD.
1665 2606 1745 2658 25.
1784 2617 2038 2673 propterea
2076 2625 2163 2660 om.
2192 2610 2238 2659 d.
2320 2607 2402 2660 26.
2440 2624 2583 2661 excu-

245 2684 324 2727 sat
360 2684 410 2726 ut
445 2691 544 2740 eqo.
614 2683 809 2726 accusat
842 2680 887 2726 d.
960 2685 1210 2727 excusatus
1245 2678 1431 2743 reliqui.
1546 2676 1628 2727 27.
1666 2678 1929 2727 saecularis
1962 2678 2047 2727 Ad.
2117 2677 2362 2727 saeculum
2398 2679 2585 2742 reliqui.

323 2826 367 2861 e.
405 2811 660 2869 Quaeritur
695 2836 762 2847 --
794 2838 862 2847 —
899 2808 1162 2878 collocent]
1212 2812 1373 2874 Rigal-

252 2880 351 2928 tius
395 2878 515 2928 haec
561 2893 615 2928 ex
664 2878 771 2941 ioco
821 2878 956 2929 Plinii
1006 2880 1062 2929 H.
1099 2880 1152 2929 N.
1193 2881 1267 2937 lx,
1289 2878 1369 2929 33.

254 2947 436 2995 invecta
475 2942 732 2996 arbitratus
767 2946 953 2996 delevit.
1035 2947 1129 2997 Sed
1166 2948 1369 2997 vindico.

257 3013 498 3073 Ceterum,
515 3015 705 3078 ¹inquit,
742 3015 782 3063 si
806 3014 1030 3063 materiae
1056 3029 1109 3064 ex
1131 3014 1219 3064 deo
1241 3024 1370 3075 sunt,

246 3095 365 3131 ‚non
400 3082 554 3131 statim
592 3090 641 3132 et
672 3082 946 3133 huiusmodi
976 3083 1158 3133 fruetus
1177 3083 1367 3132 illarum

241 3136 297 3199 ¹n
344 3149 633 3200 hominibus.
706 3150 785 3200 Sic
821 3151 1031 3200 conchae
1073 3152 1220 3200 maris
1256 3159 1368 3200 sunt

249 3232 312 3267 ex
347 3217 661 3282 dispositione
699 3218 791 3278 dei,
830 3219 971 3281 igitur
1006 3227 1051 3267 et
1082 3219 1226 3268 maris
1246 3233 1364 3283 pro·

245 3285 402 3335 funda
454 3287 683 3335 decorent
728 3301 816 3335 suo
870 3287 1034 3335 colore
1082 3295 1129 3336 et
1175 3288 1220 3336 in
1279 3287 1365 3336 illo

247 3355 465 3418 speciem
503 3368 638 3402 suam
667 3354 908 3404 collocent
931 3363 1073 3419 atque
1093 3356 1363 3415 ostendant,

247 3435 350 3471 non
387 3423 434 3471 in
470 3421 681 3471 artificiis
718 3431 765 3471 et
800 3421 996 3471 luxuriis
1034 3423 1295 3472 hominum.

323 3490 353 3537 t.
392 3488 518 3537 sicut
536 3503 625 3538 nec
646 3490 753 3539 ideo
775 3487 1103 3553 idololatrian]
1142 3491 1363 3554 Cyprian-

242 3556 322 3606 De
357 3556 529 3606 Habitu
552 3556 675 3618 virg.
712 3572 756 3620 p.
773 3556 856 3606 97.
883 3558 979 3615 (ed.
999 3557 1173 3617 Oxou.)
1207 3558 1363 3617 „Nam

243 3624 493 3687 delinquis
530 3632 578 3673 et
610 3624 703 3674 hoc
747 3627 853 3688 ipso
904 3626 951 3674 in
999 3624 1159 3685 deum,
1214 3627 1255 3675 si
1303 3625 1363 3674 ad

241 3693 346 3741 hoc
380 3691 464 3741 tibi
501 3691 560 3739 ab
596 3691 682 3741 illo
718 3692 902 3741 divitias
938 3693 1071 3742 datas
1101 3693 1280 3753 credis,
1316 3700 1368 3743 ut

242 3759 351 3810 illis
386 3773 483 3808 non
520 3759 778 3810 salubriter
813 3761 1092 3824 perfruaris.
1163 3760 1282 3810 Nam
1321 3768 1368 3810 et

240 3840 417 3877 vocem
453 3827 573 3876 deus
610 3828 789 3877 homini
826 3827 972 3887 dedit,
1009 3836 1057 3876 et
1091 3836 1249 3877 tamen
1271 3842 1365 3878 non

242 3901 366 3945 sunt
401 3894 579 3944 idcirco
617 3895 845 3945 amatoria
883 3895 1112 3945 cantanda
1149 3911 1240 3946 nec
1263 3903 1367 3945 tur-

240 3963 361 4028 pia:
401 3969 447 4012 et
482 3962 661 4012 terrum
699 3977 807 4013 esse
842 3963 901 4011 ad
938 3963 1171 4012 culturam
1209 3971 1368 4013 terrae

243 4031 375 4081 deus
408 4030 574 4089 voluit,
627 4045 716 4080 nec
752 4031 1005 4080 homicidia
1042 4039 1154 4081 sunt
1186 4031 1365 4082 idcirco

240 4097 500 4148 facienda:
555 4106 637 4148 aut
684 4099 792 4162 quia
842 4098 978 4148 thura
1019 4105 1066 4147 et
1101 4113 1282 4149 merum
1320 4107 1368 4149 et

239 4167 414 4228 ignem
460 4166 580 4215 deus
629 4166 846 4226 instituit,
893 4168 1257 4217 sacrificandum
1294 4174 1369 4217 est

237 4233 366 4284 inde
400 4234 561 4293 idolis,
596 4234 667 4284 vel
705 4234 817 4299 quia
851 4235 1094 4285 abundant
1127 4236 1365 4299 pecudum

238 4314 425 4365 greges
460 4302 507 4351 in
545 4303 674 4364 agris
708 4302 839 4351 tuis“
876 4310 982 4352 cett.

318 4382 365 4431 g.
404 4367 637 4433 conditio]
691 4369 742 4418 V.
779 4369 939 4420 adnot.
976 4370 1035 4419 ad
1071 4369 1139 4419 De
1175 4370 1365 4429 Corona

316 4504 371 4554 h.
408 4505 489 4554 Sic
512 4518 638 4568 ¹ergo
675 4527 741 4540 -
774 4511 1033 4569 propterea
1071 4513 1279 4565 excusat,
1318 4513 1372 4555 ut

235 4574 346 4635 deo
385 4579 680 4630 extraneum,
716 4579 771 4622 ut
802 4585 938 4621 reum
975 4572 1158 4621 scilicet
1189 4573 1371 4635 gloriae

233 4636 585 4703 saeculum]
643 4639 709 4690 lta
757 4640 1092 4702 corrigendum
1145 4648 1263 4702 erat,
1324 4646 1373 4690 et

230 4708 648 4772 interrogationis
669 4708 806 4773 signo
826 4706 1158 4759 claudendum.
1207 4706 1374 4773 Rigal-

1469 2814 1565 2862 tius
1600 2812 1718 2861 satis
1753 2811 1998 2861 audaciter
2033 2810 2186 2860 deleta
2219 2826 2331 2861 voce
2346 2820 2586 2876 propterea

1470 2894 1560 2943 pro
1597 2887 1786 2929 excusat
1821 2879 2037 2941 reposuit
2072 2886 2272 2940 accusat,
2332 2881 2392 2928 ita
2432 2889 2581 2933 inter-

1470 2954 1713 3011 pretatus:
1752 2947 1876 3007 „Hic
1910 2947 2052 2995 etiam
2089 2946 2268 3011 aliquid
2294 2946 2583 2999 indulsimus

1471 3014 1791 3071 coniecturae,
1827 3014 1900 3062 sic
1935 3022 2093 3063 tamen
2123 3022 2182 3064 nt
2219 3013 2338 3062 ratio
2361 3023 2583 3065 constare

1471 3081 1643 3131 debeat
1679 3080 1802 3145 apud
1825 3080 2005 3132 iudices
2030 3083 2152 3131 haud
2176 3083 2381 3146 iniquos.
2417 3086 2582 3133 Actum

1469 3158 1603 3199 vocat
1638 3149 1961 3199 Tertullianus
2012 3164 2170 3199 rerum
2208 3167 2232 3199 a
2270 3151 2360 3199 deo
2397 3160 2584 3202 creata-

1466 3233 1571 3267 rum
1609 3233 1766 3277 usum,
1822 3232 1928 3267 cum
1979 3232 2032 3268 ex
2069 3218 2127 3266 iis
2162 3217 2341 3283 aliquid
2380 3219 2582 3280 agimus,

1466 3301 1574 3336 cum
1611 3287 1671 3335 iis
1708 3286 1884 3335 utimur
1919 3286 1978 3335 ad
2015 3293 2170 3335 actum
2208 3287 2307 3334 sive
2343 3287 2582 3336 actionem

1468 3353 1928 3417 cuiusmodicunque
1972 3357 2050 3404 sit.
2130 3340 2432 3403 Mate-riarium
2469 3370 2582 3405 vero

1465 3437 1549 3471 seu
1586 3434 1748 3470 rerum
1797 3429 2062 3471 creatarum
2116 3422 2291 3486 duplex
2340 3429 2415 3471 est
2464 3438 2582 3473 ceu-

1466 3504 1568 3547 ωε,
1606 3489 1699 3538 hoc
1733 3497 1806 3538 est
1841 3489 2019 3553 duplici
2053 3488 2438 3540 consideratione
2465 3506 2584 3541 cen-

1465 3563 1634 3607 sentur
1653 3557 2069 3623 aestimanturqne.
2108 3557 2225 3608 Nam
2247 3558 2386 3607 siiter
2405 3573 2582 3623 equum

1467 3624 1767 3675 Christianus
1787 3625 2015 3685 censebit,
2041 3626 2181 3676 aliter
2199 3625 2405 3688 gentilis.
2446 3627 2580 3690 Equo

1467 3691 1768 3742 Christianus
1801 3700 1975 3754 utetur,
2013 3700 2063 3743 ut
2092 3698 2289 3743 naturae
2313 3692 2382 3742 vei
2409 3695 2582 3745 aetatis

1466 3759 1844 3809 imbecillitatem
1881 3761 2112 3819 sublevet,
2167 3768 2217 3810 ut
2253 3761 2482 3811 maturius
2519 3762 2580 3811 ad

1465 3828 1810 3877 sacrificiorum
1850 3826 2119 3877 oblationes
2157 3827 2472 3877 celebrandas
2508 3828 2580 3877 vei

1466 3895 1525 3944 ad
1564 3894 1638 3944 dei
1689 3907 1962 3943 sermonem
2015 3896 2442 3944 administrandum
2494 3910 2583 3944 au-

1466 3962 1749 4012 diendumve
1786 3969 2022 4021 occurrat,
2076 3969 2127 4010 ut
2174 3962 2308 4012 fratri
2345 3961 2584 4013 laboranti

1468 4030 1596 4080 adsit
1628 4029 1854 4089 velocius,
1902 4037 1952 4079 ut
1985 4029 2280 4079 vulneratum
2315 4046 2341 4079 a
2379 4028 2583 4081 latroni-

1466 4098 1559 4149 bus
1596 4098 1644 4146 in
1680 4098 1942 4162 hospitium
1978 4098 2159 4161 portari
2196 4098 2582 4148 curet'commo-

1469 4162 1606 4216 dius:
1642 4173 1689 4214 at
1709 4165 1899 4229 gentilis
1915 4180 2088 4230 equum
2112 4166 2270 4215 carius
2290 4173 2414 4216 emet
2438 4182 2581 4233 quam

1466 4234 1816 4303 paedagogum,
1867 4249 1922 4283 ac
1969 4233 2244 4296 diligentius
2280 4232 2460 4284 erudiri
2496 4250 2583 4285 cu-

1467 4302 1593 4351 rabit
1629 4316 1771 4367 quam
1809 4301 1975 4361 fllium,
2025 4310 2076 4352 ut
2128 4303 2253 4354 notis
2289 4302 2487 4352 flexibus
2523 4300 2584 4351 ad

1468 4377 1620 4421 metas
1657 4369 1704 4419 in
1742 4371 1869 4419 circo
1906 4369 2145 4432 decurrat,
2179 4371 2402 4434 opposita
2427 4369 2583 4419 effun-

1471 4436 1567 4495 dat,
1623 4437 1831 4500 palmam
1891 4446 2110 4501 occupet,
2177 4438 2305 4487 unde
2354 4445 2586 4500 sequatur

1469 4504 1599 4555 aliud
1649 4504 1784 4564 nihil,
1839 4505 1930 4553 nisi
1983 4513 2037 4555 nt
2086 4504 2367 4554 insanientis
2413 4501 2584 4567 popuii

1472 4571 1763 4622 clamoribus
1810 4572 2050 4623 efferatur.
2122 4571 2263 4622 Clara
2312 4572 2424 4632 fuga
2471 4578 2586 4620 ante

1472 4639 1594 4690 alios
1630 4647 1677 4689 et
1712 4638 1898 4703 primus
1944 4641 1992 4689 iu
2027 4653 2236 4703 aequore
2271 4638 2440 4703 pulvis.
2509 4638 2587 4689 Ait

1469 4707 1613 4771 igitur
1660 4706 2016 4770 Tertullianus,
2073 4707 2217 4759 unius
2273 4705 2590 4772 eiusdemque
