3263 5311
1189 443 1267 486 nt
1309 441 1720 490 nmmum.
2495 428 2623 493 647

286 611 421 656 eam
464 610 701 656 omnem
746 611 1037 656 summam
1079 593 1424 675 disciplinae
1468 585 1665 655 “suae
1707 591 1963 668 sanciat,
2021 591 2408 658 dubitandum
2449 594 2624 672 ¹“est,

286 696 445 760 sicut
484 695 548 760 in
587 693 883 758 universis
924 685 1154 758 actibus
1198 694 1452 769 nostris,
1508 694 1587 757 ita
1628 693 1693 755 in
1733 693 2125 774 paenitentiae
2167 713 2404 776 quoque
2447 715 2624 760 causa

284 795 573 860 iustitiam
604 796 729 862 ,deo
772 797 1187 877 praestandam
1229 792 1412 859 esse?
1453 797 1617 877 quod
1643 795 1881 877 quidem
1910 794 1992 857 ita
2019 794 2254 877 impleri
2291 796 2522 871 licebit,
2569 799 2623 860 si

281 898 545 980 peccatis
590 891 966 961 solummodo
1010 897 1376 961 adhibeatur.
1448 896 1639 960 Porro
1669 906 1974 978 peccatum
2007 896 2127 959 nisi
2155 897 2376 960 malum
2404 899 2623 961 factum

284 999 404 1063 dici
448 1017 572 1062 non
627 1008 920 1075 meretur,
993 1017 1104 1062 nec
1156 998 1472 1079 quisquam
1524 998 1950 1062 benefaciendo
1994 998 2299 1079 delinquit.
2389 999 2621 1073 Quodsi

284 1119 412 1165 non
440 1100 756 1182 delinquit,
801 1119 908 1163 cur
944 1099 1364 1181 paenitentiam
1398 1098 1650 1175 invadit,
1696 1097 2160 1181 delinquentium
2200 1100 2626 1180 ²¹privatum·?

286 1201 409 1265 Cur
448 1202 706 1266 malitiae
747 1202 1007 1266 officium
1034 1201 1284 1265 bonitati
1314 1220 1459 1264 suae
1487 1199 1841 1282 ²²imponit?
1903 1201 1989 1264 Ita
2016 1200 2301 1277 ¹'evenit,
2346 1209 2444 1275 ut,
2490 1219 2625 1266 cum
2689 1199 2694 1209 '

285 1304 507 1385 aliquid
549 1304 651 1367 uhi
693 1321 816 1365 non
861 1311 1095 1384 oportet
1137 1303 1477 1376 adhibetur,
1522 1302 1642 1366 illic
1682 1302 1784 1365 uhi
1826 1310 2065 1384 oportet
2104 1303 2467 1384 neglegatur.

458 1405 729 1480 Quorum
774 1422 916 1484 ergo
958 1404 1315 1484 paenitentia
1359 1404 1515 1468 iusta
1558 1412 1620 1466 et
1660 1404 1857 1468 debita
1899 1402 2193 1477 videatur,
2239 1404 2300 1466 id
2343 1414 2434 1468 est
2474 1424 2624 1485 quae
2657 1432 2763 1489 cap,
2781 1434 2858 1480 m.

282 1506 503 1570 delicto
548 1506 877 1588 deputanda
921 1506 1071 1579 sint,
1112 1506 1281 1570 locus
1312 1506 1549 1587 quidem
1578 1506 1913 1587 expostulat
1940 1503 2280 1581 denotat-eg
2323 1507 2431 1568 sed
2461 1506 2622 1570 otio-

238 1647 251 1655 ·
276 1627 425 1671 -sum
466 1608 651 1672 videri
693 1616 912 1689 potest.
1005 1607 1261 1670 Domino
1304 1609 1464 1670 enim
1507 1608 1744 1689 cognito
1788 1607 1945 1669 ultro
1992 1597 2234 1686 spiritus
2276 1626 2310 1668 a
2356 1626 2468 1669 suo
2511 1627 2621 1671 au-

281 1720 455 1774 ctore
497 1711 841 1790 'respectus
886 1709 1132 1789 emergit
1173 1709 1247 1771 ad
1288 1709 1557 1772 notitiam
1603 1710 1900 1779 veritatis,
1946 1717 2006 1771 et
2046 1708 2345 1771 admissus
2390 1710 2464 1771 ad
2506 1708 2621 1772 do-

281 1812 503 1875 minica
543 1820 856 1893 praecepta
909 1829 980 1872 ex
1038 1810 1191 1891 ipsis
1233 1811 1430 1873 statim
1475 1811 1744 1874 eruditur
1796 1811 1856 1872 id
1897 1810 2171 1890 ’peccato
2226 1810 2624 1891 deputandum

248 1934 325 1976 -a
366 1931 485 1994 quo
531 1913 680 1975 deus
727 1920 940 1974 arceat.
1015 1912 1342 1986 Quoniam,
1388 1932 1522 1975 cum
1565 1912 1775 1975 ³deum
1818 1913 2039 1992 grande
2082 1911 2221 1992 quid
2266 1911 2442 1975 ⁴boni
2472 1931 2622 1974 con·

280 2023 410 2079 stet
451 2033 620 2088 esse,
665 2015 868 2095 utique
910 2014 1072 2076 hono
1116 2015 1235 2076 nisi
1277 2014 1494 2077 malum
1535 2032 1656 2075 non
1687 2014 2057 2095 displiceret,
2101 2013 2260 2093 quod
2287 2012 2444 2076 inter
2472 2032 2622 2078 con·

276 2116 465 2180 traria
509 2115 625 2178 sihi
666 2114 825 2197 nulla
868 2115 1120 2176 amicitia
1163 2124 1276 2176 est.
1384 2116 1790 2195 Perstringere
1844 2123 2041 2177 tamen
2083 2132 2206 2176 non
2247 2115 2473 2195 pigebit
2513 2116 2622 2178 de-

278 2220 559 2281 lictorum
602 2217 889 2297 quaedam
932 2234 1068 2278 esse
1110 2216 1391 2289 carnalia,
1461 2217 1517 2277 id
1576 2225 1673 2278 est
1724 2216 2085 2296 corporalia,
2152 2214 2440 2295 quaedam
2481 2235 2622 2279 vero

278 2318 633 2401 ‘spiritalia
739 2317 888 2379 Nam
952 2335 1086 2378 cum
1142 2336 1214 2379 ex
1267 2317 1379 2379 hac
1431 2317 1684 2397 duplicis
1748 2316 2115 2379 substantiae
2169 2317 2624 2399 congregatione

278 2422 593 2483 contectus
636 2419 820 2481 homo
864 2418 972 2491 sit,
1018 2435 1142 2481 non
1184 2418 1419 2481 aliunde
1460 2418 1748 2499 delinquit
1789 2437 1962 2498 quam
1992 2419 2149 2480 unde
2179 2426 2432 2481 constat.
2502 2417 2623 2482 Sed

282 2541 409 2585 non
441 2540 515 2584 eo
543 2521 735 2583 ‘inter
763 2540 829 2583 se
859 2520 1167 2593 differunt,
1213 2519 1372 2599 quod
1415 2537 1635 2602 eorpus
1679 2527 1741 2581 et
1782 2520 2027 2600 spiritus
2073 2520 2191 2581 duo
2238 2529 2377 2583 sunt
2411 2520 2619 2597 (731ἰο-

282 2624 468 2705 quinb
514 2642 587 2687 eo
632 2623 819 2703 magis
861 2623 1025 2703 paria
1071 2629 1241 2695 sunt,
1287 2620 1423 2702 quia
1467 2620 1585 2683 duo
1627 2639 1813 2684 unum
1856 2620 2171 2699 efficiunt),
2216 2639 2292 2684 ne
2334 2623 2468 2704 quis
2508 2639 2620 2702 pro

280 2726 624 2788 diversitate
670 2724 1044 2787 materiarum
1086 2733 1325 2805 peecata
1368 2741 1574 2786 eorum
1630 2723 1958 2797 discernat,
2018 2731 2082 2785 ut
2133 2722 2381 2786 alterum
2437 2722 2622 2785 altero

280 2826 474 2889 levius
518 2835 619 2889 aut
660 2827 893 2907 gravius
940 2826 1251 2888 existimet.
1336 2824 1651 2905 ⁸Siquidem
1694 2833 1753 2887 et
1794 2843 1930 2886 caro
1974 2834 2034 2886 et
2074 2824 2319 2904 spiritus
2363 2824 2456 2885 dei
2500 2842 2621 2898 res,

284 2928 401 2991 alia
442 2948 619 2991 manu
663 2929 793 2991 eius
838 2946 1151 3008 expressa,
1208 2926 1318 2988 alia
1362 2928 1561 2988 afflatu
1604 2926 1734 2987 eius
1779 2933 2200 2987 consummata.
2290 2925 2436 2987 Cum
2479 2944 2622 3006 ergo

285 3048 363 3091 ex
430 3030 591 3109 pari⁶
654 3029 727 3092 ad
799 3030 1102 3092 dominum
1171 3028 1538 3107 pertineant,
1611 3027 2001 3107 quodcunque
2074 3045 2282 3115 eorum
2353 3026 2619 3106 delique-

280 3130 397 3205 rit,
452 3151 522 3194 ex
569 3132 697 3213 pari
740 3131 1044 3193 dominum
1101 3129 1367 3191 offendit.
1476 3129 1566 3189 An
1607 3136 1675 3189 tu
1729 3126 2035 3189 discernas
2092 3136 2256 3190 actus
2311 3127 2503 3190 carnis
2559 3136 2622 3189 et

280 3232 571 3314 spiritus,
620 3251 873 3313 quorum
916 3241 976 3293 et
1017 3231 1079 3292 in
1121 3231 1236 3293 vita
1279 3238 1340 3293 et
1381 3231 1443 3291 in
1485 3237 1678 3291 morte
1721 3236 1782 3291 et
1823 3229 1883 3289 in
1926 3229 2364 3317 resurrectiope
2392 3236 2619 3291 tantum

277 3334 724 3399 communionis
768 3342 943 3414 atque
987 3332 1277 3395 consortii
1323 3342 1447 3407 est,
1499 3339 1566 3393 ut
1607 3330 1832 3412 pariter
1872 3337 2014 3391 tunc
2054 3341 2155 3393 aut
2195 3330 2259 3392 in
2299 3331 2478 3393 vitam
2521 3338 2621 3393 aut

276 3437 349 3499 in
411 3434 691 3498 iudicium
757 3435 1152 3508 suscitentur,
1215 3434 1350 3515 quia
1409 3431 1906 3512 scilicet‘pariter
1958 3440 2060 3493 aut
2114 3431 2468 3512 deliquerint
2519 3440 2621 3493 aut

277 3538 671 3599 ⁸innocenter
700 3534 971 3616 egerint?
1034 3536 1165 3597 Hoc
1206 3554 1287 3602 eo,
1320 3533 1837 3615 praemiserimus,
1881 3540 1949 3594 ut
1975 3552 2097 3595 non
2127 3533 2421 3595 minorem
2448 3533 2617 3596 alteri

278 3691 368 3743 19.
405 3705 523 3741 suae
557 3690 742 3741 sanciat
774 3691 926 3752 abed„
952 3690 1228 3740 Gorziensis.
1299 3687 1485 3738 sanciat
1516 3688 1720 3747 (sauciat
1734 3688 1936 3737 Florem.
1972 3685 2175 3736 sanctiat
2190 3684 2393 3744 B.)ABG.
2415 3688 2616 3738 Floreat.

274 3759 368 3812 2⁰.
405 3773 500 3809 nou
537 3766 613 3808 est
644 3761 717 3811 A..
800 3757 883 3808 21.
921 3758 1157 3807 Privatum
1194 3770 1280 3806 cur
1316 3755 1449 3807 Cabe.
1529 3746 1740 3806 Latinius
1774 3756 1894 3805 delet
1935 3755 2185 3818 privatum,
2241 3755 2318 3804 Fr.
2338 3756 2498 3805 Iunius
2529 3769 2614 3818 pro

276 3844 338 3880 eo
372 3829 552 3893 reponit
585 3834 851 3890 peecatum.
955 3823 1037 3874 22.
1076 3822 1338 3888 imponitur
1371 3823 1422 3873 B.
1458 3824 1659 3873 florent.
1763 3821 1844 3872 23.
1883 3823 2057 3872 invenit
2091 3821 2179 3871 AB.
2213 3822 2416 3871 Floreat.

421 3895 539 3958 Cap.
574 3893 657 3943 ill.
735 3894 775 3942 l.
814 3907 1069 3959 respersus
1103 3895 1337 3943 A.m.sec.
1423 3889 1470 3940 2.
1509 3890 1764 3955 peecatiB.
1833 3897 2082 3955 peccatum
2100 3890 2151 3938 A.
2238 3888 2286 3938 3.
2325 3887 2614 3939 dominiAB.

274 3964 332 4014 4.
371 3962 551 4012 bonum
587 3969 751 4011 censet
786 3961 872 4011 AB.
955 3962 1002 4011 5.
1039 3960 1307 4024 spiritualia
1342 3958 1394 4008 B.
1475 3957 1523 4008 6.
1558 3959 1680 4008 intra
1705 3957 1753 4006 B.
1834 3956 1883 4006 ἵ.
1915 3956 2127 4020 alioquin
2150 3956 2226 4005 Ga.
2295 3955 2475 4020 alioqui
2511 3957 2614 4009 bod.

272 4027 423 4096 Atqu‘i
456 4029 544 4080 AB.
613 4030 742 4094 atqui
777 4032 829 4080 A.
863 4044 923 4078 m.
958 4044 1049 4079 sec.
1166 4027 1213 4077 8.
1248 4028 1529 4077 innocentes
1566 4027 1614 4076 d.

352 4146 393 4181 s.
439 4130 818 4196 delinquentium
869 4088 1100 4194 &iratum
1118 4124 1169 4195 2³]
1230 4129 1401 4179 Paeni-
1501 4142 1663 4193 „quae
1719 4129 1902 4191 privata
1963 4133 2012 4175 et
2073 4125 2268 4191 propria
2332 4133 2470 4193 sunt,
2506 4138 2615 4175 sce·

273 4200 480 4251 tentiam
516 4200 633 4250 dicit
680 4212 789 4249 esse
824 4197 1206 4262 delinquentium
1242 4197 1400 4261 priva·
1502 4196 1627 4246 nae“
1667 4202 1778 4245 cett.

271 4278 405 4327 tum,
457 4268 550 4318 hoc
583 4275 659 4316 est
692 4279 793 4317 rem
830 4273 879 4315 et
913 4280 1075 4316 curam
1111 4264 1400 4329 delinquen·
1570 4263 1688 4328 Cap.
1725 4262 1806 4312 ΙΙΙ.
1865 4277 1908 4311 a.
1945 4260 2082 4312 locus
2117 4260 2310 4326 quidem
2348 4259 2619 4325 expostulat

274 4339 403 4388 tium
439 4336 685 4398 propriam
724 4343 772 4384 et
793 4334 1038 4397 privatam.
1096 4333 1277 4383 Iniuste
1313 4347 1401 4382 au·
1502 4325 1804 4394 denotareJ·
1841 4330 1914 4381 Cf.
1950 4329 2109 4379 adnot.
2148 4330 2208 4379 ad
2243 4329 2311 4379 Ad
2344 4331 2471 4379 Natt-
2507 4327 2614 4389 1‚·1.
2657 4378 2662 4381 .

273 4414 382 4456 tem
430 4403 541 4453 iacit
586 4403 666 4466 qui
715 4402 908 4465 privatis
961 4401 1109 4451 utitur
1157 4407 1399 4465 tamquam
1570 4400 1618 4448 b.
1668 4393 1906 4463 alioquin]
1961 4399 2076 4447 Pars
2130 4397 2364 4447 librorum
2414 4392 2616 4459 praebet

273 4471 622 4524 communibus
657 4478 706 4519 et
741 4468 963 4533 publicis.
999 4468 1210 4530 (Rigalt.)
1257 4470 1402 4517 Recte
1503 4469 1666 4531 atquin
1699 4480 1790 4530 pru
1824 4466 2049 4529 alioquin.
2085 4465 2255 4514 Posset
2277 4463 2483 4514 defendi.
2539 4461 2614 4511 Cf.

270 4537 532 4600 mgnum.
585 4538 776 4600 Vulgata
799 4537 1119 4600 interpunctio
1139 4544 1244 4585 erat
1276 4538 1407 4596 „de-
1503 4533 1664 4583 adnot.
1702 4532 1764 4581 ad
1802 4531 1869 4581 De
1902 4533 2029 4595 Fuga
2066 4532 2113 4581 in
2154 4531 2392 4581 Persecut-
2430 4543 2532 4592 cap.
2566 4528 2615 4579 6.

270 4607 627 4671 linquat-utinm?
678 4606 909 4655 meatum
943 4618 1025 4655 cur
1056 4603 1264 4654 malitiae
1297 4605 1402 4667 em-
1573 4616 1614 4650 c.
1653 4615 1708 4650 ex
1743 4596 1875 4664 pari}
1911 4600 1982 4650 Cr.
2020 4599 2181 4651 adnot.
2218 4600 2276 4648 ad
2293 4598 2390 4646 ¹lib.
2412 4597 2480 4647 Ad
2497 4597 2619 4647 Sca-

270 4671 448 4728 eium“
494 4681 604 4723 cett.
686 4673 759 4723 Cf.
806 4671 877 4722 De
921 4672 1140 4735 Spectae.
1199 4685 1307 4735 cap.
1342 4669 1404 4720 10
1503 4669 1670 4733 putam
1709 4681 1812 4730 cap.
1837 4665 1883 4719 2.
