3263 5311
928 462 1007 506 aa
1047 454 1509 507 manneus
1553 463 1918 514 matu-1⁵1⁸.
2491 456 2607 518 ⁷51
2652 459 2684 476 ⁸

251 611 434 678 modo
488 610 868 692 intelleffltnr.
974 612 1112 678 Non
1167 611 1276 676 tibi
1331 607 1550 678 suffim‘t
1603 614 1679 676 de
1720 633 1957 680 summo
2000 615 2101 677 illo
2146 615 2609 684 “immaculatae

254 712 608 794 virginitatis
653 711 896 793 ”gradu
936 711 1001 774 in
1044 714 1372 776 secundum
1417 714 1759 778 ”recidisse
1800 716 2111 791 nubendo,
2163 716 2329 780 ⁸¹sed
2372 720 2435 781 in
2479 728 2573 782 ter

255 815 406 880 tium
447 814 642 876 adhuc
683 813 1044 888 devolveris,
1092 815 1240 877 etin
1271 823 1542 894 quartum
1562 862 1579 890 ,
1624 824 1686 878 et
1712 816 2043 879 ”fortassis
2070 817 2133 878 in
2158 818 2385 897 plures,
2428 829 2608 899 post-

253 933 431 995 quam
476 915 538 976 in
581 915 838 977 secunda
881 915 1139 978 statione
1184 915 1496 979 continens
1526 934 1649 978 non
1678 916 1841 978 fuisti
1863 963 1879 990 ,
1922 918 2061 996 quia
2091 935 2205 978 nee
2230 917 2608 997 ”prohibere

255 1015 458 1095 plures
499 1015 738 1095 nuptias
779 1014 968 1077 voluit
1010 1014 1110 1096 qui
1154 1017 1230 1078 de
1273 1016 1555 1078 secundis
1583 1016 2033 1098 “provocandis
2066 1019 2417 1080 retractavit.
2476 1019 2605 1083 Nu-

245 1116 469 1178 -bamus
515 1115 693 1195 igitur
721 1117 1038 1197 “quotidie
1059 1164 1075 1191 ,
1122 1124 1179 1178 et
1221 1115 1516 1180 nubentes
1559 1117 1633 1179 ab
1678 1117 1887 1180 ultimo
1930 1118 2028 1180 die
2072 1119 2609 1200 deprehendamur,

253 1225 556 1296 tamquam
601 1217 863 1280 Sodoma
905 1226 966 1279 et
1008 1218 1329 1291 Gomorra,
1375 1237 1493 1297 quo
1535 1218 1636 1280 die
1677 1237 1787 1280 ns.
1830 1218 1970 1281 illud
2002 1239 2185 1300 super
2214 1230 2609 1301 praegnantes

255 1318 377 1379 “et
417 1317 702 1380 laetantes
744 1317 1189 1400 adimplebitur,
1248 1319 1318 1380 id
1353 1327 1452 1380 est
1491 1319 1734 1400 ⁶'super
1776 1320 2077 1383 “maritos
2125 1329 2187 1382 et
2225 1322 2606 1385 incontinen-

255 1425 386 1492 tes;
430 1419 506 1480 de
547 1419 772 1499 nuptiis
817 1418 974 1480 enim
1018 1419 1173 1481 uteri
1219 1427 1280 1480 et
1321 1419 1560 1481 ³''ubera
1606 1427 1665 1482 et
1704 1419 1982 1484 infantes.
2072 1421 2147 1483 Et
2188 1422 2424 1502 quando
2470 1425 2606 1486 linis

261 1518 572 1582 nubendi?
659 1519 854 1580 Gredo
893 1528 1035 1599 post
1075 1521 1253 1581 finem
1296 1520 1642 1581 ”vivendvh

428 1619 887 1686 'Renuntiemus
933 1620 1299 1693 carnalibus,
1346 1628 1413 1683 nt
1453 1620 1769 1712 aliquando
1815 1622 2101 1701 spiritalia
2133 1623 2604 1688 ²l'ructifieemus.
2644 1645 2751 1704 cap..
2778 1645 2833 1689 x.

256 1721 421 1801 Rape
464 1722 869 1793 occasionem,
915 1722 1030 1782 etsi
1071 1721 1814 1802 non.³axoptatissimam,
1860 1724 2148 1785 “attamen
2194 1733 2610 1804 opportunam,

257 1840 384 1884 non
425 1821 646 1884 habere
688 1821 782 1885 cui
826 1822 1087 1884 debitum
1132 1823 1438 1885 ⁵solveres
1494 1832 1554 1884 et
1612 1841 1646 1884 a
1690 1842 1808 1903 quo
1854 1824 2265 1887 exsolvereris.
2353 1826 2611 1888 “Desisti

257 1942 397 1985 esse
441 1922 694 1985 debitor.
787 1923 840 1985 0
883 1931 941 1984 te
985 1921 1242 1986 felicem!
1327 1923 1654 1985 ⁷Dimisisti
1699 1924 2060 1988 debitorem:
2123 1926 2393 1988 ¹'sustine
2436 1927 2608 1990 dam-

256 2043 421 2088 num.
511 2023 671 2097 Quid
725 2024 810 2096 si,
870 2024 1031 2104 quod
1074 2024 1367 2086 ”diximus
1413 2025 1724 2099 damnum,
1782 2026 2010 2088 lucrum
2068 2025 2399 2089 ¹⁰senties?
2495 2028 2614 2089 Per

255 2124 688 2206 continentiam
733 2125 976 2186 enim.¹¹
993 2115 1392 2205 negotiaberis
1435 2144 1710 2204 magnam
1767 2127 2160 2191 substantiam
2207 2128 2611 2202 ¹²sanetitatis‚

181 2283 192 2290 .
261 2216 681 2306 ”parsimonia
747 2226 942 2287 carnis
989 2205 1284 2306 *spiritum
1337 2225 1624 2304 acquires.
1734 2227 2146 2307 Recogitemus
2205 2230 2363 2290 enim
2418 2229 2612 2314 ipsam

255 2326 686 2388 conscientiam
741 2334 1043 2404 nostram,
1089 2345 1265 2406 quam
1310 2326 1542 2388 ¹⁴alium
1587 2346 1657 2388 se
1698 2327 1880 2389 homo
1927 2329 2176 2400 sentiat,
2223 2347 2355 2389 cum
2403 2328 2611 2390 ¹⁶l'orte

259 2445 297 2489 a
343 2445 451 2488 sua
494 2427 709 2488 semina
753 2435 969 2490 cessat.
1063 2426 1510 2506 ¹⁸¹’Spiritaliter
1552 2428 1727 2506 sapit.
1824 2428 1906 2489 Si¹
1934 2429 2261 2490 orationem
2308 2428 2495 2491 ¹⁸facit
2536 2428 2611 2490 ad

258 2527 604 2601 dominum,
653 2528 932 2608 ¹⁶¹³prope
977 2534 1069 2589 est
1111 2527 1295 2590 eaelo.
1387 2528 1512 2590 “Si
1557 2529 1868 2608 seripturis
1913 2528 2231 2603 incumbit,
2288 2537 2450 2591 totus
2493 2529 2613 2594 inte

239 2637 377 2692 est.
467 2628 531 2690 Si
573 2628 865 2709 psalmum
908 2629 1096 2703 canit,
1138 2629 1331 2709 placet
1371 2629 1505 2692 sibi.
1597 2629 1714 2692 ¹·Si
1757 2631 2105 2693 daemonem
2150 2629 2414 2705 adiurat,
2461 2648 2609 2693 con-

257 2782 345 2833 48.
382 2781 718 2832 immaculatae
738 2783 821 2832 Ad.
871 2771 1100 2832 inuxora'e
1137 2784 1280 2832 etiam
1300 2784 1400 2833 obe.
1471 2782 1668 2833 iunxere
1704 2784 1844 2833 etiam
1871 2785 1923 2834 D.
1975 2786 2167 2832 iunxere
2207 2784 2365 2831 animo
2402 2783 2542 2830 etiam
2559 2783 2611 2832 B.

256 2849 345 2900 49.
382 2851 648 2899 secundum
686 2850 884 2911 gradum
934 2851 982 2898 in
1017 2850 1282 2899 secundum
1319 2850 1370 2899 Β.
1492 2850 1571 2899 50.
1624 2852 1883 2901 reccidisse
1918 2849 2032 2915 Αφ.
2120 2850 2385 2913 deliquisse
2435 2849 2613 2899 BDebe.

255 2918 346 2969 51.
382 2917 468 2967 sed
507 2918 553 2966 in
593 2917 784 2966 tertium
822 2917 908 2969 sed
945 2918 1102 2967 adbuc
1135 2919 1184 2967 Α.
1292 2915 1372 2967 52.
1412 2918 1585 2967 tuturis
1621 2917 1832 2982 impellis
1869 2927 1984 2981 post
2019 2918 2099 2981 qui
2136 2918 2269 2980 (post
2305 2918 2430 2966 enim
2468 2930 2610 2979 quam

256 2985 315 3035 B.
354 2993 509 3046 potes,
546 2984 625 3047 qui
663 2986 783 3041 abc.)
821 2985 868 3033 in
902 2984 1084 3035 BDabc.
1205 2982 1286 3035 53.
1324 2984 1550 3048 proibet-e
1585 2983 1683 3047 Αβ.
1771 2987 2005 3048 praebere
2041 2982 2156 3049 Αφ.
2261 2983 2342 3033 54.
2381 2997 2612 3033 revocan-

259 3052 340 3101 dis
377 3055 426 3100 Α.
531 3050 612 3101 55.
662 3052 856 3101 cottidie
902 3053 1019 3113 Dm,
1073 3068 1157 3115 pro
1213 3066 1354 3101 more.
1447 3052 1690 3115 quotidiae
1723 3052 1775 3101 A.
1891 3051 1972 3101 56.
2027 3059 2074 3100 et
2122 3053 2354 3101 lactantes
2407 3067 2494 3101 om.
2527 3051 2612 3100 Ad.

265 3120 546 3169 Vocabulum
582 3118 923 3182 adimplebitur
957 3122 1009 3169 in
1043 3120 1221 3170 BDubc.
1272 3126 1499 3182 comparet
1541 3125 1648 3183 post
1695 3120 1833 3168 verba
1879 3134 1973 3182 qno
2023 3119 2117 3167 die.
2234 3118 2315 3168 57.
2371 3133 2517 3181 super
2565 3119 2613 3166 d.

257 3201 412 3249 supra
447 3190 496 3236 Δ.
574 3187 793 3236 Omnium
825 3188 1012 3251 reliqui.
1117 3185 1197 3236 58.
1239 3185 1437 3235 maritos
1475 3187 1847 3236 incontinentiae
1885 3186 2060 3237 BDabc.
2149 3184 2231 3234 59.
2270 3185 2417 3234 ubera
2454 3186 2613 3235 insan-

257 3254 326 3303 tis
363 3253 539 3304 BDabc.
644 3252 726 3302 60.
766 3253 974 3303 nubendi
1012 3255 1100 3304 BD.
1148 3255 1354 3304 Vaticani
1387 3261 1494 3302 tres.
1566 3252 1768 3302 subaudi
1807 3255 1907 3302 aba.

402 3320 519 3383 Cap.
556 3319 609 3370 X.
688 3319 729 3368 1.
768 3320 1056 3370 Renuntient
1091 3321 1283 3370 tandem
1322 3319 1597 3369 carnalibus
1636 3321 1870 3369 fructibus
1909 3321 2048 3380 ut(et
2064 3319 2135 3380 Β.)
2172 3320 2347 3370 BDabc.
2420 3320 2613 3369 Renun-

260 3387 441 3437 tiemus
477 3387 793 3437 ernendae-erut
828 3389 921 3437 iam
954 3389 1084 3437 Fulv.
1116 3388 1327 3437 Ursinus.
1432 3384 1479 3436 2.
1517 3395 1834 3438 retractemus
1871 3388 2009 3439 Dabc.
2092 3395 2407 3437 retractamus
2443 3388 2492 3436 Β.
2564 3386 2613 3437 3.

259 3454 700 3503 exhortatissimam
739 3455 794 3503 D.
876 3454 924 3505 4.
962 3462 1170 3504 attamen
1207 3453 1373 3504 desisti
1411 3454 1588 3502 babere
1625 3456 1703 3504 cni
1738 3454 1950 3504 debitum
1988 3453 2216 3503 solveres.
2267 3455 2305 3504 Ο
2344 3464 2388 3503 te
2426 3455 2619 3505 felicem

257 3508 444 3571 wahe.
553 3520 599 3570 5.
637 3521 826 3571 solvere
860 3521 947 3570 sed
985 3537 1010 3570 a
1048 3537 1143 3585 quo
1183 3525 1233 3571 A.
1340 3520 1388 3570 6.
1426 3521 1591 3571 desisti
1626 3523 1678 3572 A.
1784 3522 1831 3570 7.
1871 3522 2072 3572 amisisti
2108 3522 2200 3571 BD.
2258 3523 2478 3571 Orniuunt
2514 3525 2616 3572 abc.

260 3587 327 3639 8.-
354 3587 684 3638 sustinendam
725 3588 955 3652 numquid
993 3589 1033 3638 si
1072 3590 1202 3653 quod
1237 3586 1352 3653 Αφ.
1422 3588 1582 3638 simile
1619 3588 1846 3639 damnum
1884 3590 2013 3653 quod
2050 3590 2090 3638 si
2127 3589 2217 3638 BD.
2290 3589 2448 3639 simile
2479 3590 2615 3637 dam-

262 3669 402 3714 num,
438 3654 554 3719 quid
590 3659 692 3707 abc.
774 3654 819 3704 9.
861 3670 956 3704 non
995 3656 1199 3704 diximus
1236 3655 1326 3705 BD.
1414 3655 1491 3705 10.
1530 3657 1711 3706 senties
1735 3658 1786 3707 A.
1837 3658 2015 3706 senties
2037 3659 2082 3706 d.
2138 3657 2422 3705 sentientem
2440 3656 2617 3719 BDabc.

267 3722 351 3772 11.
389 3723 790 3785 negotiaverimus
826 3723 919 3772 BD.
1027 3723 1106 3773 ¹2.
1145 3723 1446 3772 necessitatis
1481 3722 1657 3774 ababa.
1768 3722 1845 3773 13.
1884 3723 2169 3788 parcimonii
2207 3725 2363 3772 carnis
2400 3723 2616 3771 saevien-

261 3790 331 3839 tis
368 3789 626 3853 adquirens
663 3792 716 3840 D.
787 3790 1232 3853 patrimonii'carui
1269 3791 1499 3839 sementis
1537 3792 1796 3854 adquirens
1830 3790 1882 3839 Β.
1953 3791 2279 3854 parsimoniae
2317 3791 2476 3839 carnis
2512 3802 2617 3837 ser-

266 3856 440 3907 vientis
476 3857 732 3920 acquirens
768 3859 867 3907 abe.
953 3859 1086 3906 Fulv.
1125 3858 1317 3907 Ursinus
1353 3858 1563 3908 rescribit
1608 3857 1769 3906 simile
1804 3858 2031 3907 damnum
2070 3857 2201 3920 (quid
2241 3852 2444 3905 diximus
2480 3854 2620 3903 dam-

266 3919 445 3983 num?)
480 3924 616 3973 lucro
653 3927 958 3973 sarcientem.
1015 3925 1105 3973 Per
1142 3925 1484 3974 continentiam
1523 3925 1650 3973 enim
1689 3924 2007 3984 negotiaberis
2046 3937 2264 3984 magnam
2302 3922 2621 3970 substantiam

267 3991 557 4041 necessitate
595 3991 753 4040 carnis
789 3992 1115 4055 parsimoniae
1163 3997 1266 4042 cett.
1393 3989 1472 4039 14.
1519 3990 1643 4039 alius
1681 3990 1826 4040 alium
1874 3992 2051 4041 BDabc.
2177 3989 2252 4038 15.
2306 3990 2430 4038 sorte
2467 4005 2493 4037 a
2530 4005 2617 4039 om.

265 4058 448 4109 Bouto.
558 4058 680 4107 1511.
719 4058 1010 4122 Spiritaliter
1044 4060 1171 4123 sapit
1205 4074 1291 4109 ont.
1330 4057 1507 4108 Bonae.
1616 4056 1695 4107 16.
1734 4059 1874 4107 saciat
1908 4055 2188 4119 (tacitAss.)
2226 4053 2353 4106 adusi
2389 4070 2544 4121 prope
2569 4058 2620 4107 Δ.

271 4124 401 4174 161).
437 4125 660 4189 imprope
695 4125 783 4175 BD.
859 4126 905 4175 in
943 4141 1098 4190 prope
1133 4127 1234 4176 abc.
1302 4125 1432 4175 Fulv.
1461 4125 1654 4174 Ursinus
1690 4127 1897 4175 emendat
1934 4139 2087 4188 prope
2124 4132 2197 4173 est
2233 4125 2280 4173 in
2317 4126 2466 4173 caelo.
2545 4123 2624 4172 17.

271 4192 327 4240 Si
363 4207 452 4243 ont.
484 4193 570 4242 Ad.
679 4192 756 4242 18.
796 4191 846 4241 Si
883 4192 1168 4243 daemonem
1207 4193 1411 4252 adiurat,
1447 4193 1646 4242 contidit
1680 4193 1774 4242 sibi
1809 4208 1897 4242 om.
1934 4193 2113 4243 BDabc.

344 4325 392 4373 d.
430 4323 586 4373 Credo
610 4334 723 4388 post
745 4328 891 4376 finem
912 4327 1138 4388 vivendi]
1166 4327 1400 4387 Siclege·
1502 4324 1640 4390 plum
1676 4325 1918 4376 Sodomae
1964 4332 2012 4375 et
2047 4326 2313 4376 Gomorrae
2357 4324 2416 4374 ab
2453 4325 2622 4374 ultimo

267 4393 359 4442 bat
419 4391 737 4455 Hieronymus
792 4394 943 4457 Epist.
1002 4394 1063 4444 ad
1121 4396 1402 4445 Gerontiam
1504 4392 1581 4443 die
1616 4394 2038 4457 deprehendamur
2072 4394 2332 4443 vendentes
2374 4399 2422 4442 et
2457 4406 2626 4440 emen-

268 4454 500 4526 [Hieron.
539 4459 596 4509 ad
618 4462 937 4521 Agerucbiam
975 4460 1153 4525 p.·146.
1191 4466 1308 4510 tom.
1329 4460 1401 4509 tv.
1504 4466 1595 4520 tes,
1634 4468 1681 4510 et
1717 4463 1953 4510 nubentes
1989 4468 2036 4510 et
2074 4461 2239 4523 nuptui
2277 4459 2537 4515 tradentes,
2575 4465 2627 4508 ut

271 4526 350 4576 ed.
371 4522 598 4590 Renum,
635 4542 732 4576 non
771 4536 821 4577 ut
857 4530 904 4578 in
941 4529 1143 4590 vulgatis
1177 4527 1402 4578 editioni-
1505 4533 1619 4576 tune
1654 4531 1719 4577 sit
1754 4529 1862 4576 nnis
1898 4528 2124 4588 coniugii,
2162 4525 2354 4590 quando
2392 4525 2627 4574 terminos

269 4592 367 4642 bns
397 4600 507 4658 post
538 4596 675 4658 finem
705 4597 926 4647 subaudi.
1003 4596 1401 4655 „Adbinniamus,
1504 4594 1679 4644 vitae.“
1716 4594 1929 4657 (Rigalt.)
1997 4594 2071 4646 Gt.
2108 4594 2177 4643 Ad
2214 4593 2355 4643 Uxor.
2395 4590 2433 4651 Ι,
2456 4592 2504 4641 5.

273 4656 447 4724 inquit,
497 4661 558 4711 ad
595 4676 766 4713 omnes
803 4662 1030 4725 seminas,
1073 4670 1121 4712 et
1155 4663 1204 4711 iu
1239 4674 1402 4712 exem-

1035 4784 1100 4829 Q
