3263 5311
530 2895 638 2949 Cap.
654 2892 705 2938 Χ.

746 468 871 535 628
1073 535 1081 542 ,
1250 487 1448 538 ommi
1496 485 1756 532 ser-rma
1773 491 1786 504 -
1801 484 2127 532 monereris
2173 486 2563 530 rnnrunuim

744 639 1052 703 sollemnia
1084 637 1480 717 disciplinam,
1520 637 1774 717 figurae,
1820 637 2359 717 praestructiones,
2387 638 2789 718 pmoenonesb
2813 635 3013 715 religio·-

746 759 886 804 nem
932 758 1117 820 aquae
1159 738 1624 800 ordinaverunt?
1707 738 1910 802 Primo
1953 738 2190 819 quidem
2234 757 2368 800 cum
2407 739 2667 820 populus
2705 738 2775 799 de
2799 737 3014 817 Aegypto

748 842 969 904 *libere
1010 841 1316 920 expeditus
1358 839 1476 902 vim
1520 840 1679 920 regis
1719 841 1959 920 Aegypti
2001 859 2111 919 per
2152 859 2359 920 aquam
2406 849 2810 922 transgressus
2844 838 3016 910 evadit,

748 944 944 1023 ipsum
987 959 1184 1021 regem
1230 959 1365 1003 cum
1404 941 1547 1004 totis
1605 942 1794 1022 copiis
1850 960 1998 1021 aqua
2047 941 2310 1004 extinxit.
2410 942 2576 1015 Quae
2629 942 2810 1020 figura
2857 939 3015 1001 mani·

741 1043 956 1106 festior
1011 1043 1075 1104 in
1125 1043 1405 1125 baptismi
1462 1042 1878 1105 sacramento?
1975 1043 2328 1106 Liberantur
2382 1045 2456 1106 de
2509 1042 2740 1106 saeculo
2791 1029 3020 1102 nationoe

744 1164 854 1227 per
896 1163 1102 1225 aquam
1162 1143 1414 1216 scilicet,
1483 1153 1543 1206 et
1594 1145 1894 1207 'diabolum
1949 1144 2377 1208 dominatorem
2433 1146 2745 1226 pristinum
2801 1144 2855 1204 in
2901 1159 3022 1221 aqua

746 1265 1105 1328 oppressum
1132 1245 1595 1325 ‘’derelinquunt.
1657 1247 1806 1308 Item
1849 1265 1996 1327 aqua
2041 1247 2114 1308 de
2157 1248 2560 1336 amaritudinis
2605 1248 2744 1309 vitio
2770 1245 2826 1306 in
2851 1244 3022 1304 ‘snum

747 1348 1122 1411 commodum
1168 1348 1466 1410 suavitatis
1508 1348 1696 1409 Mosei
1754 1348 1913 1428 ligno
1967 1348 2344 1411 remediatur.
2445 1348 2697 1426 Lignum
2750 1346 2882 1408 illud
2926 1351 3024 1405 erat

748 1450 1053 1522 Christus,
1098 1458 1417 1511 venenatae
1462 1459 1523 1511 et
1563 1467 1795 1511 amarae
1838 1458 2001 1511 retro
2045 1459 2286 1512 naturae
2318 1468 2502 1511 venas
2529 1449 2622 1511 ''in
2656 1446 3022 1512 saluberrimas

747 1567 929 1631 aquas
970 1550 1246 1630 baptismi
1295 1550 1519 1612 scilicet
1559 1570 1629 1612 ex
1674 1569 1812 1613 sese
1856 1551 2208 1613 remedians.
2283 1551 2441 1614 Haec
2481 1561 2572 1613 est
2615 1569 2763 1630 aqua
2804 1565 2938 1629 quae
2969 1544 3026 1606 de

744 1653 989 1723 comit&
1003 1661 1169 1732 petra
1212 1652 1433 1732 populo
1476 1653 1788 1715 defluebat.
1860 1652 1924 1713 Si
1969 1654 2123 1714 enim
2166 1661 2332 1732 petra
2377 1653 2687 1724 Christus,
2732 1651 2856 1712 sine
2880 1645 3024 1709 dubio

745 1754 930 1835 ‘aqna
973 1754 1035 1815 in
1064 1753 1301 1815 Christo
1345 1753 1699 1833 baptismum
1743 1753 2012 1815 videmus
2055 1754 2342 1815 benedici.
2418 1754 2650 1826 Quanta
2677 1770 2856 1832 aquae
2882 1746 3026 1829 grati·

744 1875 930 1937 penes
960 1855 1135 1917 deum
1169 1864 1227 1917 et
1248 1855 1542 1917 Christum
1586 1855 1717 1916 eius
1762 1865 1855 1917 est
1896 1854 1968 1917 ad
1996 1855 2272 1935 baptismi
2301 1853 2838 1918 confirmationem!
2893 1850 3022 1911 Nun-

746 1976 921 2038 quam
967 1957 1097 2018 sine
1138 1975 1287 2036 aqua
1332 1956 1634 2018 Christus:
1692 1956 1984 2036 siquidem
2035 1965 2118 2018 et·
2149 1958 2279 2035 ipse
2322 1975 2467 2036 aqua
2513 1957 2826 2037 tinguitur,
2878 1950 3026 2032 prima

745 2060 1074 2121 rudimenta
1115 2058 1431 2138 potestatis
1478 2077 1621 2119 suae
1665 2066 1904 2119 vocatus
1947 2058 2018 2119 ad
2062 2059 2298 2138 nuptias
2341 2077 2492 2138 aqua
2527 2058 2887 2138 auspicatur,
2925 2065 3028 2112 ctum

747 2178 1082 2223 sermonem
1127 2161 1295 2233 facit,
1342 2159 1610 2221 sitientes
1657 2159 1727 2220 ad
1772 2177 1982 2239 aquam
2012 2178 2180 2221 suam
2210 2160 2416 2221 invitat
2441 2160 2889 2240 sempiternam,
2927 2166 3032 2213 cum

746 2262 821 2325 de
850 2280 1031 2342 agape
1061 2262 1264 2335 docet,
1310 2278 1494 2340 aquae
1523 2260 1762 2322 calicem
1789 2260 2101 2341 ’pauperi‘
2129 2261 2390 2323 oblatum
2413 2261 2568 2324 inter
2589 2279 2774 2343 opera
2801 2251 3030 2319 dilectio·

744 2364 840 2424 nis
882 2364 1125 2443 probat,
1169 2362 1322 2442 apud
1348 2376 1594 2441 puteum
1625 2362 1781 2423 vires
1812 2364 2092 2434 resumit,
2140 2381 2320 2443 super
2347 2381 2556 2442 aquam
2586 2362 2834 2432 incedit,
2875 2357 3032 2418 tihen-

746 2474 842 2525 ter
884 2464 1254 2534 transfretat,
1300 2482 1507 2545 aquam
1551 2462 1960 2524 discentibus¹
2001 2463 2312 2527 ministrat.
2406 2464 2759 2526 Perseverat
2801 2456 3032 2524 testimo-

746 2566 912 2627 nium
955 2564 1229 2645 baptismi
1275 2583 1465 2644 usque
1506 2565 1579 2626 ad
1621 2564 1996 2645 passionem:
2041 2584 2172 2627 cum
2218 2565 2452 2627 deditur
2494 2565 2554 2626 in
2600 2581 2864 2633 crucem,
2918 2551 3038 2634 at’lm

747 2668 1091 2742 intervenit3
1136 2667 1327 2729 sciunt
1355 2667 1525 2729 Pilati
1552 2686 1794 2728 manus:
1840 2686 1971 2729 cum
2015 2668 2385 2741 vulneratur,
2431 2686 2578 2747 aqua
2611 2669 2691 2730 de
2717 2667 2894 2727 latere
2919 2675 3040 2740 pro·

745 2769 999 2849 rumpit3
1026 2769 1155 2832 'scit
1196 2769 1393 2830 lancea
1436 2767 1658 2830 militis.

911 2870 1204 2942 DiximuS‚
1250 2877 1531 2950 quantum
1574 2869 1962 2933 mediocritati
2004 2880 2246 2932 nostrae
2290 2870 2452 2932 licuit
2492 2870 2567 2932 de
2597 2867 2894 2932 universis
2921 2877 3044 2943 quie

742 2971 1015 3053 baptismi
1059 2972 1407 3051 religionem
1449 2979 1722 3045 struunt3
1783 2990 1942 3032 nunc
1980 2972 2054 3032 ad
2097 2972 2386 3052 reliquum
2430 2980 2653 3034 statum
2713 2972 2841 3032 eius
2891 2980 3041 3045 aeque

744 3082 811 3135 ut
851 3082 1063 3153 potero
1108 3072 1452 3152 progrediar
1506 3073 1580 3135 de
1636 3072 2094 3153 quaestiunculis
2139 3072 2508 3153 quibusdam.
2609 3073 2940 3152 Baptismus
2985 3063 3039 3125 ab

742 3175 963 3236 Ioanne
1006 3173 1382 3236 denuntiatus
1425 3173 1539 3235 iam
1586 3180 1726 3235 tunc
1765 3172 1964 3236 habuit
2021 3176 2456 3253 quaestionem,
2520 3174 2595 3237 ab
2654 3176 2789 3254 ipso
2844 3168 3038 3251 quidem

744 3275 986 3336 domino
1028 3258 1401 3355 propositam
1442 3275 1812 3349 PharisaeiS‚
1868 3276 2217 3337 caelestisne
2270 3275 2322 3336 is
2366 3275 2705 3355 baptismus
2751 3284 2930 3340 essct,
2985 3280 3039 3326 an

742 3395 886 3437 vero
932 3373 1258 3437 terrenus?
1340 3375 1424 3436 De
1469 3395 1588 3455 quo
1635 3376 1716 3438 illi
1760 3394 1881 3438 non
1924 3376 2231 3437 valuerunt
2275 3385 2651 3439 constanter·
2695 3369 3040 3454 respondem,

744 3485 949 3556 utpote
992 3496 1124 3564 non·
1155 3476 1580 3556 intelligentes,
1627 3478 1762 3556 quia
1806 3496 1916 3539 nec
1957 3478 2285 3541 credentes„
2361 3476 2484 3540 Nos
2528 3478 2762 3558 porrob
2803 3466 3040 3554 quantula

743 3597 794 3647 4.
835 3596 957 3645 liber
990 3597 1120 3647 Fulv.
1162 3597 1370 3657 Ursinus,
1409 3599 1565 3648 delens
1600 3614 1699 3648 voc.
1737 3598 1999 3662 expeditus,
2072 3600 2247 3648 Omittit
2283 3598 2434 3648 libere
2467 3614 2590 3649 unua
2629 3601 2676 3650 b.
2784 3596 2828 3645 5.
2866 3586 3038 3643 ‹teretia-

743 3665 847 3728 quit
879 3666 929 3715 A.
1035 3664 1084 3714 6.
1119 3679 1259 3714 snum
1296 3665 1413 3716 Asa.
1496 3680 1636 3716 usum
1672 3669 1744 3729 ιη,
1784 3667 2020 3727 Latinius,
2065 3667 2140 3716 Fr.
2176 3667 2351 3716 Iunius.
2468 3667 2514 3714 Ἰ.
2555 3663 2943 3716 insaluberrimas
2973 3653 3042 3727 ⁴⁸:

744 3733 822 3781 Fr.
858 3733 1034 3793 lunius,
1075 3733 1320 3794 Sentiet-ns,
1356 3734 1457 3782 ulii.
1575 3732 1622 3784 8.
1663 3748 1784 3797 aqua
1819 3734 1935 3785 AB«.
2020 3748 2171 3798 aquae
2209 3737 2267 3793 b„
2310 3735 2433 3784 Fnlr.
2474 3735 2690 3785 Ursinus.
2794 3730 2840 3780 9.
2875 3734 3040 3792 pwPffl

744 3804 808 3863 b„
848 3802 975 3851 Fato.
1014 3801 1221 3851 Ursinus.
1293 3802 1414 3865 patri
1450 3802 1536 3852 AB.
1608 3802 1742 3851 fratri
1779 3819 1823 3853 a.

813 3901 1041 3966 cap.1x.
1112 3918 1154 3951 a.
1208 3902 1452 3966 privilegia
1498 3904 1694 3965 gratiae,
1743 3911 1861 3968 quot
1960 3902 2193 3968 exempla.
2274 3903 2392 3952 Sunt
2440 3903 2784 3953 advocationes
2835 3907 2880 3947 et
2919 3896 3040 3944 bene·

744 3970 998 4019 sollemnia
1059 3967 1365 4037 disciplinae]
1430 3971 1503 4021 ct.
1550 3986 1696 4035 supra
1751 3986 1854 4037 cap.
1959 3973 2193 4020 dictiones
2239 3985 2406 4034 aquae.
2495 3971 2569 4020 Cf.
2627 3970 2774 4020 etiam
2821 3966 2877 4016 ad
2919 3968 3042 4012 totw

744 4035 795 4086 3.
832 4038 881 4085 4.
918 4037 964 4086 5.
1960 4039 2087 4088 bunc
2106 4036 2265 4088 locum
2284 4052 2408 4103 quae
2438 4039 2582 4089 babet
2615 4038 2814 4087 Hieron.
2829 4023 3042 4101 Epist-8}-

814 4105 861 4152 b.
898 4105 1324 4167 praestructiones,
1348 4100 1855 4171 precationesJ‘Prae-
2026 4122 2067 4156 c.
2105 4104 2329 4170 pauperi]
2368 4098 2585 4156 P‘arvnlo.
2623 4103 2773 4154 Nihili
2808 4107 2913 4150 sunt
2942 4106 3040 4143 κη’

749 4172 1037 4221 structiones
1074 4173 1185 4222 dicit
1220 4189 1275 4222 ea
1313 4187 1434 4237 quae
1461 4174 1740 4235 religionem
1769 4173 1856 4221 ba-
1957 4180 2127 4238 pturae
2160 4177 2284 4236 patri
2318 4180 2366 4222 et
2397 4174 2549 4238 fratri.
2999 4228 3007 4235 ,

746 4238 909 4302 ptismi
927 4239 1124 4288 tin-mant
1148 4248 1194 4288 et
1215 4241 1350 4303 qnasi
1374 4250 1693 4305 praestruunt.
1747 4242 1857 4291 Λᾶν.
2025 4240 2072 4290 d.
2124 4241 2443 4305 discentibus]
2513 4242 2620 4291 Hoc
2673 4246 2745 4289 est
2810 4228 3042 4295 discipul&-

746 4306 969 4367 Bet-mog.
992 4306 1175 4369 cap.16
1213 4308 1396 4369 „igitur
1431 4309 1477 4357 in
1497 4310 1860 4373 praestructione
1958 4308 2032 4358 ct.
2071 4309 2230 4359 adnot.
2268 4310 2326 4358 ad
2363 4309 2431 4358 De
2467 4308 2672 4359 Patient.
2708 4319 2813 4369 cap.
2832 4301 2878 4352 2.
2915 4369 2924 4378 .

744 4374 889 4423 huius
924 4373 1146 4423 articuli“
1184 4382 1291 4424 cett.
1358 4375 1424 4425 De
1462 4376 1653 4437 Resurr.
1689 4375 1858 4425 Carnis
2026 4376 2141 4441 Cap.
2178 4378 2231 4426 Χ.
2302 4392 2346 4427 a.
2399 4370 2701 4439 constanter]
2754 4366 2979 4433 intrepide
3004 4368 3042 4409 ἃ

747 4456 852 4505 cap.
875 4441 909 4501 4
945 4440 1162 4505 „Deinde
1198 4443 1421 4494 baeretici
1459 4444 1568 4493 inde
1593 4445 1752 4493 statim
1782 4445 1857 4494 in·
1956 4443 2126 4503 libere,
2164 4445 2498 4494 indubitanter.
2583 4444 2670 4493 Sic
2719 4442 2822 4491 tere
2871 4434 3040 4493 usu¹'l”¹

744 4510 929 4573 cipiunt
964 4517 1011 4559 et
1046 4510 1156 4559 inde
1186 4510 1521 4574 praestruunt“
1555 4520 1663 4562 cett.
1728 4516 1856 4576 Apo·
1952 4510 2275 4562 Tertullianus
2311 4513 2403 4562 boe
2436 4511 2741 4562 vocabulum.
2800 4498 3036 4557 ctnet’a·

750 4576 845 4638 tog.
867 4592 971 4641 cap.
986 4577 1048 4627 47
1084 4579 1381 4642 „antiquitas
1394 4580 1856 4644 praestructatqnasi
1956 4580 2089 4629 tient.
2127 4595 2233 4643 cap.
2253 4578 2299 4630 3.
2354 4580 2424 4630 De
2457 4581 2680 4644 spectac.
2718 4572 2915 4639 cap-26·

748 4645 795 4693 in
845 4647 1213 4703 munimentum)
1270 4646 1453 4696 divinae
1511 4647 1855 4697 litteraturae.“
2023 4648 2072 4696 b.
2108 4645 2286 4714 porro]
2332 4646 2404 4698 et.
2456 4649 2615 4698 adnot.
2668 4645 2728 4694 ad
2777 4642 2844 4691 De
2875 4638 3040 4685 corona

746 4711 1035 4762 Precationn
1078 4714 1191 4777 qnid
1250 4714 1345 4762 sint
1392 4713 1639 4778 sequentia
1686 4713 1859 4764 docent
1960 4728 2064 4779 cap.
2086 4714 2133 4764 7.
