3263 5311
1118 436 1192 477 An
1223 433 1522 478 uniones
1566 402 1694 478 ua.—
1717 435 1782 478 ιι.
2495 420 2621 484 375

280 584 739 664 ωιεηοωιίφιο
792 584 1000 657 'sunt,
1066 603 1324 666 quorum
1378 586 1604 666 effigies
1661 586 2021 665 descriptae,
2085 587 2320 664 negotia
2373 587 2622 667 digesta,

274 686 565 747 memoria
594 684 983 765 'propagata‚
1028 686 1307 749 ⁴umbras
1352 691 1552 749 nescio
1592 705 1740 766 quas
1771 687 2178 767 incorporales
2195 734 2210 760 ‚
2255 687 2624 760 inanimales,

246 796 335 848 ·et
376 786 620 848 nomina
661 785 737 846 de
780 786 961 849 rebus
992 787 1347 867 ‘efflagitant
1387 788 1553 851 caelo
1590 801 1649 851 ee
1678 788 1982 861 sanciunt,
2028 787 2357 851 dividentes
2388 808 2624 851 omnem

273 897 498 950 statum
553 887 813 950 bominis
868 887 1115 966 singulis
1158 887 1585 968 ‘potestatibus
1651 890 1728 951 ab
1784 893 1921 971 ipso
1979 889 2216 968 quidem
2270 892 2423 952 uteri
2476 910 2625 953 con-

272 998 483 1069 ceptu,
529 996 595 1050 ut
639 989 719 1049 sit
760 989 907 1050 deus
952 988 1316 1051 ⁷Consevius
1360 990 1654 1069 quidam·‚
1701 991 1803 1070 qui
1846 989 2301 1052 consationibus
2338 992 2634 1066 concubi<

272 1090 493 1154 talibus
547 1090 799 1169 praesit,
860 1098 919 1152 et
973 1090 1348 1165 'Fluvionab,
1423 1110 1572 1170 quae
1627 1091 1911 1154 infantem
1966 1092 2026 1153 in
2083 1090 2289 1153 ⁹utero
2346 1097 2624 1166 retineat,

272 1191 415 1253 hinc
459 1191 773 1252 Vitumnus
819 1199 878 1252 et
921 1191 1259 1264 Sentinns·,
1319 1209 1428 1272 per
1483 1211 1660 1271 quem
1715 1192 1956 1254 viviscat
2012 1193 2207 1254 infans
2254 1200 2313 1254 et
2357 1193 2630 1254 ¹⁰sentiat

268 1297 573 1375 primum,
618 1292 829 1353 dehine
870 1292 1227 1372 Diespiterae
1273 1293 1374 1373 qui
1417 1312 1670 1373 puerum
1713 1293 1997 1373 perducat
2038 1293 2109 1354 ad
2154 1301 2405 1374 partum.
2480 1293 2627 1362 Cum

242 1395 601 1479 ‚¹¹pri'mttut
636 1396 992 1474 pariebant,
1052 1403 1113 1454 et
1156 1394 1552 1468 Gaudentem,
1608 1395 1888 1474 quoniam
1944 1395 2018 1456 ad
2075 1395 2352 1456 candelae
2406 1395 2628 1458 lumina

268 1494 615 1575 pariebant,
689 1502 748 1555 et
791 1495 1009 1575 ·¹²quae
1065 1495 1222 1558 aliae
1281 1496 1422 1558 deae
1474 1507 1619 1558 sunt
1677 1497 1749 1558 ab
1808 1496 2030 1577 officiis
2090 1505 2317 1576 partus
2381 1494 2626 1558 dietae0.

278 1595 621 1657 ¹³Perverse
648 1603 821 1656 natos
852 1598 1187 1659 adiuvandi
1212 1597 1598 1670 Poscvereae,
1649 1609 1809 1660 recte
1838 1605 2020 1658 natos
2050 1596 2277 1658 Prosae
2297 1595 2625 1658 Carmentis

278 1716 413 1758 esse
459 1696 877 1776 “provincaeum
921 1698 1303 1760 voluerunt‘.
1391 1698 1555 1761 Deus
1600 1707 1691 1761 est
1736 1700 1927 1760 dictus
1973 1706 2032 1758 et
2073 1697 2145 1758 ab
2192 1699 2372 1760 effatu
2402 1698 2625 1758 ¹⁸Fari-

278 1884 326 1933 2.
362 1891 504 1944 sunt,
543 1898 746 1948 quorum
786 1887 866 1948 ὺγ.
938 1893 1049 1934 sunt
1065 1923 1130 1934 .....
1167 1886 1247 1935 Aa.
1906 1886 1953 1935 4.
1993 1885 2188 1935 umbras
2226 1887 2390 1952 nescio
2427 1900 2547 1950 quas
2583 1888 2628 1936 b.

279 1952 476 2001 umbras
514 1951 700 2016 aliquas
736 1967 788 2015 y.
859 1951 1264 2016 umbrmquas
1300 1953 1455 2015 (quasi
1493 1970 1555 2012 a„
1595 1955 1678 2002 sed
1715 1969 1831 2002 corr.
1871 1957 1920 2002 in
1938 1953 2136 2010 Erratis)
2171 1954 2252 2003 Aa.
2356 1954 2404 2003 δ.
2442 1955 2630 2014 esnagi-

277 2026 377 2069 tant
412 2020 550 2070 eaelo
587 2026 635 2068 et
669 2035 767 2081 eqo.
840 2020 1102 2081 efflagitant
1138 2020 1353 2083 deosque
1391 2023 1470 2083 by.
1554 2021 1925 2081 efflagitant.......
1954 2021 2033 2070 Aa.
2105 2021 2190 2070 Pro
2226 2022 2420 2070 nomina
2458 2022 2628 2071 Gotho-

272 2089 433 2150 sredus
467 2088 563 2137 vult
600 2087 810 2136 numina.
933 2086 979 2137 6.
1017 2088 1338 2151 potestatibus
1374 2088 1433 2136 ab
1472 2089 1576 2151 ipso
1615 2088 1696 2150 by.
1780 2095 1989 2151 potestat
2004 2125 2068 2135 .....
2074 2122 2111 2136 ...
2131 2102 2187 2137 so
2222 2089 2303 2138 Aa.
2371 2090 2456 2138 Pro
2506 2089 2627 2138 uteri

274 2157 327 2204 in
362 2171 406 2204 a.
446 2161 512 2204 est
551 2154 716 2203 uteris.
822 2154 868 2201 7.
910 2154 1172 2204 Consevius
1209 2154 1420 2218 qnidam,
1458 2157 1535 2217 qui
1574 2155 1937 2205 consationibus
1973 2152 2129 2216 Αβαῠ.
2215 2170 2362 2205 conse
2378 2191 2471 2205 ..
2489 2155 2630 2204 nibus

274 2220 384 2285 Αφ.
482 2220 531 2270 8.
571 2221 796 2271 Fluvioua
833 2222 1007 2285 (Am).
1080 2223 1321 2272 Fluvionia
1360 2223 1562 2284 (Afflab.
1668 2220 1715 2271 9.
1755 2230 1890 2272 utero
1931 2224 2132 2271 retineat
2166 2238 2266 2286 eqo.
2338 2231 2473 2272 utero
2511 2223 2628 2270 reti·

278 2290 423 2338 nebat
456 2304 507 2351 γ.
582 2297 719 2338 utero
758 2291 935 2339 nutriat
969 2290 1376 2353 Merketfflroleqy.
1414 2292 1474 2340 ad
1500 2291 1653 2340 Ovidii
1673 2290 1816 2339 fam.
1844 2306 1892 2354 p.
1909 2291 2090 2339 CLXXX
2097 2291 2160 2339 Vl.
2232 2299 2368 2340 utero
2385 2326 2491 2339 ......
2515 2291 2625 2340 Aah.

284 2356 366 2405 to.
400 2358 569 2408 sentiat
607 2357 813 2420 primum
850 2372 902 2419 γ.
983 2359 1212 2407 sentiat„
1215 2394 1281 2407 .....
1317 2356 1513 2421 (Αβ)αὺ.
1596 2357 1772 2406 sentiat
1786 2395 1907 2406 .........
1944 2355 2054 2421 Am.
2179 2357 2254 2406 tt.
2292 2359 2500 2422 primum
2538 2372 2628 2421 pa·

278 2423 435 2473 riebat
466 2438 519 2488 γ.
589 2426 697 2488 prin
734 2425 879 2487 (prim
900 2421 1048 2490 βψ.)
1083 2463 1217 2474 ..........
1256 2428 1367 2476 Aah.
1474 2425 1551 2474 12.
1588 2439 1712 2488 quiae
1750 2424 1871 2474 aliae
1908 2425 2025 2473 deae
2060 2433 2173 2473 sunt
2208 2425 2268 2473 ab
2304 2426 2477 2475 officiis
2514 2440 2626 2488 par-

277 2499 357 2541 tus
395 2507 490 2555 eqo.
573 2507 696 2556 quae
732 2492 851 2540 alias
890 2494 1254 2556 parturientium
1292 2507 1518 2555 praeesse
1554 2492 1743 2541 nixibus
1783 2506 1832 2556 y.
1919 2506 2041 2556 qnae
2058 2530 2150 2541 .......
2152 2508 2170 2541 r
2168 2530 2438 2543 ................
2456 2507 2513 2541 us
2549 2492 2628 2554 (ns

273 2557 408 2624 Αφ.)
440 2560 550 2609 Aah.
671 2558 748 2608 13.
787 2560 1043 2608 perversae
1080 2568 1218 2609 natos
1255 2561 1503 2611 adiuvandi
1540 2560 1832 2620 Postvettae,
1868 2567 1998 2609 recte
2035 2569 2174 2610 natos
2210 2577 2310 2623 eye.
2400 2561 2626 2610 Perverse

272 2636 385 2678 nato
425 2635 563 2692 partu
605 2625 893 2688 Postvertae,
942 2635 1074 2678 recto
1112 2628 1258 2677 Varro
1294 2643 1346 2693 y.
1432 2628 1660 2679 Perverse
1708 2636 1846 2678 natos
1882 2627 2156 2685 (perversae
2194 2637 2331 2678 natos
2362 2625 2457 2689 Αβ.
2509 2627 2625 2677 Per-

1366 1885 1413 1934 3.
1452 1892 1715 1950 propagate
1750 1887 1801 1935 A.

274 2710 409 2746 versa
447 2705 619 2745 enatos
634 2696 774 2759 Αφ.)
810 2732 1177 2746 .........................
1195 2711 1248 2746 ro
1269 2700 1337 2755 (to
1358 2696 1554 2755 b.)Aab.
1653 2696 1729 2746 14.
1768 2697 2065 2759 provinciam
2096 2695 2363 2746 voluerunt.
2405 2696 2531 2744 Deus
2553 2703 2654 2743 est·

276 2763 433 2813 dictus
457 2772 505 2812 et
540 2778 637 2826 09⁰·
712 2764 1004 2827 provinciam
1042 2779 1233 2828 qnoque
1269 2765 1452 2823 scribit,
1488 2772 1535 2813 et
1569 2778 1622 2826 γ.
1695 2765 1861 2827 provin
1878 2799 2218 2813 ......................
2236 2772 2283 2812 et
2318 2763 2437 2827 Λφ.
2507 2776 2625 2825 pro-

277 2831 353 2879 vin
370 2867 477 2880 -.....
480 2867 638 2879 ........
655 2838 702 2879 ct
735 2830 941 2892 (Afflab.
1008 2831 1113 2880 ·t5.
1153 2833 1355 2917 Fviuus
1394 2832 1716 2892 Gothosredus.
1787 2831 1987 2878 Far-mne
2022 2830 2335 2894 (ΑφΛβὶαὸ.

1503 2965 1758 3013 minarum.
1809 2964 1918 3027 lpse
1955 2964 2153 3025 Lucina,
2194 2978 2316 3027 quae
2353 2979 2378 3012 a
2417 2965 2627 3026 parturi-

1503 3032 1695 3080 entibus
1732 3032 1993 3079 invocetur.
2058 3030 2166 3094 lpse
2203 3044 2345 3094 opem
2397 3032 2490 3079 tert
2536 3044 2624 3079 na-

1502 3099 1778 3157 scentibus,
1815 3098 2056 3161 excipiens
2104 3112 2190 3147 eos
2226 3099 2332 3147 sinn
2383 3104 2541 3147 terrae
2576 3107 2624 3146 et

1500 3172 1698 3216 vocetur
1720 3165 1888 3230 Opis.“
1924 3166 2071 3214 Varro
2099 3165 2225 3229 apud
2246 3166 2451 3215 Nonium
2476 3180 2522 3229 p.
2541 3165 2621 3214 57.

354 2964 471 3027 Cap.
504 2964 581 3013 xl.
615 2979 655 3013 a.
692 2965 956 3014 Consevius
1010 2961 1227 3029 quidam]
1301 2964 1399 3012 Ma-

283 3031 420 3081 crob.
455 3031 642 3081 Saturn.
678 3033 714 3092 1,
751 3032 798 3082 9.
838 3033 911 3082 Cf.
933 3034 1177 3095 Augustin.
1215 3032 1398 3117 de·Civ.

276 3098 365 3148 Dei
406 3099 476 3156 vt,
515 3097 560 3148 9.

346 3168 394 3215 b.
433 3163 683 3232 Fluviona]
721 3166 846 3216 Fest.
883 3182 930 3231 p.
967 3167 1061 3217 69:
1112 3166 1396 3228 „l-'luoniam

274 3234 509 3284 lunonem
547 3234 778 3283 mulieres
825 3235 1076 3293 colebant,
1125 3235 1254 3299 quod
1290 3247 1395 3282 eam

176 3328 186 3335 ·
271 3302 525 3365 seminis
572 3303 772 3351 fluorem
812 3303 856 3350 in
907 3310 1141 3366 conceptu
1189 3302 1398 3351 retinere

306 3370 561 3420 ntabant.“
634 3369 706 3418 Cf.
752 3370 998 3431 Augustin.
1048 3370 1108 3418 de
1161 3368 1257 3419 civ.
1313 3370 1395 3418 Dei

334 3437 371 3495 l,
409 3435 477 3494 2.,
516 3436 731 3486 Martiae.
768 3436 884 3500 Cap.
922 3437 983 3494 ll,
1026 3436 1135 3486 149.
1182 3436 1396 3499 (Kopp.)‚

232 3504 455 3554 *Arnob.
494 3504 604 3553 Λᾶν.
641 3500 764 3553 Natt.
789 3504 870 3563 ΙΙΙ,
892 3503 957 3553 30
994 3513 1041 3553 et
1077 3505 1141 3552 ibi
1179 3504 1396 3553 Hildebr.

246 3608 263 3627 .
342 3588 385 3622 c.
424 3570 672 3620 Vitumnus
708 3578 755 3620 et
789 3567 1041 3636 Sentinas]
1106 3572 1301 3633 August.
1337 3569 1398 3620 de

269 3639 372 3690 Cir.
411 3638 497 3688 Dei
536 3638 633 3696 vn,
670 3636 700 3687 2
736 3645 783 3687 et
820 3637 867 3688 3.
1081 3649 1102 3662 ·

294 3703 692 3835 “tioiespiterl
760 3706 1006 3768 Angustia.
1056 3705 1117 3755 de
1166 3707 1262 3757 Civ.
1314 3706 1396 3754 Dei

342 3854 386 3889 e.
427 3850 474 3890 et
509 3855 632 3903 quae
669 3840 792 3891 aliae
829 3839 947 3889 deae
982 3850 1095 3890 sunt
1130 3842 1190 3889 ab
1227 3841 1399 3890 officiis

266 3915 444 3974 partus
481 3904 674 3969 dictae]
714 3908 780 3957 De
812 3909 979 3957 Anima
1015 3923 1118 3972 cap.
1159 3907 1222 3957 37
1278 3921 1399 3969 „su-

266 3976 495 4040 perstitio
532 3975 744 4024 Romana
780 3974 919 4024 deam
956 3975 1087 4025 fiuxit
1120 3977 1397 4035 Alcmenen,

266 4043 436 4093 alendi
473 4044 523 4092 in
560 4052 697 4092 utero
736 4043 889 4101 letne,
939 4050 981 4092 et
1016 4043 1193 4093 Nonam
1229 4051 1276 4091 ct
1310 4044 1400 4091 De-

266 4113 465 4170 emm,
523 4125 549 4159 a
602 4109 970 4161 sollicitioribus
1021 4110 1298 4168 mensibus,
1354 4116 1402 4158 et

262 4179 521 4239 Perimam,
562 4191 685 4240 quae
720 4184 911 4241 partum
950 4178 1199 4238 gubernet,
1237 4184 1285 4226 et
1306 4176 1400 4226 Lu-

262 4243 1265 4373 wqx⁸z.1vfxa⁰0⁸;„;2,tzzzm5;
1301 4242 1398 4360 0¹3:-

258 4380 355 4431 »εἰ
393 4379 478 4441 tv,
519 4379 578 4428 11
620 4347 768 4442 ,αὖα
804 4378 868 4428 stt
902 4378 1097 4428 nomine
1132 4377 1293 4427 Liberi
1327 4377 1398 4425 vi-

258 4458 438 4499 rorum
491 4445 794 4506 seminibus,
852 4451 903 4494 et
952 4447 1152 4495 nomine
1194 4444 1398 4494 Liberae

260 4516 576 4566 seminarum.
614 4513 728 4578 lpse
761 4514 827 4562 sit
859 4511 1126 4577 Diespiter,
1165 4511 1246 4575 qui
1281 4525 1398 4575 par·

260 4591 375 4643 tua
422 4582 663 4649 pqdncat
706 4580 767 4629 ad
820 4578 967 4629 diem.
1038 4579 1147 4643 lpse
1198 4579 1263 4628 sit
1309 4578 1399 4628 dea

259 4648 417 4716 lena,
457 4660 607 4716 quam
641 4647 992 4712 praefecerunt·
1026 4647 1288 4699 menstruis
1322 4645 1398 4696 te-

1502 3233 1643 3283 Merc.
1683 3233 1893 3293 „Enixae
1930 3232 2153 3282 dicuntur
2180 3233 2386 3282 [eminae
2423 3232 2623 3291 nitendi,

1501 3302 1595 3351 boc
1628 3310 1704 3350 est
1739 3300 1944 3350 conandi
1992 3309 2039 3350 et
2073 3301 2268 3350 dolendi
2306 3300 2473 3349 labore
2507 3315 2623 3364 per·

1502 3370 1694 3418 functae
1730 3385 1755 3418 a
1794 3368 1947 3427 Ntxis,
1988 3384 2111 3433 quae
2134 3369 2423 3429 religionem
2446 3381 2624 3430 genera

1500 3437 1801 3500 parientibus
1838 3437 2119 3499 praesunt.“
2158 3437 2328 3503 Fesuts
2347 3451 2386 3485 s.
2401 3451 2441 3485 v.
2467 3436 2624 3497 „Nisi

1500 3504 1577 3553 Dii
1612 3503 1922 3567 appellantur
1968 3507 2058 3553 tria
2112 3505 2247 3565 signa
2298 3503 2344 3552 iu
2383 3502 2622 3568 Capitolio

1501 3580 1611 3621 ante
1630 3571 1804 3620 cellam
1826 3571 2077 3632 Minervae,
2114 3571 2316 3632 genibus
2337 3572 2461 3630 nixa,
2499 3571 2624 3620 velut

1501 3639 1832 3703 praesidentes
1868 3640 2234 3703 parturientium
2267 3639 2526 3697 nixibus.“,
2562 3637 2623 3686 ad

1502 3722 1625 3770 quae
1677 3707 1816 3756 verba
1854 3722 1896 3755 v.
1926 3706 2153 3770 interprr.
2191 3704 2262 3755 Ct'.
2300 3706 2523 3768 interprr.
2562 3703 2622 3753 ad

1501 3773 1637 3822 ovid.
1674 3772 1864 3822 Metam.
1902 3771 2100 3831 tx,294
2131 3771 2241 3821 Adr.
2281 3771 2492 3820 Turnebi
2527 3768 2621 3819 Ad-

1500 3854 1628 3889 vers.
1666 3839 1842 3898 ΧΧΙΧ,ἱ
1863 3839 1944 3888 19.

1570 3908 1607 3955 l'.
1646 3906 1915 3956 Carmentis
1969 3920 2078 3954 esse
2112 3904 2406 3968 provinciam
2455 3901 2621 3952 volne-

1502 3970 1658 4039 runt.]
1696 3972 1820 4023 Gell.
1854 3973 1984 4021 Ν.Α.
2019 3970 2131 4031 xvi,
2171 3970 2235 4020 16
2270 3971 2428 4030 „Esse
2463 3977 2624 4019 autem

1501 4054 1684 4105 pueros
1722 4038 1776 4089 in‘
1819 4047 1957 4089 utero
1994 4039 2142 4088 Varro
2195 4037 2311 4088 dicit
2356 4038 2514 4101 capite
2548 4037 2626 4086 in-

1503 4110 1616 4158 [imo
1656 4108 1790 4157 nisos
1826 4120 2020 4156 sursum
2060 4105 2263 4169 pedibus
2313 4104 2484 4165 elatis,
2531 4118 2629 4154 non
2687 4137 2701 4147 -

1504 4183 1554 4225 ut
1590 4174 1800 4224 bominis
1835 4181 2005 4224 natura
2060 4180 2161 4231 est,
2211 4172 2298 4223 sed
2334 4180 2386 4222 ut
2420 4172 2628 4222 arboris.

1468 4240 1625 4293 'Nam
1657 4242 1811 4305 pedes
1848 4255 2085 4304 cruraque
2132 4239 2321 4290 arboris
2375 4238 2626 4304 appellant

1501 4322 1694 4368 ramos,
1765 4316 1911 4372 caput
1979 4309 2180 4371 stirpem
2244 4313 2292 4356 et
2360 4307 2626 4356 caudicem.

1503 4375 1706 4434 Quando
1743 4376 1916 4437 igitur,
1965 4375 2149 4439 inquit,
2197 4380 2368 4423 contra
2401 4380 2625 4422 naturam

1503 4443 1631 4492 rorte
1679 4442 1898 4491 conversi
1945 4441 1993 4492 in
2029 4442 2181 4505 pedes
2225 4438 2465 4489 bracchiis
2513 4437 2623 4501 ple-

1500 4522 1709 4573 rumque
1744 4509 1953 4558 diductis
1987 4506 2372 4575 retineri⁰solent
2406 4504 2628 4566 aegrine-

1501 4591 1596 4641 que
1629 4582 1746 4626 tunc
1773 4576 2002 4625 mulieres
2030 4574 2291 4632 enituntur,
2326 4572 2472 4621 buius
2493 4570 2626 4635 peri-

1502 4643 1599 4694 culi
1635 4641 1926 4708 deprecandi
1949 4643 2103 4705 gratia
2127 4653 2242 4691 arae
2272 4644 2481 4690 statutae
2515 4643 2628 4688 sunt
