3263 5311
1197 367 1273 409 nn
1316 367 1728 413 mosomum.
2560 358 2642 421 87

278 532 425 577 omn
469 510 779 577 ”Iacobus
826 521 889 575 et
930 513 1237 576 ¹²loannes
1281 516 1469 579 vocati
1532 535 1563 577 a
1620 516 1862 580 domino
1919 527 1979 613 et
2029 526 2258 598 patrem
2314 538 2639 601 navemque
2675 507 2908 621 ¹:2⁰³·ng

272 614 743 694 derelinquunt,
816 633 951 677 cum
995 613 1371 679 ”Matthaeus
1416 616 1489 679 de
1535 617 1823 680 ¹⁴teloneo
1867 620 2216 695 suscitatur,
2284 640 2416 696 cum
2463 622 2637 684 etiam
2654 641 2940 696 memma».

270 715 545 794 sepellre
584 724 817 794 pati-em
859 716 1089 777 tardum
1133 716 1243 778 ruit
1294 717 1431 778 fidei
1445 716 1495 778 ¹·.·
1576 716 1768 781 Nemo
1828 738 2067 793 eorum,
2130 739 2278 799 quos
2352 722 2627 785 dominus
2646 710 2793 815 ⁸23¹:
2825 711 2935 763 '¹¹¹’

271 815 503 894 allegit,
550 815 685 876 Non
726 815 940 889 habeo,
985 816 1151 890 dixit,
1197 837 1315 897 quo
1362 807 1571 879 rivam.
1636 817 1812 881 Fides
1855 821 2050 881 samen
2092 839 2215 881 non
2260 822 2445 884 timet.
2514 783 2936 899 Soumetia-so.

270 917 462 978 etiam
508 916 729 977 famem
768 934 892 977 non
933 914 1132 978 minus
1176 917 1294 980 sibi
1336 918 1879 981 ”contemnendam
1921 930 2167 1001 propter
2208 922 2417 998 deum,
2460 944 2634 1004 quam

269 1036 461 1079 omne
504 1016 721 1077 morn‘s
750 1034 958 1096 genus.
1043 1016 1258 1080 Didicit
1296 1036 1421 1091 non
1461 1019 1762 1100 respicere
1803 1020 2000 1095 vitam,
2046 1029 2265 1101 quanto
2309 1024 2495 1103 magis
2539 1025 2630 1086 vi·

272 1116 497 1179 ctum?
589 1117 1075 1197 Quotusquisque
1119 1119 1267 1181 haec
1308 1119 1718 1200 adimplevit‘?
1804 1122 1922 1183 Sed
1979 1140 2127 1201 quae
2180 1140 2366 1201 penes
2431 1123 2629 1187 homi-

270 1238 389 1281 nes
432 1218 718 1291 difficilia,
762 1237 948 1297 penes
993 1218 1168 1281 deum
1212 1220 1420 1281 facilia.
1496 1221 1559 1281 Si
1606 1230 1800 1283 tamen
1843 1220 2018 1284 nobis
2063 1223 2137 1283 de
2180 1225 2628 1301 mansuetudine
2646 1226 2758 1273 ¹⁴⁰0·
2784 1227 2930 1282 xvm,

270 1328 341 1381 et
383 1318 700 1381 clementia
744 1319 840 1380 dei
880 1319 1278 1395 blandiamur,
1335 1329 1403 1381 ut
1454 1340 1577 1383 non
1621 1341 1812 1401 usque
1854 1323 1927 1385 ad
1971 1322 2335 1385 idololatriae
2380 1323 2628 1386 ¹⁸affini·
2681 1297 2761 1340 ’θ’
2802 1299 2880 1340 ²⁷‘

270 1428 431 1481 tates
474 1420 934 1482 necessitatibus
974 1421 1321 1500 largiamur,
1378 1422 1487 1483 sed
1544 1441 1779 1483 omnem
1826 1423 2137 1484 ¹⁷al'llatum
2181 1423 2308 1485 eius
2350 1423 2474 1485 vice
2513 1444 2626 1505 pe-

272 1522 389 1582 stis
433 1521 617 1583 etiam
658 1520 732 1581 de
774 1519 1096 1600 longinquo
1141 1520 1540 1597 ‘'devitemus,
1568 1540 1706 1591 ,non
1748 1522 1811 1585 in
1855 1522 1948 1584 his
1991 1530 2216 1584 tantum
2260 1541 2407 1602 quae
2448 1542 2624 1603 prae-

274 1623 593 1695 misimuS,
646 1619 758 1685 sed
814 1620 879 1682 in
918 1621 1192 1683 universa
1235 1622 1391 1683 serie
1432 1623 1725 1685 humanae
1777 1621 2260 1701 superstitionis,
2315 1623 2440 1685 sive
2496 1624 2623 1693 deis

272 1724 422 1795 suis,
470 1722 605 1783 sive
648 1721 957 1794 defunctis,
1003 1719 1129 1783 sive
1170 1722 1412 1802 regibus
1455 1724 1820 1801 mancipatae
1835 1722 1885 1797 ¹²,
1930 1731 1995 1785 ut
2036 1723 2110 1784 ad
2155 1723 2394 1785 eosdem
2440 1724 2623 1805 spiri-

271 1832 373 1884 tus
413 1822 761 1885 immundos
803 1821 1174 1901 pertinentia,
1217 1822 1398 1883 modo
1439 1840 1551 1909 pet·
1592 1821 1879 1885 sacrificia
1922 1830 1982 1884 et
2022 1824 2387 1898 sacerdotia,
2441 1824 2622 1886 modo

266 1944 384 2003 per
426 1922 763 2003 spectacula
808 1929 869 1982 et
907 1922 1024 1983 hoc
1062 1940 1272 2002 genus,
1316 1918 1497 1985 m'odo
1541 1942 1650 2002 per
1693 1925 1880 1985 festos
1926 1922 2074 1985 dies.

443 2024 570 2107 Sed
632 2023 707 2084 de
762 2020 1065 2083 sacrificiis
1121 2030 1181 2083 et
1234 2022 1306 2085 de
1363 2022 1748 2085 ¹sacerdotiis
1806 2022 1947 2102 quid
2006 2020 2262 2102 loquat?
2347 2021 2433 2085 De
2476 2043 2618 2103 spe·
2647 2026 2752 2082 cap.
2777 2025 2884 2070 ¹¹¹¹·

270 2121 516 2182 ctaculis
563 2127 762 2181 autem
806 2127 866 2182 et
904 2120 1298 2201 voluptatibus
1340 2122 1631 2185 eiusmodi
1677 2142 1852 2185 suum
1906 2123 2022 2185 iam
2078 2123 2352 2184 volumen
2404 2122 2618 2202 imple·

270 2221 491 2282 vimus·
578 2220 710 2281 Hoc
748 2220 881 2282 loco
923 2222 1230 2283 retractari
1275 2232 1509 2303 oportet
1551 2224 1624 2286 de
1668 2225 1840 2286 festis
1886 2223 2096 2285 diebus
2141 2230 2203 2284 et
2243 2221 2373 2284 aliis
2419 2231 2617 2285 extra-

271 2319 595 2382 ordinariis
637 2320 1201 2396 ’sollemnitatibus,
1266 2341 1412 2401 quas
1456 2323 1755 2385 interdum
1797 2323 2133 2396 ³lasciviae‚
2199 2322 2492 2385 interdum
2539 2323 2616 2384 ti·-

266 2422 526 2483 miditati
568 2428 809 2483 nostrae
852 2421 1320 2484 subscribimus·
1361 2422 1644 2485 adversus
1686 2425 1894 2487 ⁴fidem
1934 2423 2420 2503 disciplinamque
2449 2443 2617 2486 com-

267 2540 535 2583 munem.
619 2521 710 2585 De
750 2522 868 2585 hoc
908 2522 1145 2602 quidem
1185 2522 1412 2604 ‘primo
1456 2525 1778 2587 consistam
1793 2526 1842 2599 ¹³,
1899 2543 1974 2586 an
2017 2543 2152 2587 cum
2194 2522 2341 2603 ipsis
2385 2543 2620 2604 quoque

278 2693 356 2741 11.
392 2691 541 2741 iacob
573 2692 631 2742 A.
740 2689 816 2742 12.
854 2691 1093 2743 lohannes
1124 2693 1177 2744 A.
1285 2691 1363 2743 13.
1397 2692 1634 2743 Mattheus
1668 2695 1721 2745 A.
1827 2692 1908 2743 14.
1944 2692 2170 2742 theloneo
2205 2694 2255 2743 A.
2381 2692 2460 2741 15.
2499 2708 2618 2743 con-

272 2759 616 2823 tempnendam
651 2759 704 2811 A.
815 2758 892 2808 16.
929 2760 1186 2810 affinitates
1217 2756 1318 2824 Αβ.
1404 2760 1674 2811 adfinitates
1724 2761 1909 2826 reliqui.
1983 2759 2060 2809 17.
2096 2760 2311 2809 afflatum
2342 2757 2444 2822 Αβ.
2532 2760 2619 2810 ad·

268 2828 433 2878 flatum
467 2828 660 2891 reliqui.
752 2824 834 2876 18.
869 2826 1070 2876 vitemus
1102 2828 1155 2878 A.

402 2911 528 2973 Cap.
560 2909 688 2959 xm.
760 2909 806 2958 1.
843 2917 891 2959 et
908 2909 1207 2964 ,umdouis
1242 2925 1335 2960 om.
1365 2908 1481 2975 Δφ.
1546 2923 1551 2926 ⁴
1590 2908 1639 2960 2.
1675 2907 2080 2959 sollemnitatibus
2112 2905 2211 2970 Αβ.
2321 2905 2367 2959 3.
2397 2906 2617 2958 lasciviae

267 2977 509 3027 interdum
546 2992 638 3027 ont.
670 2977 723 3027 A.
827 2976 876 3026 4.
914 2977 1056 3026 fldem
1093 2977 1493 3040 disciplinamque
1526 2990 1848 3026 communem.
1919 2973 1989 3023 De
2023 2975 2118 3024 hoc
2147 2975 2310 3037 ΑΒΜ.
2377 2974 2487 3024 fidei
2513 2975 2615 3025 dia-

267 3044 499 3108 eipliuam
536 3043 951 3094 communicantes
984 3045 1262 3095 nationibus
1299 3045 1350 3094 in
1385 3043 1575 3094 idolicis
1609 3042 1757 3092 rebus
1790 3042 1937 3093 BGab.
2042 3041 2088 3091 5.
2126 3041 2282 3106 prima
2314 3042 2365 3092 Δ.

262 3164 429 3225 piqnus
466 3175 616 3210 suum
653 3161 923 3222 deierant,“
969 3162 1049 3225 qui
1086 3168 1244 3211 tamen
1280 3161 1404 3212 alter

266 3230 403 3278 locus
438 3243 537 3278 nna
575 3242 685 3277 cum
721 3228 814 3277 boc
849 3230 956 3293 ipso
992 3228 1103 3278 libri
1140 3228 1206 3277 De
1237 3228 1403 3280 Idolo-

263 3295 397 3346 latria
436 3295 563 3345 satis
601 3295 899 3346 demonstrat
930 3298 1097 3361 piynus
1125 3310 1219 3345 non
1242 3296 1401 3345 solum

262 3363 321 3411 de
367 3361 574 3422 liberis‘,
624 3363 711 3412 sed
758 3362 818 3412 de
853 3362 1016 3427 quavis
1053 3378 1159 3412 cara
1196 3364 1401 3426 propin-

263 3432 443 3493 quitate
496 3430 546 3478 in
601 3445 686 3479 usu
735 3429 915 3485 luisse,
967 3430 1016 3479 id
1053 3429 1180 3495 quod
1218 3429 1404 3491 negavit

260 3497 628 3547 eruditissimus
663 3495 824 3547 Desid.
860 3497 1099 3546 Hei-aldus
1136 3495 1194 3545 ad
1222 3497 1399 3547 Arnob.

259 3580 305 3628 p.
346 3564 467 3616 126.
505 3564 587 3612 ed.
623 3563 734 3622 LB.‚
782 3573 947 3614 contra
994 3564 1226 3614 disertum
1261 3563 1399 3614 testi-

258 3634 481 3683 monium
534 3631 843 3690 Quinctiliaui
891 3631 1044 3681 instit.
1094 3631 1167 3691 vt,
1223 3630 1268 3691 1,
1317 3630 1400 3682 24.

259 3701 439 3759 „affert
500 3699 551 3747 in
615 3698 691 3747 bis
737 3708 1033 3748 momentum
1079 3706 1128 3747 et
1174 3704 1305 3746 aetas
1352 3705 1401 3747 et

257 3782 404 3816 sexus
444 3773 495 3814 et
526 3767 745 3829 piqnora,
798 3767 935 3816 liberi
969 3768 1073 3816 dieo
1111 3772 1154 3815 et
1182 3772 1397 3831 parentes

262 3843 300 3883 et
332 3831 655 3898 propinqui.“
708 3833 782 3882 Cl'.
818 3832 996 3881 Arnob.
1030 3832 1139 3882 adv.
1175 3832 1299 3882 Natt.
1337 3832 1398 3892 n,

263 3899 341 3950 75.
390 3899 703 3961 ‚mautragim
750 3901 932 3956 ruinas,
974 3899 1209 3959 incendia,
1246 3898 1399 3963 pesti-

265 3965 453 4028 lentias,
488 3968 816 4028 sterilitatem,
840 3969 1134 4017 amissionem
1156 3968 1400 4031 pignorum

268 4042 315 4082 et
346 4035 754 4098 proscriptionem
779 4034 1052 4084 bonorum“
1090 4042 1218 4092 cett,
1255 4047 1396 4097 quem

266 4100 427 4149 locum
481 4103 545 4151 de
606 4103 818 4152 cuiusvis
865 4101 1058 4163 generis
1113 4101 1398 4165 propinquis

260 4176 393 4217 recte
426 4169 773 4234 interpretatus
810 4177 884 4218 est
919 4167 1286 4218 Hildebrandus.

326 4236 373 4284 li.
424 4237 618 4287 tardum
670 4235 763 4286 ruit
809 4230 945 4300 ndei]
989 4235 1070 4285 Vel
1118 4250 1164 4284 tn
1213 4250 1265 4284 re
1300 4243 1396 4284 tam

252 4304 371 4422 32³AE
403 4314 479 4422 ἐξ.
498 4305 672 4422 ‘zm
695 4303 1395 4434 ‘siffzzzzeffssffissft'ietff

320 4438 353 4489 i.
370 4440 779 4505 Quotusquisque
795 4438 916 4487 haec
926 4438 1198 4502 adimplevit
1210 4433 1263 4500 ἵ]
1279 4437 1395 4486 Obi-

252 4506 347 4556 cies
381 4507 530 4559 mihi:
604 4571 607 4572 7
688 4508 978 4570 tosqnisqne
1011 4506 1131 4570 haec
1159 4505 1396 4569 adimple-

252 4570 352 4626 vit?
382 4575 561 4629 Fateor
597 4569 717 4628 ἀει
753 4573 973 4636 difficile,
1007 4573 1094 4624 sed
1123 4572 1397 4623 bominibus

1488 3161 1700 3225 quidem,
1737 3172 1832 3208 non
1870 3157 1978 3208 deo.
2023 3157 2150 3206 Deus
2186 3157 2314 3206 enim
2349 3163 2397 3205 te
2421 3151 2615 3207 susten-

1486 3228 1605 3278 tabit
1640 3242 1729 3290 pro
1767 3225 2131 3276 mansuetudine
2167 3231 2214 3274 et
2238 3224 2491 3274 clementia
2512 3240 2644 3275 sua.-

1487 3295 1637 3345 Verba
1687 3296 1763 3345 Sic
1809 3300 1960 3343 lamen
1995 3317 2054 3329 -—
2095 3316 2162 3328 —
2202 3305 2288 3357 per
2318 3296 2462 3356 festos
2498 3294 2615 3343 dies.

1486 3377 1512 3412 a
1558 3362 1859 3426 praegressis
1905 3374 2206 3424 nequaquam
2254 3359 2413 3408 revelli
2464 3359 2614 3409 debe·

1485 3431 1615 3489 bant,
1655 3429 1700 3477 id
1730 3429 1858 3493 qnod
1891 3426 2193 3477 intellexerat
2226 3426 2394 3475 Franc.
2432 3423 2614 3487 lunius,

1485 3495 1694 3557 neglexit
1745 3496 1869 3544 inter
1927 3503 2114 3544 ceteros
2173 3494 2315 3542 etiam
2365 3493 2612 3555 Rigaltiue.

1482 3562 1750 3620 Ludoticus
1785 3563 1845 3611 de
1880 3561 1925 3609 la
1964 3561 2116 3612 Cerda
2153 3574 2324 3609 novum
2361 3567 2504 3623 caput
2538 3559 2612 3609 in·

1483 3631 1600 3694 cipit
1636 3630 1791 3679 verbis
1829 3619 1923 3678 Sed
1958 3643 2133 3678 omnem
2166 3630 2375 3688 amatum
2409 3633 2518 3676 cett.

1553 3698 1596 3746 lt.
1630 3690 1978 3812 lmancipatae]
2030 3695 2103 3744 Cf.
2150 3708 2298 3759 supra
2345 3693 2507 3744 adnot.
2551 3694 2615 3743 ad

1484 3780 1536 3816 ca
1574 3800 1585 3812 .
1661 3799 1672 3812 .

1540 3779 1668 3894 ¹ilap.
1687 3828 1809 3878 xm.
1867 3843 1908 3877 a.
1946 3821 2320 3891 subscribimus]
2357 3826 2467 3875 h.e.
2493 3839 2611 3875 con-

1483 3897 1716 3949 cedimus.
1786 3896 1856 3946 Cs.
1892 3896 2092 3959 Apolog.
2130 3907 2232 3957 cap.
2270 3893 2317 3943 6.
2355 3894 2611 3954 „Quonam

1483 3966 1596 4015 illae
1633 3965 1762 4026 leges
1799 3961 2018 4018 abierunt
2051 3970 2295 4024 sumptum
2317 3967 2365 4010 et
2389 3961 2612 4010 ambitio-

1479 4047 1590 4084 nem
1642 4032 2036 4094 comprimentes,
2090 4041 2211 4093 quae
2259 4036 2449 4078 centum
2500 4041 2612 4076 aera

1478 4114 1725 4218 3⁰⁰13¹3¹⁹
1731 4099 1847 4215 'iffi
1872 4098 1921 4147 ⁵¹¹
1971 4110 2171 4213 ⁰⁰²5?
2209 4095 2610 4211 §¹⁶5⁶a‘ffiisstss‘33

1515 4168 1654 4217 an.‘
1801 4179 2008 4228 t.cap.
2117 4178 2280 4222 .,‚e
2384 4177 2409 4209 e
2531 4178 2543 4210 t

1480 4243 1669 4285 vacaret
1703 4234 1796 4283 boc
1831 4246 2023 4295 quoque
2057 4247 2083 4280 a
2121 4230 2309 4279 Indaeis
2335 4229 2628 4278 Ptolemaeo·

1482 4305 1788 4365 subscriptum
1823 4300 1944 4349 est.“
2013 4297 2083 4347 De
2117 4297 2243 4359 virg.
2273 4295 2467 4345 Veland.
2506 4309 2612 4358 cap.

1484 4370 1561 4420 10.
1600 4369 1766 4429 „Certi
1803 4381 1969 4415 sumus
2005 4365 2225 4428 spiritum
2261 4372 2480 4412 sanctum
2508 4376 2610 4410 ma-

1481 4439 1552 4499 gis
1589 4434 1817 4485 masculis
1855 4434 1949 4484 tale
1983 4432 2161 4497 aliquid
2199 4432 2485 4481 subscribere
2516 4443 2609 4494 po-

1480 4505 1650 4566 tuisse,
1694 4503 1735 4551 si
1772 4502 1965 4551 feminis
2001 4494 2408 4563 subscripsisset.“

1546 4572 1594 4620 b.
1650 4563 1935 4634 consistam]
1985 4567 2241 4619 Comi-scere
2288 4561 2473 4613 rorensi
2516 4575 2608 4612 usu
