3263 5311
697 392 817 454 172
1191 406 1393 457 omar-1
1440 400 1703 448 serrium
1747 402 2078 447 nont-:nris
2122 404 2513 448 ‘rsaruuum

692 565 895 619 utrum
957 556 1173 617 mimos
1238 574 1316 618 an
1379 555 1526 617 deos
1598 563 1834 616 vestros
1905 556 1970 616 in
2030 553 2180 616 iocis
2245 561 2306 615 et
2365 553 2670 633 strophisb
2731 553 3044 615 ’rideatist

693 658 1008 720 moechum
1048 655 1371 729 ⁴Anubin·‚
1430 665 1491 716 et
1541 655 1870 717 masculum
1910 654 2206 728 Lunam&
2264 663 2325 716 et
2375 655 2618 716 Dianam
2675 655 3043 734 flagellatam,

692 760 788 820 ‘et
828 758 985 820 Iovis
1030 757 1251 818 mortui
1295 764 1715 818 testamentum
1755 756 2096 847 recitatum,
2144 763 2204 817 et
2247 763 2370 817 tres
2411 755 2697 816 Hercules
2740 756 3046 817 famelicos

694 860 975 922 inrisos·.
1076 857 1197 919 Sed
1254 865 1314 919 et
1369 857 1733 919 histrionum
1785 855 2082 918 ‘litterae‘
2132 873 2373 917 omnem
2426 856 2769 918 foeditatem
2831 873 3049 918 eorum

694 960 1023 1039 designant.
1112 959 1303 1037 Luget
1344 957 1453 1020 Sol
1493 958 1679 1020 filium
1720 957 1832 1020 ''de
1885 958 2047 1019 caelo
2106 955 2384 1018 iactatum
2440 956 2792 1019 laetantibus
2850 958 3046 1032 vebia„

692 1060 790 1122 'et
854 1060 1065 1140 Cybele
1141 1059 1165 1092 ⁹
1175 1068 1487 1141 pastorum
1555 1060 1817 1139 suspirat
1879 1058 2296 1120 fastidiosumt
2358 1076 2483 1119 non
2555 1058 3050 1121 erubescentibus

693 1160 897 1235 rubia,
965 1169 1026 1222 et
1068 1160 1376 1223 sustinetis
1420 1159 1578 1221 Iovis
1637 1159 1870 1240 elogia¹²
1924 1158 2177 1232 cantari,
2242 1166 2300 1219 et
2353 1158 2674 1232 Iunonem,
2733 1159 3045 1230 Venerem,

696 1314 745 1365 3.
780 1313 978 1364 rideatis
1015 1329 1103 1364 ont.
1140 1330 1180 1364 c.
1294 1313 1344 1363 4.
1380 1312 1566 1363 Anubin
1601 1313 1728 1363 ΑΒΕ.
1767 1313 1940 1377 Erfurt.
2030 1311 2234 1361 Anubim
2269 1313 2563 1376 DFGabcdef.
2608 1313 2798 1362 Vindob.
2919 1312 2968 1361 5.
3005 1320 3050 1362 et

694 1383 821 1432 Iovis
856 1382 1035 1431 mortui
1072 1407 1137 1417 —
1174 1404 1235 1415 —
1277 1381 1528 1431 famelicos
1564 1382 1744 1430 inrisos
1779 1395 1868 1431 om.
1890 1373 1936 1426 λ.
2047 1379 2094 1429 6.
2133 1381 2285 1428 latera
2323 1396 2361 1430 c.
2429 1409 2434 1414 -
2466 1379 2513 1428 7.
2551 1380 2612 1429 de
2647 1379 2783 1429 caelo
2821 1379 3049 1430 iactatum

693 1450 896 1500 ABEFG.
938 1450 1128 1499 vindob.
1165 1448 1339 1512 Ersnrt.
1383 1450 1533 1498 oxori.
1602 1449 1830 1497 iactatum
1868 1447 1927 1496 de
1964 1447 2100 1496 caelo
2135 1448 2335 1498 Dabcde.
2404 1447 2671 1496 detractum
2709 1447 2768 1496 de
2807 1447 2944 1496 caelo
2981 1443 3045 1512 λῙ.

696 1517 748 1567 8.
794 1524 842 1565 et
894 1514 1070 1578 Cybele
1115 1537 1184 1550 —
1228 1538 1297 1549 —
1343 1515 1742 1565 erubescentibus
1787 1514 1923 1563 vobis
1970 1529 2058 1564 om.
2096 1532 2135 1564 c.
2285 1514 2333 1563 9.
2384 1521 2634 1576 pastorum
2671 1514 2888 1578 suspirat
2922 1515 3050 1565 ABG.

694 1585 911 1648 suspirat
946 1591 1194 1646 pastorum
1236 1584 1425 1634 Vindob.
2237 1589 2481 1645 pastorem
2529 1583 2742 1646 suspirat
2788 1583 3052 1646 DEabcdef.

700 1653 849 1703 Oxou.
885 1651 1059 1714 Erfurt.

1532 1582 1749 1647 suspirat
1796 1588 2045 1645 pastorem
2079 1583 2131 1632 F.

762 1785 811 1833 b.
848 1792 897 1834 et
912 1778 1152 1848 strophis]
1172 1783 1411 1848 strophae
1430 1791 1544 1833 sunt
1564 1784 1823 1847 nequitiae,
1925 1774 2135 1831 οὗτοι·
2170 1776 2360 1829 ostio
2377 1788 2476 1830 v.“
2534 1783 2607 1835 Cf.
2647 1783 2857 1833 Lactant.
2897 1783 3053 1836 lustit.

695 1853 948 1911 versutiae,
968 1852 1134 1908 tricae,
1150 1851 1265 1899 doli.
1288 1850 1822 1908 Adv.Marcion.lll‚10
1925 1850 1963 1910 1,
2000 1849 2082 1900 21.
2118 1857 2166 1898 et
2200 1865 2325 1914 quae
2360 1851 2425 1900 ihi
2462 1850 2686 1901 Buenem.
2724 1851 2905 1901 laudat.

699 1919 926 1983 „quando
963 1918 1153 1980 dignius
1191 1918 1453 1967 necessitas
1496 1919 1641 1968 fldem
1678 1931 1822 1981 qnam

697 1988 946 2051 stropham
983 1981 1443 2035 administrasset?“
1497 1986 1565 2034 De
1601 1986 1822 2049 Spectac.

697 2068 803 2118 cap.
840 2053 906 2104 29
952 2054 1107 2114 „satis
1153 2052 1297 2103 etiam
1344 2053 1661 2117 canticorum,
1693 2053 1826 2102 ‘satis

693 2135 884 2182 vocum,
931 2136 1022 2170 nec
1056 2120 1267 2178 fabulae,
1317 2120 1404 2169 sed
1442 2121 1680 2178 veritates,
1736 2134 1826 2169 nec

696 2193 927 2253 strophae,
978 2188 1064 2237 sed
1112 2187 1503 2252 simplicitates.“
1584 2186 1824 2238 Aldheltn.

695 2256 766 2305 De
800 2256 975 2319 Virgin.
1012 2270 1116 2319 cap.
1153 2255 1200 2305 6.
1258 2254 1379 2305 Plin.
1413 2254 1567 2318 Epist.
1601 2255 1763 2315 lell,
1782 2255 1827 2306 1.

698 2324 899 2373 Martial.
934 2324 1100 2387 Epigr.
1136 2321 1281 2382 tx,8.
1354 2323 1628 2385 Hieronym.
1668 2322 1699 2371 l.
1723 2322 1755 2370 Ι.

644 2395 653 2402 ‘
767 2407 806 2440 c.
862 2391 1116 2440 moechum
1151 2385 1363 2455 Anubin]
1419 2390 1629 2439 Fabulae
1683 2389 1826 2438 buius

618 2517 627 2524 1
696 2457 768 2507 vel
802 2458 931 2510 tituli
969 2459 1211 2519 originem
1238 2457 1305 2507 lo.
1331 2458 1548 2507 Clericus
1572 2457 1825 2507 Bibbanc.

698 2532 749 2575 et
782 2524 1010 2574 Moderne
1044 2533 1161 2574 tom.
1198 2524 1289 2583 XV,
1325 2539 1375 2588 p.
1396 2524 1507 2573 107.
1561 2525 1736 2587 repetit
1771 2538 1827 2573 ex

699 2591 1057 2642 narratiuncula
1095 2591 1196 2649 illa,
1233 2606 1376 2657 quam
1414 2593 1559 2641 babet
1594 2592 1832 2655 Iosephus

698 2661 890 2725 Antiqu.
926 2660 1028 2710 lud.
1065 2660 1225 2720 xvut‚
1250 2660 1298 2709 4.

771 2729 816 2777 d.
867 2737 914 2778 et
958 2727 1226 2777 masculum
1274 2724 1480 2793 Lunam]
1534 2727 1678 2777 locus
1728 2726 1832 2776 sor—

701 2805 831 2846 tasse
880 2796 1056 2859 petitus
1106 2796 1166 2844 ab
1218 2808 1445 2845 sermone
1495 2793 1830 2854 Orientalium,

702 2864 783 2928 qui
818 2864 1002 2912 Lunam
1040 2870 1137 2911 tam
1174 2863 1454 2913 masculinis
1506 2877 1651 2926 quam
1687 2863 1830 2911 femi-

700 2932 829 2981 ninis
866 2931 1142 2981 nominibus
1163 2931 1490 2994 appellabant,
1527 2931 1655 2980 unde
1682 2938 1730 2978 et
1753 2930 1832 2979 dei

701 2998 821 3048 Luni
858 2999 1037 3047 mentio
1074 2998 1202 3062 apud
1238 2998 1545 3062 spartianum
1593 2999 1643 3046 in
1680 2997 1830 3047 Cara·

702 3067 845 3116 callo.
882 3066 1117 3127 (Herald.)
1187 3066 1535 3116 Testimonium
1587 3064 1831 3129 Spartiani

703 3142 779 3184 est
825 3133 988 3183 Carae.
1040 3148 1145 3197 cap.
1185 3132 1233 3182 6.
1321 3133 1393 3183 Cf.
1445 3133 1506 3182 de
1554 3133 1646 3182 deo
1695 3132 1831 3181 Luuo

702 3208 955 3265 praeterea
1004 3202 1163 3248 Amin.
1215 3199 1423 3248 Marcell.
1473 3200 1647 3259 xxm,
1684 3197 1746 3258 3,
1782 3197 1831 3247 2.

701 3268 963 3317 Herodian.
1003 3267 1076 3325 lv,
1116 3264 1195 3313 13.
1250 3266 1424 3315 Euseb.
1452 3266 1622 3328 Praep.
1660 3264 1832 3328 Eva'ug.

705 3335 789 3394 ut,
826 3333 874 3382 3.
944 3331 1104 3381 Procl.
1141 3333 1189 3380 in
1226 3333 1408 3382 Timae.
1445 3333 1518 3393 lv,
1554 3331 1673 3382 251.

774 3414 817 3448 e.
864 3406 912 3448 et
946 3406 1045 3447 tres
1083 3399 1315 3449 Hercules
1337 3400 1587 3449 famelicos
1610 3397 1833 3463 inrisos]

705 3466 927 3516 Herculis
962 3467 1270 3515 voracitatem
1318 3468 1629 3517 traduxerunt
1658 3473 1836 3530 poetae

703 3548 858 3598 paene
873 3547 1044 3582 omnes
1058 3534 1317 3583 Homerum
1345 3534 1668 3597 patriarcham
1692 3548 1835 3583 suum

705 3602 930 3665 sequuti;
967 3615 1059 3664 qua
1092 3601 1154 3650 de
1182 3615 1235 3650 re
1253 3601 1834 3665 Athen.Deipnos.lib.X.

705 3670 1013 3734 Quapropter
1048 3668 1346 3731 gloriabatur
1391 3669 1517 3733 apud
1566 3669 1835 3718 Philostra-

707 3745 806 3787 tum
843 3738 913 3787 De
948 3737 1048 3787 Vita
1084 3736 1240 3802 Apoll.
1279 3737 1329 3797 V,
1367 3736 1414 3787 8.
1452 3737 1634 3789 iuvenis
1671 3726 1835 3794 ἀδδη-

706 3797 910 3870 φᾶγος,
976 3807 1067 3855 hac
1110 3820 1166 3854 se
1210 3806 1397 3855 ratione
1450 3820 1547 3854 non
1597 3805 1836 3854 minorem

706 3873 911 3935 gloriam
948 3880 1355 3936 consequuturum
1394 3888 1536 3937 quam
1574 3872 1692 3922 olim
1716 3886 1836 3922 con·

705 3947 941 4002 sequutus
977 3941 1152 3989 luisset
1187 3938 1436 3999 Hercules,
1490 3942 1626 3991 cuius
1665 3941 1834 3990 tubur-

707 4006 971 4056 cinationes
1008 4022 1103 4056 non
1162 4008 1320 4057 miuus
1365 4008 1518 4057 l'uisse
1567 4008 1837 4056 celebratas

707 4073 773 4121 ait
809 4086 951 4135 quam
989 4074 1204 4127 eiusdem
1254 4088 1538 4123 aerumnas:
1590 4067 1682 4120 καὶ
1726 4067 1801 4137 y&

706 4132 808 4186 τὸν
847 4130 1109 4205 Ἡρακλέα
1157 4132 1289 4192 ἴσως
1334 4131 1575 4195 ἀκούεις,
1629 4133 1703 4193 ὥς
1746 4155 1816 4188 κα

706 4200 778 4253 τὰ
838 4200 987 4252 σιτία
1047 4197 1214 4254 αὐτοῦ
1272 4221 1351 4254 πα
1391 4203 1668 4267 απλησίως
1720 4207 1839 4261 τοῖς

709 4264 901 4324 ἄθλοις
937 4262 1113 4330 ἥδετο.
1154 4274 1366 4333 (llerald.
1450 4276 1519 4326 ct.
1560 4276 1838 4326 Philostrat-

709 4341 888 4401 lmagg.
934 4339 1009 4399 fl,
1050 4340 1136 4389 13:
1186 4331 1377 4395 ·,,ἇλλὰ
1435 4340 1534 4389 τοῦ
1590 4343 1635 4388 θ
1673 4336 1839 4396 άσους

710 4398 988 4486 ὄργῖςεται
1034 4405 1112 4471 τῷ·
1141 4401 1392 4485 Ἡρακλεῖ
1435 4404 1464 4455 ὃ
1504 4407 1630 4458 Geta
1670 4403 1832 4475 ἄμας,

711 4466 800 4525 ὅτι
834 4473 1064 4542 αροῠντι
1098 4466 1246 4540 αὗτῳ
1281 4468 1506 4530 ἐπιστὰς
1545 4470 1837 4544 ἀποσφάτ-

710 4558 791 4593 τει
824 4539 927 4592 τὸν
959 4535 1151 4610 ἕτερον
1185 4541 1298 4591 τῶν
1341 4543 1492 4605 βοῶν
1535 4540 1628 4593 καὶ
1675 4545 1838 4594 etrel-

709 4625 817 4667 ται,
858 4605 1143 4680 σφόδρα
1186 4604 1357 4665 ἐθὰς
1396 4603 1489 4661 ὧν
1532 4612 1656 4663 τοῦ
1704 4627 1837 4663 τοι·

1995 1934 2027 1983 s.
2077 1935 2365 1984 histrionum
2401 1929 2611 1999 litterae]
2659 1935 2931 1985 Histriones
2979 1937 3058 1986 hic

1925 2001 2234 2065 peculiariter
2282 2002 2495 2065 appellat
2543 2003 2804 2052 comoedos
2859 2013 2907 2053 et
2955 2012 3057 2053 tra·
3131 2015 3140 2026 ·

1925 2068 2126 2132 goedos,
2163 2083 2368 2133 quorum
2407 2070 2652 2119 scientiam
2675 2072 2942 2121 saecularis
2977 2072 3057 2121 lit-

1925 2144 2136 2186 teratura
2186 2136 2446 2201 dispungit,
2508 2139 2751 2201 quomodo
2801 2138 2930 2187 idem
2982 2139 3061 2188 lo·

1926 2205 2088 2268 quitur
2123 2203 2191 2253 De
2218 2205 2436 2267 Spectas.
2475 2198 2726 2268 [cap.18.]
2777 2206 2876 2256 Hac
2916 2208 3061 2267 igitur

1925 2273 1985 2321 de
2023 2286 2166 2320 causa
2203 2272 2527 2333 „histrionum
2552 2272 2774 2322 litterae“
2811 2273 3060 2325 hocloco.

1923 2338 2161 2400 (Herald.)

1995 2447 2040 2493 g.
2099 2441 2147 2482 et
2173 2431 2349 2495 Cybele
2384 2439 2634 2496 pastorum
2671 2434 2891 2497 suspirat·
2921 2435 3062 2494 lasti-

1928 2493 2146 2563 diosum]
2215 2501 2358 2559 Attin,
2414 2514 2556 2564 quem
2609 2510 2856 2564 pastorem
2907 2503 3062 2553 fuisse

1936 2567 2130 2618 tradunt
2175 2567 2416 2618 Theocrit.
2453 2568 2519 2628 X,
2553 2568 2637 2617 40.
2709 2569 2936 2618 Philostr.
2975 2571 3062 2634 Ep.

1936 2634 1973 2695 1,
1998 2633 2079 2685 39.
2117 2649 2164 2699 p,
2180 2633 2297 2685 930.
2366 2636 2543 2686 Arnob.
2581 2636 2690 2691 Adv.
2728 2636 2852 2687 Natt.
2884 2637 2956 2698 Ν,
2981 2637 3062 2690 35.

1935 2703 2120 2753 Paulin.
2158 2698 2330 2753 Nolan.
2366 2704 2474 2753 Λᾶν.
2527 2705 2664 2755 Geut.
2702 2705 2861 2754 Carm.
2899 2722 2940 2755 v.
2980 2705 3062 2756 39.

1935 2770 2411 2834 Cymes-amorem
2476 2781 2671 2835 enarrat
2717 2772 2896 2821 Arnob.
2952 2774 3066 2823 Δάν.

1933 2839 2058 2888 Natt.
2112 2836 2294 2902 ‚6sqq.
2349 2839 2590 2888 Genitivus
2620 2848 2877 2906 postorum,
2918 2856 3065 2905 quem

1934 2920 1989 2955 ex
2025 2905 2120 2955 tide
2155 2907 2447 2970 optimorum
2485 2906 2718 2970 librorpm
2753 2907 2942 2957 restitui
2974 2923 3066 2972 pro

1933 2973 2201 3023 accusativo
2232 2982 2480 3037 pastorem,
2533 2976 2612 3038 qui
2651 2975 2698 3024 in
2737 2974 2940 3036 vulgatis
2978 2976 3065 3025 ba-

1932 3042 2090 3099 betur,
2127 3042 2309 3090 Graeco
2347 3055 2482 3090 more
2509 3050 2595 3101 ‚est
2629 3043 2832 3104 positas.
2904 3043 3068 3092 (Is-De

1933 3109 2151 3171 Spectac.
2189 3108 2345 3170 cap.6
2381 3109 2591 3172 „reliqui
2629 3109 2850 3159 ludorum
2889 3109 2950 3157 de
2979 3125 3069 3159 na-

1935 3176 2111 3225 talibus
2148 3183 2195 3225 et
2230 3175 2548 3234 sollemnibus
2584 3191 2750 3237 regum
2782 3185 2830 3225 et
2853 3177 3068 3239 publicis

1935 3242 2337 3307 prosperitatibus
2398 3251 2447 3292 et
2502 3243 2872 3308 municipalibus
2929 3245 3070 3295 festis

1933 3310 2292 3373 superstitionis
2329 3325 2500 3360 causas
2536 3310 2764 3361 habeut.“
2818 3312 2962 3374 Apul.
3002 3313 3071 3363 De

1938 3377 2088 3439 Magia
2127 3392 2231 3440 cap.
2270 3375 2331 3426 37
2388 3379 2754 3441 „peregregiam
2791 3380 3070 3439 tragoedia-

1938 3444 2102 3494 rum.“
2174 3444 2294 3494 lbid.
2345 3460 2449 3508 cap.
2488 3444 2553 3497 38
2612 3432 2789 3508 „apud
2842 3447 3071 3510 antiquos

1938 3512 2397 3577 philosophorum.“
2439 3502 2542 3563 ἦ..
2565 3513 2631 3563 De
2667 3513 2842 3563 Mundo
2880 3513 3067 3577 cap.3l

1939 3580 2196 3639 „fictorum
2233 3579 2496 3642 probum“‚
2534 3580 2591 3629 ad
2629 3595 2754 3645 quae
2790 3580 2931 3629 verba
2966 3582 3074 3630 Hil-

1939 3646 2213 3696 debrandus
2250 3647 2364 3695 citat
2398 3647 2638 3699 Eckstein.
2676 3648 2734 3697 ad
2773 3648 2926 3697 vossii
2961 3649 3072 3698 Ari-

1938 3714 2115 3764 starch.
2153 3722 2270 3762 tom.
2299 3714 2630 3778 ttt‚,·p.1060.
2667 3723 2715 3764 et
2750 3715 2971 3767 Oudend.
3012 3717 3074 3765 ad

1938 3780 2077 3844 Apul.
2116 3781 2317 3843 Apolog.
2354 3797 2403 3845 p.
2428 3781 2546 3832 480.
2619 3782 2780 3832 Burm.
2818 3782 2878 3831 ad
2917 3772 3076 3841 Quin-

1940 3848 2039 3897 ctil.
2075 3848 2237 3897 lustit.-
2266 3850 2304 3910 l,
2341 3849 2389 3898 4.

2009 3940 2054 3988 h.
2094 3939 2217 3989 lovis
2254 3936 2432 4004 elogia]
2475 3940 2596 3989 lovis
2633 3941 2873 3990 furtorum
2901 3947 2950 3990 et
2975 3942 3076 3991 cri-

1940 4007 2121 4057 minum
2158 4008 2341 4057 titulos.
2429 4008 2498 4057 De
2532 4022 2634 4057 voc.
2671 4008 2870 4071 eloyium
2903 4024 2945 4057 v.
2986 4009 3076 4058 ad-

1938 4081 2103 4125 notata
2138 4075 2198 4124 ad
2233 4075 2302 4124 De
2339 4076 2529 4125 Corona
2567 4089 2673 4138 cap.
2696 4075 2743 4123 5.
2817 4074 2883 4124 De
2920 4090 2978 4125 ra
3015 4077 3075 4125 cf.

1936 4144 2115 4192 Arnob.
2152 4143 2263 4192 Λᾶν.
2300 4143 2425 4192 Natt.
2454 4141 2549 4202 vn,
2572 4140 2638 4191 33
2675 4142 2851 4202 „Ponit
2885 4144 3076 4193 animos

1937 4211 2170 4274 luppiter,
2207 4210 2250 4259 si
2269 4210 2579 4274 Amphitryon
2615 4209 2761 4259 fuerit
2797 4217 2933 4259 actus
2954 4224 3078 4274 pro-

1939 4279 2280 4341 nuntiatusque
2306 4277 2571 4338 Plautinus,
2604 4285 2687 4327 aut
2709 4278 2751 4327 si
2775 4277 2993 4341 Europa,
3033 4278 3074 4326 si

1937 4345 2084 4405 Leda,
2106 4346 2405 4408 Ganymedes
2419 4345 2564 4394 fuerit
2578 4344 2783 4394 saltatus
2797 4353 2880 4394 aut
2895 4345 3075 4405 Danae,

1939 4421 2122 4462 motum
2159 4415 2426 4477 compescit
2460 4408 2723 4462 irarum-‘P‘
2787 4412 2862 4461 Cf.
2903 4413 2973 4462 ld.
3001 4412 3075 4472 lv,

1940 4477 2004 4528 35
2041 4488 2125 4538 „et
2149 4481 2280 4543 quod
2300 4480 2537 4530 netarium
2557 4487 2688 4529 esset
2710 4479 2893 4539 auditu,
2917 4482 3075 4541 gentis

1938 4546 2019 4595 illa
2058 4549 2268 4607 genetrix
2285 4549 2478 4598 Martiae
2512 4548 2784 4609 regnatoris
2821 4555 2868 4596 et
2904 4546 3076 4611 populi

1937 4614 2232 4676 procreatrix
2267 4630 2441 4667 arcana
2477 4616 2682 4666 saltatur
2705 4614 2865 4665 Venus
2903 4622 2951 4665 et
2986 4626 3082 4679 pet·
