3263 5311
1221 372 1696 417 nomentum.

2514 358 2639 422 263

274 520 529 602 ciplina,
579 519 792 585 Graeci
815 520 1116 583 Socratis·
1139 529 1199 583 et
1219 521 1472 583 Romani
1503 522 1743 585 Catonis
1757 522 1806 598 ¹¹,
1851 523 1953 604 qui
1996 542 2216 585 uxores
2263 543 2404 586 suas
2435 525 2639 587 amicis

275 621 900 695 communicaverunt,
967 640 1116 702 quas
1161 621 1223 683 in
1268 623 1711 685 matrimonium
1768 623 2058 686 duxerant
2095 623 2420 686 liberorum
2464 644 2643 690 causa

272 811 324 859 in
367 808 430 858 tt.
461 809 733 858 Antonino:
772 808 1018 873 „Crimini
1042 810 1084 859 ei
1124 810 1286 860 datum
1324 820 1416 872 est,

274 877 414 941 quod
451 877 701 925 adulteros
739 877 901 926 uxoris
939 879 1250 940 promoverit,
1305 893 1412 929 cum

271 943 552 995 Tertullum
588 944 734 995 etiam
771 944 1086 1007 prandentem
1123 960 1231 995 cum
1266 961 1415 997 uxore

275 1010 674 1075 deprehenderit.
748 1010 815 1061 De
851 1028 947 1075 quo
986 1014 1162 1063 mimus
1195 1014 1242 1064 in
1266 1028 1413 1064 scena

274 1088 540 1144 praesente
570 1079 810 1129 Antonino
846 1080 977 1140 dixit,
1014 1096 1172 1148 quum
1189 1082 1413 1145 stupidus

277 1160 464 1196 nomen
516 1147 720 1197 adulteri
777 1150 940 1197 uxoris
990 1163 1016 1197 a
1064 1164 1202 1199 servo
1260 1163 1411 1213 quae-

273 1222 417 1265 reret
450 1221 498 1263 et
530 1214 613 1264 iile
650 1214 835 1265 diceret
859 1216 1136 1277 terTullus,
1172 1225 1221 1266 et
1256 1218 1415 1266 adbuc

273 1283 506 1346 stupidus
544 1291 815 1345 quaereret,
866 1284 1118 1346 respondit
1151 1284 1262 1335 ille·
1311 1285 1409 1334 lam

272 1350 368 1399 tibi
409 1349 520 1409 dixi,
573 1350 820 1400 Tertullus
858 1351 1044 1400 dicitur.
1131 1352 1187 1401 Et
1224 1352 1283 1402 de
1319 1353 1414 1402 hoc

273 1418 480 1483 quidem
515 1417 665 1467 mulla
704 1418 933 1481 populus,
976 1419 1124 1471 multa
1162 1419 1240 1467 alii
1278 1419 1410 1469 dixe-

271 1493 426 1545 runt,
473 1484 751 1549 patientiam
799 1487 1020 1535 Antonini
1081 1487 1411 1537 incusante8.“

274 1554 420 1613 Quae
456 1562 613 1603 autem
651 1553 748 1602 boc
783 1553 890 1603 loco
910 1554 1216 1605 disseruntur
1239 1571 1264 1603 a
1290 1555 1412 1607 Ter·

272 1620 508 1680 tulliano,
564 1621 862 1670 obtrectandi
900 1623 1059 1671 animo
1097 1622 1220 1671 dicta
1258 1623 1417 1687 possit

281 1688 404 1752 quis
450 1688 733 1748 existimare,
790 1704 898 1737 cum
949 1688 1136 1751 legibus
1187 1690 1414 1740 Romanis

275 1754 563 1819 patientiam
589 1755 730 1804 istam
759 1756 982 1806 adulterii
1014 1772 1168 1820 poena
1198 1759 1412 1821 punitam

274 1822 505 1872 ICtorum
546 1824 859 1873 instrumenta
897 1824 1117 1885 doceant,
1175 1825 1412 1888 siquidem

273 1890 326 1939 in
363 1905 472 1939 eum
499 1892 721 1941 maritum
753 1907 909 1955 poena
937 1900 1111 1941 statuta
1140 1893 1299 1953 fuerit,
1331 1893 1412 1957 qui

277 1958 340 2008 de
366 1958 604 2009 adulterio
623 1960 785 2008 uxoris
807 1974 923 2008 suae
946 1960 1059 2023 quid
1083 1961 1282 2023 ceperit,
1299 1961 1411 2010 item

275 2026 328 2076 in
363 2024 581 2091 eum'qui
611 2028 658 2076 iu
680 2026 916 2076 adulterio
956 2027 1305 2092 deprehensam
1331 2043 1410 2077 re-

274 2094 493 2143 tinuerit.
565 2094 617 2142 L.
657 2093 717 2142 ΙΙ.
757 2094 812 2143 D.
833 2095 890 2145 ad
913 2094 1022 2156 Leg.
1057 2096 1145 2144 lul.
1169 2096 1227 2144 de
1253 2095 1411 2145 Adult.

278 2161 352 2210 lta
390 2176 509 2211 sane
546 2169 636 2221 ast,
675 2162 930 2226 quipretio
959 2171 1158 2226 accepto
1175 2171 1260 2213 aut
1281 2178 1410 2213 mer·

277 2228 402 2277 cede
438 2237 574 2292 pacta
625 2229 913 2280 adulterium
963 2232 1123 2281 uxoris
1171 2246 1288 2280 suae
1335 2230 1411 2280 di-

279 2296 499 2357 miserat,
534 2298 640 2358 lege
661 2297 782 2346 Iulia
816 2300 1147 2360 coercebatur,
1183 2300 1296 2348 item
1329 2298 1410 2362 qui

281 2377 483 2413 uxorem
552 2365 780 2415 adulterii
841 2367 1100 2416 convictam
1158 2367 1411 2416 retinebat.

278 2434 383 2484 Sed
417 2434 465 2482 in
501 2448 610 2483 eum
661 2432 742 2496 qui
791 2434 1075 2483 adulterium
1125 2434 1412 2497 simpliciter

281 2502 574 2566 patiebatur,
611 2500 745 2549 nulla
783 2509 885 2550 erat
931 2516 1086 2564 poena
1136 2502 1410 2552 constituta.

279 2570 543 2631 „Ceterum
583 2568 665 2631 qui
702 2568 880 2631 patitur
917 2582 1112 2621 uxorem
1151 2584 1285 2618 suam
1324 2570 1408 2618 de-

279 2607 502 2704 itaquae
540 2634 995 2714 matrimoniumque
1031 2651 1171 2686 suum
1193 2645 1409 2687 contem-

276 2705 374 2765 nit,
408 2705 586 2767 quique
624 2703 1027 2754 contaminatione
1063 2720 1159 2754 non
1190 2704 1411 2767 indigna-

284 2780 383 2829 tur,
417 2785 572 2834 poena
608 2771 877 2820 adulterum
913 2787 1007 2820 non
1033 2772 1297 2834 infligitur“
1335 2773 1410 2821 in-

288 2840 396 2904 quit
431 2839 659 2905 Ulpianus
693 2839 740 2887 d.
769 2839 800 2888 1.
839 2837 892 2903 ξ
913 2838 962 2889 3.
998 2840 1056 2889 ad
1094 2841 1186 2902 leg.
1225 2839 1313 2889 lul.
1352 2839 1411 2889 de

286 2905 451 2957 Adutt.
489 2899 712 2965 (Herald.)

362 2991 405 3023 c.
459 2973 623 3023 Graeci
673 2975 911 3033 Socratis]
968 2974 1162 3025 Certum
1216 2974 1408 3037 quidem

279 3050 361 3092 est
391 3041 637 3090 Socratem
687 3042 809 3091 duas
845 3042 987 3091 simul
1027 3043 1254 3091 habuisse
1291 3056 1410 3091 uxo·

276 3124 383 3168 res,
418 3109 721 3173 Xanthippen
755 3110 989 3169 videlicet,
1026 3119 1073 3159 et
1089 3110 1410 3173 Myrrhouem

273 3177 502 3230 Aristidis
561 3177 808 3226 cuiusdam
863 3177 1010 3226 liliam
1070 3178 1139 3226 vel
1196 3193 1250 3227 ex
1311 3177 1408 3225 filia

272 3246 670 3362 {symm
687 3245 1245 3376 ⁸3255„Jg'⁰3t¹;fil¹¹3
1269 3245 1406 3361 ῗὲξ

374 3350 388 3373 ,
926 3349 936 3360 .
1046 3351 1056 3361 .
1182 3349 1193 3362 .
1245 3349 1255 3360 .
1374 3349 1407 3372 .,

271 3381 470 3430 Laertio
525 3380 609 3428 lib.
647 3380 745 3429 xlt.
796 3382 844 3430 in
892 3381 990 3430 Vita
1040 3382 1177 3429 Socr.
1216 3377 1265 3443 ξ.
1304 3379 1406 3442 26.,

267 3448 537 3499 Plutarcho
577 3448 622 3496 iu
663 3448 760 3496 Vita
796 3448 987 3497 Aristid.
1025 3462 1073 3511 p.
1091 3447 1226 3506 335„
1293 3448 1406 3496 Hie-

267 3530 483 3578 ronymo
523 3515 605 3565 lib.
640 3514 699 3564 ΙΙ.
737 3515 838 3563 adv.
878 3517 1022 3565 lovin.
1059 3514 1258 3578 p.190..
1314 3515 1405 3578 Cy-

267 3583 392 3634 rino
432 3583 514 3631 lib.
543 3584 614 3631 vl.
650 3583 753 3631 adv.
790 3583 960 3632 Iulian.
997 3598 1046 3646 p.
1077 3581 1188 3632 186.
1239 3590 1285 3631 et
1321 3582 1403 3630 lib.

266 3652 374 3701 Vll.
412 3666 462 3714 p.
477 3649 611 3706 226„
649 3651 955 3700 Theodoreto
994 3658 1108 3700 tom.
1136 3651 1210 3699 lv.
1248 3650 1404 3698 Serm.

267 3719 379 3770 ΧΠ.
429 3719 489 3767 de
527 3718 690 3767 virtut.
727 3721 822 3766 Act.
863 3733 908 3780 p.
931 3717 1046 3768 673.
1098 3718 1405 3767 demonstra·

265 3796 386 3843 tur,
441 3800 497 3835 eo
548 3785 751 3849 probatu
802 3785 1048 3834 difficilius
1085 3796 1185 3846 est,
1245 3794 1402 3838 utrum

267 3855 530 3913 Socrates,
584 3867 680 3902 non
729 3868 871 3902 secus
919 3868 974 3902 ac
1011 3853 1147 3912 Cato,
1205 3867 1403 3902 uxorem

265 3936 418 3972 suam
457 3935 565 3970 cum
604 3920 773 3970 amicis
809 3920 911 3969 suis
945 3935 1111 3970 revera
1132 3921 1403 3970 commuui-

267 3991 470 4039 eaverit.
541 3987 654 4037 Vide
700 3995 858 4037 autem
908 3997 1064 4038 utrum
1116 3989 1175 4038 ad
1212 3988 1406 4038 solvens

266 4058 393 4108 dum
431 4057 633 4106 huiusce
669 4055 964 4105 difficultatis
1001 4056 1180 4105 nodum
1218 4071 1274 4104 ea
1295 4056 1403 4105 suf·

263 4125 440 4178 nciam
500 4129 625 4188 qua‘e
682 4123 889 4186 cyrillus
941 4123 1297 4174 Alexandrinus
1358 4130 1405 4172 et

266 4193 616 4244 Theodoretus
651 4191 968 4246 tradiderunt
1019 4192 1209 4241 ductam
1248 4206 1273 4240 a
1309 4191 1402 4240 So-

179 4269 198 4282 ·
263 4268 408 4312 crate
443 4260 750 4322 Xanthippen
784 4254 1108 4324 κοινοτέραν
1138 4272 1272 4313 πως,
1311 4258 1403 4307 ali—

263 4329 469 4394 quando
507 4326 839 4388 vulgatiorem,
883 4342 990 4376 cum
1029 4343 1150 4390 qua
1159 4328 1282 4377 clam
1321 4326 1404 4377 ille

263 4409 568 4457 congressas
603 4394 941 4458 Lamproclem
986 4394 1137 4443 fllium
1173 4393 1403 4456 suscepit.

259 4464 396 4525 (Nic.
439 4464 484 4513 le
518 4459 748 4526 Nourry.)
821 4462 958 4521 Quod
1007 4462 1231 4512 Socrates
1283 4461 1404 4510 duas

235 4545 367 4586 anna
403 4545 582 4581 uxores
622 4529 845 4579 habuerit
896 4522 1021 4578 {nina
1061 4531 1262 4579 mendax
1298 4529 1404 4589 l'uit,

259 4599 646 4698 &sunderat
693 4595 792 4647 iam
838 4598 1099 4674 antiquitus
1133 4598 1403 4660 Panaetius,

1517 818 1641 859 teste
1679 810 1933 860 Plutarcho
1970 811 2018 860 in
2036 811 2239 861 Aristide
2275 827 2321 875 p.
2336 809 2453 861 335.
2493 812 2546 863 C.
2599 816 2646 863 et

1517 879 1761 927 Athenaeo
1798 879 1922 929 xm.
1959 894 2006 943 p.
2023 878 2138 929 556.
2174 881 2225 929 A.
2294 879 2406 928 vide
2430 879 2466 928 l.
2488 880 2644 931 Luzac

1518 945 1577 994 de
1612 945 1826 1008 Digamia
1874 947 2087 1005 Socratis
2135 947 2203 1004 (in
2252 947 2399 995 Lectt.
2435 949 2525 998 Att.
2563 948 2639 998 ed.

1517 1013 1553 1062 1.
1592 1012 1649 1062 0.
1687 1013 1883 1063 Sluiter.
1932 1012 2020 1063 LB.
2063 1012 2231 1073 1809.)
2267 1013 2405 1077 p.54
2438 1030 2546 1079 sqq.
2595 1024 2643 1065 et

1517 1095 1642 1144 quos
1672 1082 1784 1131 citat
1820 1081 2129 1144 wyttenbacb
2155 1082 2213 1133 ad
2235 1082 2448 1131 Platonis
2464 1082 2640 1135 Phaed.

1514 1164 1562 1211 p.
1592 1147 1707 1198 326.
1783 1148 1858 1199 Cf.
1896 1149 2078 1211 Menag.
2115 1149 2176 1199 ad
2213 1149 2348 1212 Πίος.
2388 1148 2543 1198 Laert.
2584 1149 2642 1209 ll,

1518 1214 1584 1265 26
1607 1232 1680 1279 sq.
1753 1216 1980 1266 Fabulam
2020 1216 2276 1267 undeunde
2313 1223 2467 1267 ortam
2489 1217 2643 1281 ’post-

1519 1284 1715 1333 modum
1751 1285 1873 1335 adeo
1912 1292 2118 1344 auctam,
2170 1292 2223 1333 ut
2272 1298 2468 1334 uxorem
2505 1299 2641 1335 com-

1518 1352 1792 1401 municasse
1806 1352 1982 1401 alicnis
2002 1352 2227 1402 Socrates
2248 1352 2491 1403 diceretur
2513 1359 2641 1403 certe

1516 1416 1697 1483 aliquid
1737 1421 1926 1471 roboris
1964 1420 2153 1483 cepisse
2202 1420 2413 1469 arbitror
2448 1434 2501 1468 ex
2534 1434 2640 1469 ver-

1514 1487 1591 1536 bis
1641 1488 1744 1539 eius
1795 1488 1921 1551 apud
1961 1488 2207 1537 Platonem
2257 1488 2317 1537 de
2352 1487 2554 1551 Republ.
2593 1487 2639 1535 V.
2714 1528 2723 1537 .

1517 1553 1729 1618 p.·15·1.,
1778 1555 1859 1604 ubi
1913 1555 2203 1605 matrimonii
2251 1557 2643 1615 communionem

1517 1622 1837 1671 commendat.
1910 1623 1983 1672 Cl'.
2000 1622 2192 1673 Lucian.
2212 1622 2297 1671 vit.
2315 1626 2447 1671 Auct.
2471 1630 2587 1672 tom.
2604 1622 2640 1670 Ι.

1515 1705 1563 1754 p.
1589 1689 1707 1740 380.
1744 1690 1819 1740 ed.
1836 1689 2011 1743 Chric.
2084 1690 2239 1748 Quam
2276 1690 2490 1739 Socratis
2524 1702 2638 1739 sen-

1517 1757 1714 1807 tentiam
1775 1757 2024 1836 impugnat
2072 1757 2284 1807 Lactant:
2338 1756 2493 1807 instit.
2541 1757 2639 1806 Div.

1517 1826 1602 1885 ΙΙΙ,
1623 1826 1724 1884 21.,
1764 1833 1811 1873 et
1846 1816 2051 1875 Salvian.
2091 1825 2149 1874 de
2188 1826 2396 1875 Gubern.
2436 1825 2517 1874 Dei
2556 1826 2639 1873 lib.

1514 1893 1609 1941 vll.
1650 1908 1699 1956 p.
1720 1892 1832 1945 155.
1884 1894 1958 1942 ed.
1995 1894 2251 1952 Rittersh„
2315 1893 2451 1943 cuius
2498 1892 2641 1941 verba

1517 1960 1772 2011 adscribo:
1811 1961 2070 2021 „Uxorem,
2091 1961 2501 2023 iuquitSocrates,
2524 1973 2641 2023 pro-

1515 2029 1670 2091 priam
1709 2027 1871 2076 nullus
1910 2028 2099 2086 habeat,
2155 2028 2458 2081 matrimonia
2513 2029 2641 2076 enim

1516 2095 1702 2145 cunctis
1727 2095 1904 2145 debent
1929 2110 2037 2145 esse
2066 2096 2355 2144 communia.
2404 2095 2484 2145 Sic
2503 2109 2641 2144 nam·

1516 2177 1610 2227 que
1648 2163 1803 2213 maior
1840 2165 1929 2213 erit
1982 2164 2241 2213 eoncordia
2290 2163 2546 2222 civitatum,
2598 2162 2638 2210 si

1515 2244 1687 2280 omnes
1723 2231 1804 2280 viri
1842 2230 2033 2280 leminis
2069 2231 2174 2280 sine
2210 2231 2505 2279 discretione
2530 2244 2637 2278 om—

1515 2299 1657 2348 nibus
1718 2300 2026 2358 misceantur,
2095 2313 2266 2348 omnes
2318 2313 2370 2347 se
2432 2297 2639 2346 feminae

1515 2368 1741 2416 omuibus
1778 2367 1889 2415 viris
1937 2367 2043 2415 sine
2080 2366 2385 2416 distinctione
2418 2366 2638 2415 subster-

1514 2442 1647 2495 nant,
1704 2449 1760 2484 ac
1811 2435 1852 2482 si
1898 2435 2017 2483 fiant
2063 2449 2234 2483 omues
2281 2434 2367 2483 viri
2421 2434 2638 2483 omnium

1513 2502 1770 2551 mulierum
1823 2502 1999 2561 mariti,
2060 2516 2228 2551 omnes
2276 2501 2483 2551 feminae
2531 2514 2638 2565 qm·-

1514 2572 1646 2620 nium
1684 2570 1893 2619 vii-orum
1914 2582 2102 2619 uxores.
2109 2568 2141 2593 “
2212 2568 2451 2632 Numquid
2484 2569 2636 2617 ullum

1514 2637 1742 2702 umquam
1781 2645 1860 2688 aut
1895 2637 2226 2701 phreneticum
2253 2646 2334 2687 aut
2357 2637 2637 2686 daemonia-

1515 2720 1643 2770 cum,
1699 2706 1824 2754 varia
1874 2705 2169 2755 insaniarum
2223 2705 2331 2754 labe
2378 2705 2636 2760 furiosum

1515 2774 1610 2821 tale
1649 2772 1827 2835 aliquid
1865 2772 2077 2822 locutum
2127 2787 2237 2820 esse
2286 2739 2638 2831 cognovimus?

1516 2840 1584 2889 Tu
1625 2839 1762 2898 dicis,
1820 2841 2021 2887 maxime
2072 2839 2495 2903 philosophorum,
2548 2838 2639 2887 bae

1511 2907 1702 2956 ratione
1739 2920 1909 2954 omues
1944 2907 2070 2955 viros
2107 2920 2215 2970 esse
2253 2905 2465 2953 omnium
2492 2905 2634 2953 semi·
2708 2913 2735 2950 .·

1512 2988 1687 3025 narum
1709 2974 1907 3022 maritos
1940 2981 1986 3022 et
2017 2988 2185 3022 omnes
2204 2972 2410 3021 feminas
2431 2985 2539 3021 esse
2564 2972 2634 3021 vi·

1513 3055 1680 3092 rorum
1718 3042 1932 3090 omnium
1955 3055 2145 3099 uxores,
2184 3046 2230 3087 et
2265 3039 2480 3088 omnium
2518 3054 2634 3103 par-

1513 3110 1650 3159 vulos
1679 3122 1849 3159 omnes
1887 3109 2101 3157 omnium
2139 3105 2283 3156 lilios.
2337 3113 2391 3156 At
2420 3120 2506 3168 ego
2542 3106 2635 3156 bac
2740 3129 2751 3144 ·

1509 3177 1697 3226 ratione
1733 3176 1859 3232 dico,
1914 3189 2070 3240 neque
2107 3175 2258 3224 ullum
2296 3176 2446 3224 virum
2487 3173 2634 3224 ullius

1510 3246 1720 3296 feminae
1756 3245 1996 3304 maritum,
2028 3257 2183 3307 neque
2209 3243 2358 3293 ullam
2381 3239 2633 3292 mulierem

1510 3313 1659 3363 ullius
1722 3312 1923 3362 masculi
1977 3325 2190 3370 uxorem,
2256 3325 2417 3374 neque
2478 3299 2675 3368 ullum*

1509 3381 1687 3445 pignus
1720 3380 1867 3429 ullius
1906 3379 2119 3443 parentis
2155 3379 2323 3428 filium.
2380 3377 2466 3427 Ubi
2503 3376 2632 3428 euim

1508 3448 1786 3512 promiscua
1814 3449 1992 3508 omnia,
2031 3447 2191 3496 omnia
2212 3454 2259 3494 et
2279 3446 2481 3495 confusa
2502 3452 2631 3505 suut,

1509 3530 1653 3565 nemo
1691 3523 1764 3565 est
1800 3516 1879 3579 qui
1917 3530 2058 3564 suum
2108 3515 2265 3577 possit
2311 3513 2491 3576 aliquid
2528 3512 2632 3562 fin-

1508 3583 1686 3633 dicare.
1768 3583 1867 3633 Nec
1914 3583 2093 3632 suflicit
2144 3581 2521 3645 sapientissimo,
2581 3587 2635 3629 ut

1508 3651 1703 3714 quidam
1740 3651 1889 3710 aiunt,
1937 3649 2248 3714 philosopho,
2297 3649 2473 3697 docere
2520 3647 2629 3707 hoc,

1506 3719 1598 3769 nisi
1637 3719 1741 3781 ipse
1777 3719 1986 3767 fecisset.
2060 3718 2265 3766 Uxorem
2316 3715 2440 3764 enim
2491 3723 2630 3762 suam

1508 3786 1646 3835 alteri
1682 3785 1780 3834 viro
1819 3785 2043 3846 tradidit;
2095 3783 2280 3833 scilicet
2326 3782 2452 3830 sicut
2486 3781 2630 3832 etiam

1506 3854 1751 3903 Romanus
1788 3852 1924 3911 Cato,
1973 3853 2033 3904 id.
2069 3859 2143 3900 est
2177 3850 2299 3900 alius
2335 3848 2500 3898 ltaliae
2536 3847 2628 3899 So-

1508 3928 1682 3970 crates.
1752 3919 1879 3972 Ecot
1914 3933 2035 3983 quae
2072 3925 2182 3967 sunt
2220 3924 2269 3967 et
2306 3918 2547 3966 Romanae
2580 3922 2633 3966 οι
2734 3919 2749 3926 “

1505 3990 1685 4037 Atticae
1722 3987 1987 4065 sapientiae
2022 3982 2266 4049 exempla!
2323 3985 2504 4034 Omnes

1507 4056 1637 4105 uitus
1690 4055 1907 4114 maritoS,
1969 4061 2198 4122 quantum
2252 4054 2299 4102 in
2355 4053 2475 4117 ipsis
2524 3998 2631 4169 lg&

1506 4123 1710 4173 lenones
1747 4136 1947 4172 uxorum
1996 4136 2193 4172 suarum
2239 4136 2348 4170 esse
2383 4121 2583 4170 fecerun

1508 4191 1600 4241 Sed
1640 4190 1746 4240 vicit
1777 4199 1935 4239 tamen
1956 4189 2198 4250 Socrates,
2236 4190 2316 4252 qui
2355 4188 2416 4238 do
2452 4187 2542 4236 hac
2575 4199 2632 4236 re

1505 4258 1752 4308 etlibros
1801 4259 2031 4318 condidit,
2090 4265 2137 4307 et
2195 4257 2471 4306 memoriae·
2508 4255 2631 4304 haec

1505 4326 1730 4390 pudenda
1767 4323 2056 4376 mandavitst‘

1574 4393 1620 4443 d.
1657 4393 1857 4443 Romani
1895 4387 2115 4456 Catonis]
2152 4390 2434 4441 Plutarchus
2460 4389 2507 4437 in
2531 4383 2651 4436 Vita
2700 4429 2711 4444 ,

1508 4462 1676 4511 Caton.
1714 4461 1845 4512 Min.
1838 4473 1968 4524 pag.
1995 4460 2094 4509 770
2126 4473 2237 4522 sqq.
2285 4463 2450 4505 narrat
2496 4468 2551 4503 se
2600 4469 2630 4504 a

1506 4527 1721 4580 Thrasea
1776 4536 1823 4577 et
1873 4529 2001 4577 hunc
2047 4544 2073 4577 a
2106 4524 2348 4600 Munatio,
2412 4517 2631 4570 eiusdem

1503 4595 1705 4652 Gnosia
1740 4594 2091 4656 contubernali,
2138 4591 2386 4656 accepisse
2418 4588 2631 4640 Horten-
