3263 5311
424 631 538 692 Gap.
563 629 616 674 X.

655 445 780 512 324

1167 463 1367 514 QUINTI
1413 462 1673 508 sepum!
1720 462 2047 505 nonestus
2095 463 2500 524 Teutonum!-

823 613 1117 675 Efl'undite
1160 612 1276 674 iam
1321 612 1519 673 omnia
1547 630 1813 686 venena,
1857 614 2053 674 omnia
2085 613 2410 674 caluumiae
2447 611 2564 673 tela
2594 611 2838 692 infligite
2865 611 2998 678 huie

652 713 914 785 nomini,
980 732 1099 774 non
1145 712 1393 775 cessabo
1439 713 1588 775 ultra
1630 713 1954 793 repellere,
2018 723 2077 775 at
2130 713 2546 793 postmodum·
2605 712 3003 775 obtundentur

653 815 1027 895 expositione
1073 813 1255 876 totius
1301 823 1544 876 nostrae
1587 813 1954 894 disciplinae.
2061 814 2233 877 Nunc
2283 833 2425 875 vero
2484 815 2688 877 eadem
2744 815 2875 893 ipsa
2928 815 3003 876 de

652 922 863 980 nostro
907 934 1157 995 corpore
1202 916 1365 979 vulsa
1409 916 1470 977 in
1514 934 1622 977 vos
1668 916 2050 995 retorquebo,
2097 916 2299 977 eadem
2335 909 2575 978 vulnera
2603 915 2913 978 climinum
2943 916 3003 978 in

652 1016 824 1082 vobis
855 1017 1091 1079 defossa
1123 1017 1500 1086 monstrabo,
1531 1035 1652 1097 quo
1680 1016 2038 1079 ‘machaeris
2069 1015 2277 1079 vestris
2308 1017 3005 1097 admentationibusque*

655 1117 898 1179 cadatis·
987 1117 1106 1179 lam
1152 1118 1347 1197 primo
1392 1117 1550 1198 quod
1596 1118 1658 1179 in
1704 1136 1817 1179 nos
1859 1115 2117 1194 generali
2161 1119 2534 1179 accusatione
2578 1118 2862 1198 dirigitis,
2908 1118 3003 1179 di-

653 1218 910 1280 vortium
956 1218 1027 1279 ab
1073 1219 1359 1283 institutis
1404 1219 1730 1300 maiorum,
1779 1217 2150 1279 considerate
2197 1218 2373 1280 etiam
2418 1227 2593 1298 atque
2638 1219 2846 1284 etiam.
2891 1232 3010 1280 ne·

656 1318 964 1380 vobiscum
1009 1320 1515 1382 communicemus
1559 1319 1784 1380 crimen
1827 1319 2004 1381 istud.
2070 1319 2219 1381 Ecce
2263 1320 2419 1380 enim
2464 1338 2572 1398 per
2616 1320 2811 1380 omnia
2855 1320 3008 1381 vitae

654 1440 724 1483 ac
766 1419 1112 1501 disciplinae
1155 1429 1526 1502 corruptam,
1586 1420 1770 1484 immo
1827 1420 2077 1482 deletam
2132 1421 2192 1481 in
2238 1418 2405 1481 vobis
2450 1421 2856 1500 antiquitatem
2902 1440 3001 1482 re-

661 1540 978 1601 cognosco.
1048 1522 1130 1584 De
1173 1522 1403 1602 legibus
1447 1522 1683 1601 quidem
1728 1522 1846 1583 iam
1889 1539 2068 1601 supra
2099 1520 2317 1582 dictum
2350 1530 2467 1594 est,
2514 1521 2671 1600 quod
2702 1540 2801 1582 eas
2833 1522 3006 1606 novis

658 1623 733 1684 de
776 1622 873 1686 die
918 1623 1207 1684 consultis
1251 1622 1712 1702 constitutisque
1757 1621 2064 1684 obruistis,
2170 1621 2257 1682 De
2300 1621 2521 1700 reliqua
2565 1641 2706 1700 ¹vero
2751 1640 3006 1684 conver-

659 1722 952 1788 sationis*¹
994 1724 1286 1786 humanae
1328 1723 1719 1803 dispositione
1763 1723 1953 1802 palam
1998 1721 2317 1794 subiacet·,
2355 1731 2570 1801 quanta
2608 1744 2638 1785 a
2681 1723 3008 1788 maioribus

660 1823 1073 1896 mutaveritiss,
1120 1825 1310 1898 cultu,
1355 1824 1592 1898 habitu,
1658 1833 1976 1903 apparatu,
2032 1824 2281 1903 ipsoque
2323 1823 2512 1896 victu,
2576 1824 2824 1904 ipsoque
2870 1842 3009 1885 ser-

662 1942 876 1998 mone;
921 1943 1054 1986 nam
1099 1927 1415 2005 pristinum
1464 1933 1532 1988 ut
1572 1923 2215 2002 rancidum-relegatis
2291 1924 2544 1986 Exclusa
2585 1923 2805 2004 ubique
2847 1924 3011 1986 anti-

660 2026 855 2106 quitas
896 2027 959 2088 in
1006 2028 1290 2106 negotiis,
1346 2027 1409 2090 in
1454 2025 1699 2101 officiis;
1763 2034 1946 2088 totam
2004 2026 2409 2088 auctoritatem
2469 2025 2786 2088 maiorum.
2813 2034 3012 2088 vestra

660 2129 980 2192 auctoritas
1039 2129 1273 2191 deiecit.
1381 2128 1569 2201 Sane,
1634 2126 1793 2206 quod
1838 2127 2006 2187 vobis
2049 2127 2239 2206 magis
2293 2127 2517 2206 probro
2575 2135 2699 2200 est,
2754 2126 3013 2190 laudatis

658 2249 903 2310 semper
944 2236 1295 2302 vetustates,
1343 2238 1402 2290 et
1443 2228 1830 2290 nibilominus
1859 2229 2167 2289 recusatis,
2237 2228 2366 2300 Qua
2395 2227 2781 2306 perversitate
2808 2227 3013 2290 ’muta

662 2350 825 2394 vana
865 2329 1157 2392 maiorum
1203 2329 1356 2407 apud
1403 2348 1514 2390 vos
1557 2347 1940 2408 permanere,
1984 2328 2255 2407 ³probari
2301 2328 2844 2401 debuerunt,.cum
2883 2328 3009 2398 ⁴ea,

660 2451 814 2512 quae
854 2431 1154 2512 probatis,
1200 2428 1539 2493 recusetis?
1599 2430 1717 2492 Sed
1761 2437 1823 2491 et
1863 2429 2082 2509 ipsum¹
2107 2429 2265 2508 quod
2311 2429 2586 2491 videmini
2618 2447 2651 2489 a
2682 2428 3008 2490 maioribus

658 2532 975 2594 *traditum
1018 2529 1355 2592 fidelissime
1399 2530 1703 2592 custodire
1748 2538 1809 2590 et
1851 2530 2204 2604 defendere,
2263 2530 2354 2592 vel
2408 2548 2526 2609 quo
2571 2529 2825 2592 maxime
2867 2548 3009 2590 reos

802 2720 918 2783 Cap.
955 2720 1008 2768 X.
1085 2719 1127 2767 1.
1166 2719 1403 2769 macheu-is
1421 2719 1503 2769 Aa.
1575 2717 1812 2769 machinis
1837 2719 2158 2783 Gothosredus.
2233 2717 2277 2767 2.
2313 2725 2443 2767 tanta
2481 2732 2597 2768 vana
2637 2718 2872 2767 maiorum
2911 2733 3007 2781 eya.

658 2795 843 2839 taut.....
863 2788 1097 2837 maiorum
1145 2786 1329 2848 (Amuli.
1400 2796 1478 2835 tan
1506 2823 1572 2835 .....
1587 2786 1823 2834 maiorum
1869 2786 1970 2851 Αφ.
2059 2794 2186 2835 tanta
2237 2785 2395 2834 inania
2429 2799 2482 2848 γ.
2616 2785 2664 2835 3.
2716 2785 3009 2850 probarique

664 2857 987 2920 Gothofredus.
1092 2853 1142 2903 4.
1179 2868 1247 2923 ea
1271 2868 1395 2918 quae
1429 2852 1649 2917 probatis
1684 2855 1757 2903 ab.
1830 2851 2127 2916 eaqmbatis
2161 2855 2262 2918 Λφ.
2335 2868 2388 2901 ca
2426 2868 2550 2917 quae
2568 2854 2750 2903 ...batis
2782 2854 2868 2915 Δβ.
2960 2853 3007 2901 5.

662 2923 891 2975 traditnm
928 2922 1208 2972 fidelissime
1244 2924 1319 2973 ab.
1388 2921 1615 2977 traditum
1645 2921 1882 2971 .......sime
1917 2924 2020 2984 Αφ.
2057 2928 2099 2970 et
2132 2922 2218 2983 Αβ.

660 3071 757 3121 qua
796 3057 962 3107 Graeci
988 3048 1220 3112 ἓξαλλον.
1284 3055 1503 3116 malind,
1539 3054 1670 3119 quod
1706 3069 1786 3104 re-

666 3127 816 3175 tertur
841 3125 897 3173 ad
923 3124 1070 3181 aliud,
1108 3140 1133 3174 a
1171 3139 1266 3189 qno
1291 3132 1365 3173 est
1388 3123 1536 3181 aliud,
1575 3135 1627 3172 nt
1650 3122 1787 3181 dens,

665 3192 797 3242 aliud
834 3191 894 3239 ab
931 3192 1151 3241 bomine:
1189 3192 1355 3251 bomo,
1390 3191 1521 3241 aliud
1560 3206 1585 3239 a
1623 3192 1733 3240 deo.

735 3259 851 3321 Cap.
902 3259 955 3308 Χ.
1012 3259 1286 3308 Concordat
1331 3258 1630 3321 ⁴Apologetici
1682 3273 1788 3321 cap.

1890 3055 2167 3105 famulatam
2205 3055 2368 3104 videns
2405 3054 2769 3105 Pharisaeorum
2819 3054 3008 3119 eupidi-

1889 3130 2066 3181 tatem,
2103 3125 2346 3173 amentavit
2384 3125 2506 3173 banc
2539 3122 2862 3173 sententiam“
2898 3127 3013 3171 cett.

1887 3191 2154 3241 Admentum
2187 3190 2419 3253 praebent
2451 3189 2605 3239 Notae
2641 3190 2806 3239 Tiron.
2841 3205 2890 3254 p.
2925 3188 3010 3238 84.

1891 3265 1954 3317 et,
1993 3258 2039 3306 ni
2077 3255 2237 3315 fallor,
2283 3258 2423 3307 etiam
2463 3252 2809 3321 illa'corrupta
2845 3256 3010 3319 glossa

734 3407 779 3443 a.
799 3387 1133 3456 postmodnm]
1170 3392 1351 3455 Nempe
1372 3393 1420 3442 iu
1443 3392 1788 3456 Apologetico:

667 3459 729 3508 ibi
767 3459 895 3506 enim
932 3458 1220 3508 convertitur
1239 3459 1567 3509 Ter-tullianus
1601 3460 1660 3509 ad
1697 3460 1783 3507 de-

666 3527 1063 3575 monstrationem
1103 3526 1349 3588 religionis
1379 3527 1699 3587 Christianae,
1737 3532 1788 3575 ut

666 3594 872 3656 ipsemet
907 3602 1019 3655 post
1054 3592 1372 3644 retorsionem
1400 3594 1655 3643 criminum
1691 3594 1786 3643 tino

667 3675 771 3724 cap.
812 3659 890 3709 16.
946 3659 1188 3724 loquitur:
1236 3662 1406 3720 „Quae
1452 3662 1614 3713 omnia
1668 3675 1786 3711 cou-

665 3728 788 3777 versi
825 3729 919 3778 iam
956 3729 1015 3778 ad
1042 3729 1498 3779 demonstrationem
1536 3729 1786 3790 religionis

666 3804 861 3847 austrae
911 3795 1287 3861 repurgavimus.
1370 3797 1507 3855 Quod
1562 3795 1787 3856 colimus,

666 3865 785 3914 dena
823 3880 945 3914 nnus
982 3872 1089 3914 est‘·
1128 3871 1237 3914 cett.
1274 3864 1441 3928 ltaque
1469 3879 1629 3915 veram
1669 3864 1786 3914 divi-

667 3933 890 3991 nitatem,
928 3947 1068 3997 quam
1108 3931 1364 3982 Christiani
1401 3932 1596 3991 colunt,
1634 3941 1683 3981 et
1717 3933 1789 3982 sie

664 4006 840 4049 statum
888 3999 1137 4061 religionis
1190 4000 1397 4051 adstruit
1438 4015 1548 4064 cap.
1587 4000 1664 4051 17.
1707 3998 1784 4049 18.

670 4064 749 4115 19.
788 4065 868 4115 20.
907 4065 990 4116 21.
1028 4066 1109 4116 22.
1145 4065 1227 4116 23.
1264 4066 1344 4117 24.
1382 4067 1549 4119 Fidem
1579 4066 1788 4119 Christi-

664 4147 869 4181 anorum
907 4134 954 4182 in
981 4135 1225 4197 principes
1248 4136 1446 4199 exponit
1481 4133 1686 4198 cap.30.
1705 4133 1789 4184 31.

667 4199 748 4249 32.
790 4198 874 4251 33.
913 4199 993 4250 34.
1031 4200 1111 4251 35.
1148 4200 1232 4253 36.
1269 4202 1628 4262 Conventunm,
1665 4216 1788 4266 qnos

662 4266 925 4319 Christiani
981 4271 1187 4330 agitent,
1254 4271 1577 4321 innocentiam
1635 4269 1791 4335 aperit

664 4349 772 4398 cap.
811 4334 889 4386 39.
941 4337 1153 4395 Quorum
1191 4339 1406 4389 omnium
1444 4337 1561 4388 nibil
1598 4338 1692 4388 boc
1728 4338 1788 4387 li-

636 4402 799 4469 ,betto
839 4413 1063 4467 praestat.
1100 4406 1364 4465 (Gotbotr.)

737 4471 783 4519 b.
844 4468 1412 4538 admentationibusque]
1502 4472 1615 4537 Ipse
1677 4471 1789 4521 alibi

666 4532 863 4601 [Scorp.
903 4555 1006 4603 cap.
1032 4536 1101 4605 t.]
1137 4541 1381 4601 admontis,
1420 4541 1513 4591 boc
1547 4546 1622 4589 est
1659 4542 1790 4591 iacn-

666 4607 745 4654 tis.
782 4607 997 4667 (Rigalt.)
1042 4607 1245 4657 Verbum
1281 4615 1555 4661 omme-mre
1591 4614 1793 4670 usurpat

668 4671 997 4725 Tertullianus
1027 4674 1140 4725 Δάν.
1172 4673 1400 4726 Marcion.
1424 4672 1499 4736 lv,
1535 4672 1629 4724 3³:
1665 4673 1792 4737 „eni

1891 3325 2125 3375 Glossarii
2149 3326 2246 3375 vet.
2271 3326 2371 3375 Lat.
2399 3325 2701 3387 Amplouiani
2728 3339 2753 3373 a
2791 3338 2869 3373 me
2895 3323 3011 3373 editi

1891 3392 1940 3440 iu
1974 3390 2092 3441 lahu
2130 3392 2334 3442 etlilotz
2352 3393 2519 3442 Arcltiv
2557 3408 2600 3441 a.
2642 3391 2788 3442 1847.
2823 3406 2873 3456 p.
2893 3390 3013 3441 268.

1887 3472 1928 3507 v.
1969 3459 2094 3509 157:
2131 3460 2470 3521 „Admentum,
2505 3459 2802 3510 adinventam
2839 3460 3018 3521 longae

1889 3528 2030 3577 etiam
2077 3526 2309 3577 consules
2368 3528 2700 3587 adiaciaut.“,
2755 3541 2900 3591 qnam
2945 3527 3016 3576 ita

1889 3594 2122 3643 emendo:
2169 3596 2662 3655 ‚,Adiumeatum,
2713 3595 3014 3649 adiuvamen.
3059 3612 3066 3619 ·

1887 3663 2256 3722 Amnestum,
2295 3661 2499 3712 lonchaa
2535 3662 2742 3724 ligamen
2770 3676 2867 3726 quo
2892 3662 3018 3710 mis-

1885 3730 1996 3777 silia
2034 3729 2261 3779 iaciant.“
2313 3730 2446 3779 idem
2484 3730 2782 3781 Glossarium
2820 3744 2869 3794 p.
2894 3727 3017 3779 269.

1887 3811 1925 3844 v.
1967 3795 2084 3847 243.
2121 3797 2291 3847 babet:
2340 3800 2678 3861 ‚minuentem
2718 3797 2925 3860 ligamen
2963 3796 3017 3847 in

1890 3863 2132 3913 missile.“

1957 3947 1997 3982 c.
2037 3926 2121 3995 ne]
2158 3930 2225 3981 De
2255 3932 2349 3982 boc
2381 3946 2439 3981 ne
2473 3931 2808 3980 dubitativum.
2848 3915 3022 3980 adnoC

1888 3998 1948 4048 ad
1984 3998 2183 4062 Apolog.
2224 4013 2329 4061 cap.
2366 3998 2416 4053 2.

1955 4066 2003 4115 d.
2038 4063 2445 4129 conversationis]
2515 4064 2587 4116 ct.
2637 4064 2799 4115 adnot.
2848 4062 2909 4115 ad
2945 4063 3019 4114 De

1891 4132 2013 4183 ldol.
2051 4149 2156 4197 cap.
2194 4132 2296 4191 2⁰„
2331 4142 2380 4182 et
2413 4135 2473 4182 de
2510 4148 2564 4182 re
2597 4130 2801 4197 Apolog.
2840 4131 3060 4212 capti..

1958 4216 2003 4251 e.
2042 4202 2201 4265 palam
2238 4196 2479 4267 subiacet]
2515 4197 2773 4268 φανεραῖς
2800 4191 3024 4248 ἐποκει-

1891 4281 1983 4318 ται
2019 4270 2049 4318 i.
2087 4285 2129 4319 e.
2164 4268 2324 4333 palam
2361 4277 2464 4331 est3
2499 4277 2554 4319 ut
2579 4268 2781 4333 Apolog.
2809 4266 3022 4333 cap.15.

1892 4336 2142 4399 „intellegi
2179 4335 2444 4388 subincet.“
2477 4337 2739 4395 (Gothot'r.)

1962 4406 1993 4454 1.
2032 4410 2206 4468 quanta
2243 4419 2270 4452 a
2308 4404 2572 4453 maioribus
2609 4396 2926 4467 mutaveritis]
2965 4400 3024 4451 h.

1891 4487 1935 4521 a.
1972 4480 2091 4536 quot
2123 4486 2203 4521 res
2239 4472 2300 4521 ita
2353 4470 2643 4523 mutaveritis
2697 4478 2748 4519 ut
2795 4484 2822 4521 a
2861 4469 3026 4519 maio·
3075 4486 3084 4505 ν

1891 4554 1998 4593 rum
2037 4539 2266 4590 institutis
2302 4538 2446 4601 plane
2482 4539 2576 4591 iam
2611 4538 2850 4588 differant.
2889 4535 3022 4588 cett.

1891 4607 1948 4657 N.
1997 4606 2050 4655 Α.
2101 4607 2158 4666 tl,
2197 4603 2262 4657 23
2310 4607 2585 4666 „Quantam
2636 4612 2815 4656 nutare
2848 4620 2880 4654 n
2917 4602 3028 4655 Μο-

1891 4674 2072 4727 nauare
2108 4673 2349 4727 Caecilius
2383 4673 2512 4727 viana
2546 4671 2674 4723 est-‘⁸
