3263 5311
1058 475 1134 518 os
1179 472 1509 519 vmcimsus
1553 474 1854 518 munais.
2508 458 2627 525 891

275 624 551 688 feminini
607 624 1003 687 ”nominat-it.
1103 624 1377 704 Alioquin
1432 642 1552 686 non
1607 623 1791 686 Adam
1848 623 2164 687 relicturus
2226 632 2350 686 erat
2402 636 2632 707 patrem

279 730 347 787 ot
386 734 665 800 matrem,
709 743 866 807 quos
909 744 1029 787 non
1072 725 1354 800 habebat,
1397 732 1647 806 propter
1688 725 1889 788 Evam.
1967 725 2125 805 Ergo
2169 743 2290 787 non
2334 726 2406 788 ad
2451 727 2632 790 Evam

277 826 573 908 pertinet,
618 827 754 907 quia
796 844 914 888 nec
951 826 1025 888 ad
1068 826 1283 900 Adam,
1328 824 1488 906 quod
1529 827 1879 908 prophetice
1922 826 2143 889 dictum
2189 833 2302 888 est.
2368 826 2455 888 De
2496 846 2628 890 ma-

275 927 535 990 ritorum
578 929 738 990 enim
782 927 1136 990 condicione
1189 927 1636 1007 ”praedictum,
1692 929 1791 1008 qui
1849 924 1927 989 ob
1982 926 2293 990 mulierem
2349 938 2628 1008 parentes

277 1042 432 1091 suos
476 1037 645 1091 erant
685 1029 979 1101 relicturi,
1026 1024 1185 1108 quod
1230 1029 1291 1090 in
1325 1029 1502 1091 Evam
1546 1029 1759 1092 cadere
1802 1046 1923 1091 nou
1964 1029 2189 1109 potuit,
2235 1029 2368 1108 quia
2416 1048 2526 1091 nec
2570 1030 2630 1092 iu

277 1128 487 1192 Adam.
593 1130 658 1192 si
714 1130 796 1192 ita
845 1148 948 1192 res
1005 1137 1130 1203 est,
1195 1138 1442 1210 apparet
1492 1146 1613 1193 non
1666 1138 1918 1211 propter
1960 1130 2279 1192 “nitur-um
2324 1130 2629 1194 mulierem

279 1230 791 1310 cognominatam,
837 1232 909 1292 ad
955 1248 1129 1311 quam
1175 1232 1438 1293 futurum
1481 1250 1603 1293 non
1630 1231 1986 1312 pertinebat.
2053 1232 2141 1293 Eo
2171 1232 2423 1305 accedit,
2470 1232 2630 1313 quod

275 1332 414 1413 ipse
455 1333 748 1394 rationem
795 1333 922 1395 eius
966 1332 1225 1394 nominis
1270 1331 1470 1394 edidit.
1580 1332 1729 1394 Cum
1774 1333 1932 1394 enim
1976 1332 2254 1406 dixisset,
2312 1332 2632 1395 Vocabitur

277 1433 585 1508 ”mulien
651 1433 947 1507 Quoniam
992 1451 1062 1494 ex
1107 1432 1236 1495 viro
1283 1452 1395 1494 suo
1442 1440 1679 1513 sumpta
1724 1442 1850 1508 est,
1928 1433 2098 1506 '‘ait,
2157 1441 2217 1495 et
2259 1434 2395 1513 ipso
2440 1434 2631 1496 adbuc

272 1534 526 1614 virgine.
615 1534 734 1596 Sed
779 1534 1043 1596 dicemus
1088 1542 1148 1595 et
1188 1534 1263 1595 de
1303 1534 1412 1595 viri
1457 1535 1701 1595 nomine
1758 1553 1885 1596 suo·
1926 1534 2083 1596 loco.
2191 1534 2377 1611 Nemo
2431 1534 2631 1616 itaque

273 1652 499 1698 nomen
545 1636 622 1697 ad
663 1635 1037 1715 prophetiam
1080 1635 1534 1715 interpretetur,
1583 1636 1741 1714 quod
1786 1653 1857 1696 ex
1902 1635 2013 1697 alia
2057 1635 2487 1715 significatione
2517 1636 2627 1697 de-

277 1734 521 1798 ductum
567 1743 691 1809 est,
735 1736 1087 1815 praesertim
1132 1755 1264 1798 cum
1309 1744 1617 1816 appareat,
1673 1736 1774 1797 ubi
1819 1736 1893 1797 de
1936 1716 2161 1798 futuro*
2192 1755 2408 1798 nomen
2455 1756 2627 1799 acce-

273 1836 467 1917 perit,
510 1836 633 1898 illic
674 1838 924 1911 seilicet,
968 1837 1071 1898 ubi
1116 1837 1232 1899 Eva
1277 1836 1760 1916 cognominatur,
1820 1836 2123 1915 personali
2162 1835 2280 1898 iam
2324 1838 2630 1913 vocabulo,

275 1936 420 2017 quia
457 1938 726 1999 naturale
767 1946 1194 2018 praecesserat.
1250 1936 1314 1999 Si
1361 1939 1520 2000 cuim
1549 1937 1668 2000 Eva
1697 1945 1889 1999 mater
1918 1937 1960 1971 ¹¹
1974 1938 2292 1999 viventium
2323 1946 2448 2012 est,
2495 1957 2631 2001 ecee

279 2056 356 2101 ex
402 2040 601 2101 futuro
646 2038 1126 2119 cognominatur,
1172 2057 1308 2101 ecce
1350 2057 1503 2101 uxor
1532 2046 1592 2100 et
1621 2056 1744 2100 non
1774 2040 1943 2118 virgo
1973 2039 2442 2118 praenuntiatur.
2502 2036 2634 2102 Hoc

276 2139 400 2202 erit
438 2140 784 2203 vocabulum
828 2148 1155 2220 nupturae3
1220 2159 1292 2202 ex
1335 2147 1518 2220 nupta
1571 2140 1732 2201 enim
1788 2149 1997 2201 mater.
2105 2140 2191 2201 Ita
2242 2139 2341 2202 hic
2394 2156 2633 2220 quoque

269 2240 620 2303 'ostenditur
657 2260 783 2302 non
828 2240 903 2302 de
941 2242 1142 2303 tuturo
1187 2239 1499 2302 mulierem
1544 2247 1687 2301 tunc
1727 2240 2126 2311 nominatam,
2172 2258 2324 2319 quae
2351 2248 2629 2319 postmo-

274 2342 422 2405 uum
466 2351 774 2422 acceptura
819 2350 946 2403 erat
999 2343 1229 2403 futurae
1284 2341 1655 2404 condicionis
1710 2358 1854 2401 suae
1906 2358 2150 2401 nomen.
2247 2340 2632 2420 Responsum

277 2442 432 2506 eatis
477 2450 572 2505 est
614 2443 688 2504 ad
731 2443 885 2504 banc
922 2450 1176 2523 partem.

451 2544 999 2617 Videamus‘nunc,
1047 2543 1099 2604 si
1143 2554 1203 2605 et
1245 2542 1553 2624 apostolus
1600 2544 1851 2605 formam
1893 2541 2161 2605 vocabuli
2205 2543 2382 2605 istius
2415 2562 2632 2605 secun-
2671 2553 2872 2612 Cap-Vt·

277 2645 426 2708 dum
453 2645 737 2708 Genesim
783 2644 1122 2721 ¹observat,
1169 2638 1335 2708 sexu'i
1380 2644 1669 2725 deputans
1714 2642 1890 2721 illud,
1937 2644 2026 2708 sic
2057 2644 2366 2708 mulierem
2416 2663 2633 2708 vocans

273 2747 572 2828 virginem
615 2747 855 2809 Mariam
900 2747 1398 2826 quemadmodum
1445 2757 1503 2807 et
1547 2747 1799 2809 Genesis
1842 2747 2045 2809 Evam.
2133 2747 2415 2809 Scribens
2474 2748 2635 2810 enim

276 2848 357 2911 ad
413 2848 678 2922 Galatas,
743 2848 933 2922 Misit,
1001 2847 1218 2929 inquit,
1288 2849 1437 2909 deus
1495 2848 1678 2909 tilium
1735 2866 1911 2909 suum
1964 2849 2180 2910 factum
2238 2866 2309 2909 ex
2365 2847 2631 2922 muliere,
2660 2867 2898 2921 sativa:

275 2968 461 3030 quam
506 2951 705 3029 utique
749 2949 1035 3029 virginem
1080 2957 1315 3011 constat
1344 2948 1562 3022 fuisse,
1608 2949 1743 3010 licet
1772 2949 2005 3011 Hebion
2036 2948 2295 3012 resistat.
2355 2949 2634 3028 Agnosco

273 3058 347 3112 et
400 3051 670 3129 angelum
715 3050 1051 3112 Gabrielem
1108 3049 1181 3111 ad
1235 3049 1521 3128 virginem
1577 3050 1853 3112 missum.
1959 3050 2078 3112 Sed
2143 3068 2275 3111 cum
2339 3048 2639 3111 benedicit

275 3147 474 3222 illam,
523 3151 678 3213 inter
719 3151 1033 3225 mulieres,
1080 3169 1203 3212 non
1246 3150 1401 3212 inter
1430 3150 1689 3229 virgines
1720 3151 1993 3231 deputat:
2038 3149 2353 3213 Benedicta
2389 3158 2452 3212 tu
2480 3149 2637 3213 inter
2663 3171 2917 3225 Luc.1,2s.'

274 3251 586 3313 mulieres.
655 3251 888 3313 Sciebat
933 3261 993 3313 et
1034 3250 1276 3331 augelus
1321 3252 1627 3313 mulierem
1675 3252 1849 3313 etiam
1897 3251 2182 3330 virginem
2215 3251 2350 3313 dici.
2424 3251 2542 3313 Sed
2575 3260 2635 3314 et

275 3351 356 3415 ad
401 3351 547 3414 baec
590 3352 709 3414 duo
754 3352 1063 3433 ingeniose
1106 3352 1776 3432 quidam“respondisse
1820 3344 1938 3414 sibi
1981 3352 2143 3415 visus
2188 3361 2308 3427 est,
2354 3353 2634 3433 quoniam

275 3452 522 3534 quidem
567 3453 925 3532 desponsata
970 3461 1065 3515 est
1108 3454 1319 3526 Maria,
1381 3453 1604 3515 idcirco
1650 3462 1710 3514 et
1764 3453 1837 3515 ab
1880 3452 2087 3532 angelo
2133 3460 2194 3515 et
2236 3453 2308 3515 ab
2353 3455 2632 3535 apostolo

273 3552 592 3618 mulierem
621 3554 1080 3634 pronuntiatam.
1141 3553 1513 3635 Desponsata
1559 3553 1717 3616 enim
1761 3554 2199 3635 quodammodo
2232 3564 2437 3634 nupta.
2511 3555 2632 3617 Ta-

273 3673 422 3718 men
465 3656 626 3716 inter
667 3655 1106 3733 quodammodo
1153 3662 1214 3716 et
1253 3674 1460 3717 verum
1505 3656 1655 3717 satis
1690 3641 1997 3731 'interest,
2056 3656 2368 3718 duntaxat·
2412 3656 2529 3717 hoc
2570 3656 2630 3717 in

274 3757 440 3818 loco.
527 3755 675 3817 Nam
720 3756 858 3817 alibi
902 3756 983 3817 ita
1028 3775 1172 3817 sane
1227 3755 1563 3818 babendum
1621 3764 1735 3817 est.
1821 3755 1995 3818 Nunc
2042 3775 2217 3829 vero,
2282 3774 2404 3817 non
2461 3755 2634 3835 quasi

277 3859 402 3920 iam
446 3866 688 3936 nuptam
732 3857 1039 3918 mulierem
1070 3856 1311 3918 Mariam
1355 3855 1917 3938 pronuntiaverunt,
1962 3855 2070 3917 sed
2113 3855 2281 3934 quasi
2325 3854 2631 3918 nihilomi-

277 3976 399 4020 nus
445 3957 754 4031 feminam,
800 3957 1036 4019 etiamsi
1077 3975 1203 4018 non
1246 3975 1563 4038 sponsam,
1608 3956 1782 4036 quasi
1823 3956 1941 4017 boc
1972 3975 2005 4018 a
2034 3955 2364 4036 primordio
2396 3955 2633 4019 dictam.

273 4057 433 4121 lllud
479 4058 637 4119 enim
679 4058 1041 4137 praeiudicet
1073 4075 1333 4120 necesse
1375 4066 1468 4119 est
1511 4075 1544 4118 a
1587 4075 1706 4137 quo
1737 4058 1926 4118 forma
1958 4056 2286 4117 descendit.
2358 4056 2634 4120 Ceterum

276 4158 443 4239 quod
482 4156 817 4241 'pertineat
860 4158 933 4220 ad
977 4159 1098 4222 hoc
1136 4158 1487 4238 capitulum,
1543 4157 1597 4220 si
1654 4157 1752 4219 hic
1805 4157 2205 4238 desponsatae
2249 4158 2633 4238 adaequatur,

280 4343 366 4395 12.
405 4344 721 4394 nominaverit
753 4345 841 4395 ΑΒ.
965 4345 1043 4396 13.
1080 4345 1380 4409 praedictum
1429 4352 1503 4394 eat
1534 4344 1624 4395 ΑΒ.
1752 4343 1831 4395 14.
1880 4345 2088 4394 futuram
2122 4343 2211 4395 AB.
2331 4343 2410 4396 15.
2458 4342 2637 4395 mulier

278 4413 513 4477 quoniam
548 4413 756 4463 Ababa.
829 4412 1021 4472 mulier‚
1059 4413 1258 4474 addidit,
1296 4413 1531 4472 Quoniam
1570 4414 1636 4471 (1.,
1677 4411 1804 4461 Fulv.
1837 4412 2046 4462 Ursinus.
2154 4409 2234 4462 16.
2271 4412 2337 4461 ait
2372 4418 2419 4460 et
2453 4412 2528 4462 Fr.
2557 4412 2635 4461 Iu-

273 4482 405 4530 nius.
479 4487 527 4528 et
562 4480 878 4531 libi-iamnes.
988 4479 1065 4528 17.
1104 4481 1344 4529 inventum
1380 4480 1468 4530 AB.

420 4547 538 4610 Cap.
576 4546 649 4595 vt.
728 4547 769 4596 i.
808 4547 1033 4597 observat
1066 4547 1187 4597 ABG.
1258 4547 1481 4596 observet
1514 4546 1700 4610 reliqui.
1805 4543 1852 4595 2.
1889 4545 2097 4611 pertinet
2133 4545 2209 4595 Fr.
2240 4546 2413 4595 lunius.

221 4652 258 4682 ο
348 4679 467 4745 Cap.
502 4678 576 4729 Vl.
650 4694 693 4730 a.
734 4675 985 4746 duntaxat]
1024 4679 1332 4741 Praesertim,
1368 4681 1589 4732 maxime.
1644 4678 1696 4730 V.
1733 4679 1912 4730 aduott.
1958 4679 2017 4731 ad
2054 4679 2123 4731 De
2160 4678 2301 4730 Cultu
2337 4678 2470 4729 Fem.
2504 4677 2638 4741 R,3.
