3263 5311
596 421 722 485 742
1111 433 1318 486 oum-1⁴1
1366 430 1629 476 snm-nm
1670 425 2003 473 nonanus
2046 425 2440 470 τιιιτιιιιιιιιι

590 585 743 650 Num
789 595 851 646 et
891 601 1027 646 cum
1068 583 1203 646 ⁴‘tle
1244 582 1439 644 viduis
1483 587 1544 641 et
1585 578 1854 659 innuptis
1896 576 2168 650 definiit,
2235 575 2324 638 uti
2379 573 2635 647 nubant,
2705 574 2757 636 si
2804 591 2959 636 con-

593 688 787 750 tinere
829 701 955 747 non
995 691 1283 765 possunt,
1328 681 1465 762 quia
1508 679 1721 742 melius
1763 679 1804 710 ⁴¹
1822 679 1906 740 sit
1946 677 2175 740 nubere
2219 695 2398 757 quam
2439 676 2564 749 uri,
2618 693 2955 737 conversus

282 787 682 856 lcor.vtt,1o.ad
710 786 1011 848 ⁴²alteram
1043 784 1336 864 speciem,
1380 780 1593 861 Nuptis
1639 787 1835 843 autem
1865 779 2185 851 denuntio,
2232 777 2457 857 inquit,
2502 793 2624 837 non
2656 773 2961 854 ”quidem

597 907 744 969 ego,
809 886 918 947 sed
973 884 1274 946 dominus.
1349 882 1493 943 “lta
1551 880 1817 943 ostendit
1854 880 1985 941 “ex
2027 879 2419 941 translatione
2473 893 2772 957 personae
2818 894 2961 938 suae

595 989 719 1050 ⁴‘lin
763 985 1072 1048 dominum
1127 985 1187 1045 id
1246 983 1409 1064 quod
1465 1000 1643 1063 supra
1699 979 2021 1043 dixerat⁴⁷
2033 997 2155 1043 non
2211 998 2284 1040 ex
2336 977 2622 1040 ⁴‘domini
2674 996 2963 1058 persona,

597 1088 707 1152 sed
752 1106 822 1149 ex
855 1103 963 1148 sua
991 1086 1446 1166 pronuntiasse,
1492 1083 1705 1145 Melius
1733 1080 1889 1143 ⁴⁰est
1914 1081 2141 1142 nubere
2170 1097 2347 1159 quam
2375 1079 2491 1141 uri.
2548 1078 2720 1151 Quae
2750 1078 2961 1138 '’vox'’

594 1189 738 1252 licet
778 1188 854 1250 ad
898 1206 1003 1249 eos
1046 1185 1424 1266 pertineat⁸¹
1442 1184 1544 1264 qui
1589 1182 1781 1263 inupti
1826 1182 1918 1244 vel
1958 1181 2121 1243 vidui
2170 1199 2205 1241 a
2248 1180 2365 1242 fide
2408 1179 2960 1260 deprehenduntur,

599 1289 736 1369 quia
783 1296 979 1349 tamen
1026 1285 1297 1347 ”omnes
1344 1303 1472 1347 eam
1516 1284 1589 1345 ad
1634 1282 1898 1345 nubendi
1941 1282 2238 1344 licentiam
2270 1280 2738 1361 amplectuntur,
2788 1280 2962 1342 velim

596 1387 1016 1468 ”pertractare
1060 1387 1233 1467 quale
1273 1386 1500 1447 bonum
1547 1385 1824 1446 ostendat
1876 1382 2039 1462 quod
2093 1382 2304 1445 melius
2366 1390 2463 1444 est
2502 1399 2733 1463 poena,
2802 1382 2967 1461 quod

598 1495 726 1552 noti
766 1497 971 1569 potest
1010 1488 1197 1549 videri
1240 1488 1467 1550 bonum
1512 1485 1631 1547 nisi
1660 1485 1928 1565 pessimo
1960 1491 2398 1565 comparatum,
2442 1491 2513 1546 ut
2552 1482 2691 1544 ideo
2734 1481 2966 1544 bonum

602 1590 684 1653 sit
723 1590 981 1661 nubere,
1028 1589 1162 1668 quia
1208 1588 1472 1650 deterius
1516 1586 1655 1648 “sit
1694 1586 1922 1647 ardere.
1994 1586 2227 1647 Bonum
2255 1585 2335 1647 ita
2365 1594 2491 1658 est,
2537 1584 2590 1647 si
2618 1591 2971 1664 perseveret

601 1707 826 1752 nomen
869 1689 1174 1778 obtinens·
1196 1688 1324 1750 sine
1370 1687 1850 1767 comparatione,
1896 1704 2021 1748 non
2063 1686 2197 1749 dico
2240 1686 2411 1761 mali,
2457 1686 2566 1747 sed
2610 1685 2792 1747 etiam
2824 1685 2971 1747 boni

602 1789 880 1857 alterius,
925 1797 1024 1862 ut,
1070 1789 1185 1850 etsi
1212 1788 1374 1850 bono
1407 1787 1505 1849 alii
1535 1789 1967 1867 ¹⁵⁵comparamr
1995 1795 2056 1848 et
2084 1786 2200 1849 alio
2228 1786 2643 1860 adumbratur,
2674 1786 2965 1848 “nihilo-

600 1889 803 1953 minus
867 1896 1170 1950 remaneat
1221 1889 1339 1950 ⁸‘'in
1380 1873 1524 1949 boni
1568 1888 1831 1949 nomine.
1942 1886 2216 1950 Ceterum
2261 1887 2313 1949 si
2355 1905 2465 1968 per
2505 1887 2645 1949 mali
2690 1886 2965 1949 “condi-

602 1989 837 2053 cionem
896 1989 1123 2066 cogitur
1175 1988 1453 2053 ⁸‘bonum
1509 1988 1659 2063 dici,
1736 2007 1861 2050 non
1916 1996 2039 2050 tam
2090 1988 2319 2050 bonum
2371 1996 2466 2050 est
2528 2007 2707 2068 quam
2776 2008 2967 2070 genus

555 2141 562 2150 .
601 2089 742 2153 mali
784 2088 1118 2163 inferioris,
1166 2090 1327 2169 quod
1369 2109 1402 2151 a
1446 2089 1763 2170 superiore
1806 2090 1961 2152 malo
1988 2090 2427 2152 ”obscuratum
2462 2090 2535 2151 ad
2564 2107 2796 2152 nomen
2822 2089 2965 2151 boni

605 2188 946 2269 impellitur.
1052 2190 1288 2252 “Auser
1354 2191 1608 2272 denique
1680 2190 2094 2253 condicionem
2149 2191 2644 2271 comparationis,
2716 2199 2789 2252 ut
2845 2209 2966 2251 non

603 2290 859 2365 ‘'dicas,
903 2290 1112 2353 Melius
1159 2300 1255 2354 est
1295 2292 1523 2354 nubere
1577 2310 1754 2373 quam
1798 2292 1921 2367 uri,
1986 2300 2049 2353 et
2089 2309 2311 2373 quaero
2355 2310 2431 2353 an
2476 2290 2675 2354 dicere
2719 2292 2969 2366 audeus,

603 2392 817 2455 Melius
874 2402 969 2453 est
1022 2392 1281 2468 nubere,
1311 2445 1322 2460 ,
1354 2412 1477 2456 non
1533 2393 1800 2456 adiciens
1853 2392 2054 2472 “quid
2111 2393 2191 2454 sit
2245 2391 2305 2453 id
2360 2391 2520 2471 quod
2572 2391 2797 2453 melius
2854 2403 2970 2455 est.

599 2492 762 2571 Ergo
806 2493 965 2571 quod
1008 2511 1132 2555 non
1175 2494 1421 2568 meliuS,
1466 2495 1671 2574 utique
1714 2512 1826 2556 nec
1865 2494 2125 2569 bonnm,
2168 2493 2363 2574 “quia
2406 2492 2709 2555 abstulisti
2754 2501 2819 2555 et
2862 2512 2969 2555 re-

601 2593 845 2658 movisti
872 2594 1342 2661 “condicionem
1377 2595 1883 2678 comparationis,
1931 2614 2082 2675 quae
2126 2594 2271 2658 dum
2314 2594 2525 2658 melius
2569 2593 2719 2657 illud
2744 2592 2973 2669 ‘'facit,

600 2695 648 2730 ⁸⁷
658 2697 740 2759 ita
781 2695 1005 2758 bonum
1050 2696 1255 2759 haberi
1301 2697 1478 2777 cogit.
1559 2698 1771 2760 Melius
1814 2697 1972 2758 “est
2027 2696 2255 2758 nubere
2297 2716 2472 2778 quam
2514 2697 2609 2759 uri
2658 2697 2749 2758 sic
2808 2697 2973 2759 acci-

590 2797 879 2880 piendum
923 2806 1046 2869 est,
1091 2798 1452 2879 ⁶⁰quomodo
1497 2799 1714 2860 melius
1760 2806 1857 2859 est
1885 2816 2007 2859 uno
2041 2797 2217 2860 oculo
2247 2816 2424 2878 quam
2453 2797 2692 2861 duobus
2723 2815 2969 2859 carere:

593 2950 680 3001 40.
719 2951 780 3001 de
814 2950 968 3001 viduis
1005 2959 1053 3001 et
1087 2953 1301 3015 innuptis
1338 2953 1522 3003 definiit
1557 2951 1786 3011 (delinivit
1822 2952 1944 3012 abc.)
1979 2952 2151 3002 Aabcd.
2241 2951 2489 3001 debuisset
2535 2950 2755 3014 innuptis
2793 2953 2973 3003 delini·

595 3020 662 3068 vit
696 3019 789 3069 BD.
894 3019 977 3070 41.
1014 3020 1077 3068 sit
1114 3020 1295 3069 nubere
1332 3021 1416 3070 Ad.
1488 3027 1561 3068 est
1596 3020 1709 3069 nubi
1747 3019 1899 3069 BDob.
1988 3026 2063 3067 est
2099 3018 2282 3068 nubere
2320 3034 2358 3069 c.
2475 3017 2559 3068 42.
2596 3018 2743 3067 ali-m
2784 3020 2970 3071 BDube.

595 3085 683 3138 43.
721 3087 915 3150 quidem
951 3102 1040 3137 om.
1077 3086 1255 3137 BDabc.
1360 3087 1442 3138 44.
1480 3088 1576 3137 Ista
1610 3084 1709 3148 Αβ.
1830 3087 1913 3136 45.
1952 3100 2007 3136 ex
2042 3086 2360 3137 translatione
2393 3087 2444 3136 A.
2527 3099 2583 3134 ex
2618 3085 2885 3137 tralatione
2922 3090 2971 3137 d.

599 3162 732 3205 extra
770 3156 1005 3204 rationem
1041 3155 1231 3219 reliqui.
1309 3152 1392 3204 46.
1430 3156 1480 3203 io
1517 3156 1767 3204 domiuum
1804 3154 1852 3203 id
1888 3155 1936 3204 d.
2007 3154 2055 3203 in
2077 3153 2220 3203 deum
2243 3162 2291 3204 et
2318 3154 2409 3204 BD.
2483 3152 2736 3203 domiuum
2778 3163 2830 3204 et
2864 3158 2970 3205 abc.

599 3223 650 3273 in
687 3213 791 3271 ιΙιῖο
829 3222 960 3271 inxit.
1028 3222 1114 3272 Pro
1153 3223 1336 3271 dixerat
1383 3224 1435 3271 ιἰι
1469 3227 1520 3272 A.
1557 3229 1625 3271 est
1662 3222 1898 3270 dixerant.
2003 3221 2086 3270 47.
2126 3223 2170 3271 id
2210 3235 2307 3271 nou
2340 3221 2518 3271 BDabc.
2640 3220 2727 3271 48.
2781 3223 2973 3272 domiui

599 3304 813 3353 persona
839 3289 923 3339 Ad.
967 3303 1203 3351 ¹persona
1242 3290 1425 3339 domini
1464 3290 1652 3355 reliqui.
1734 3287 1816 3338 49.
1855 3303 1964 3338 esse
2000 3288 2116 3339 nubi
2140 3289 2292 3339 BDab.
2383 3287 2463 3337 50.
2501 3287 2725 3338 voluntas
2764 3288 2885 3340 licet
2918 3294 2973 3340 Δ.

602 3355 686 3406 51.
724 3358 805 3422 qui
842 3357 1028 3420 innupti
1065 3357 1220 3421 (nupti
1257 3359 1329 3415 A.)
1364 3357 1436 3408 vcl
1474 3358 1599 3407 vidui
1638 3372 1663 3405 a
1700 3357 1794 3405 lide
1830 3356 2276 3420 deprehenduntur,
2312 3355 2422 3419 quia
2458 3357 2544 3406 Aa.
2614 3357 2698 3421 qui
2734 3367 2855 3407 eunt
2892 3360 2975 3407 in·

599 3425 739 3488 nupti
774 3423 842 3472 vel
880 3424 1005 3473 vidui
1044 3440 1085 3475 c.
1155 3425 1235 3489 qui
1272 3433 1385 3475 suut
1420 3426 1554 3489 nupti
1593 3424 1665 3472 vel
1700 3424 1866 3473 viduae
1902 3424 2047 3485 (vidui
2077 3422 2141 3484 b.)
2190 3425 2271 3488 qui
2309 3423 2459 3474 BDub.
2546 3425 2626 3488 qui
2676 3434 2798 3475 sunt
2831 3426 2977 3490 nupti

601 3491 674 3541 vel
712 3491 895 3550 viduae,
933 3506 1042 3540 cum
1078 3493 1207 3541 Fulv.
1248 3493 1458 3542 Ursinus.
1560 3490 1640 3541 52.
1679 3505 1848 3541 omnes
1884 3505 1991 3540 eam
2029 3491 2086 3539 ad
2127 3491 2336 3541 nubendi
2374 3491 2615 3541 licentiam
2655 3493 2973 3557 amplectnn

598 3566 681 3609 tur
714 3558 799 3608 Aa.
867 3565 1029 3608 tumen
1068 3558 1279 3608 nubendi
1316 3559 1556 3609 licentiam
1593 3559 1953 3622 amplectuntur
1985 3558 2183 3625 reliqui,
2223 3566 2266 3609 et
2300 3558 2429 3608 fulv.
2469 3559 2692 3618 Ursinus,
2748 3564 2835 3625 qui
2866 3578 2979 3611 n·

597 3628 699 3676 vult
734 3624 1101 3689 amplectantur.
1186 3624 1267 3675 53.
1304 3635 1565 3676 retractare
1599 3627 1778 3677 Bchc.
1865 3627 1947 3676 54.
1987 3635 2063 3677 est
2097 3627 2285 3676 ardere.
2333 3626 2518 3675 Bonum
2556 3627 2619 3675 ita
2656 3634 2735 3676 est
2770 3631 2819 3678 si
2853 3644 2981 3692 per·

599 3700 790 3745 sereret
824 3707 1000 3744 nomen
1037 3695 1261 3744 obtinens
1299 3696 1345 3743 d.
1415 3696 1479 3744 sit
1512 3695 1554 3743 si
1591 3703 1869 3758 perseveret
1902 3708 2079 3744 nomen
2117 3695 2343 3757 optinens
2378 3699 2428 3743 A.
2517 3701 2591 3743 est
2627 3694 2827 3745 ardere.
2878 3696 2981 3745 no-

599 3775 718 3811 num
757 3761 819 3810 ita
856 3769 930 3810 est
965 3767 1033 3819 (et
1050 3761 1162 3820 BD)
1197 3762 1237 3809 si
1275 3776 1364 3825 per
1398 3777 1451 3811 se
1487 3776 1665 3811 nomen
1704 3762 1797 3812 hoc
1830 3761 2016 3812 obtinet
2048 3763 2234 3826 reliqui.
2317 3761 2397 3810 55.
2435 3769 2752 3825 comparatur
2789 3772 2839 3812 et
2874 3763 2979 3813 alio

601 3828 685 3890 (ab
722 3828 817 3879 alio
853 3829 1054 3888 BDabc.)
1090 3829 1404 3879 adumbratur
1437 3831 1653 3880 ABDabc.
1724 3837 2055 3893 comparatum
2093 3837 2140 3879 et
2177 3828 2272 3878 ulio
2310 3827 2646 3878 adumbratum
2684 3830 2983 3881 bassens-

597 3912 700 3947 ποι.
773 3905 1082 3961 comparetur
1118 3906 1166 3947 et
1200 3898 1258 3946 ab
1296 3897 1381 3947 illo
1418 3897 1731 3946 adumbretur
1765 3898 1895 3947 fulv.
1934 3898 2145 3947 Ursinus.
2244 3895 2326 3946 56.
2364 3896 2482 3946 nibil
2519 3898 2719 3946 omniuo
2759 3898 2815 3949 B.
2892 3899 2985 3948 57.

600 3965 656 4013 in
690 3964 805 4015 boni
840 3965 1036 4015 nomine
1068 3967 1241 4016 Aabcd.
1313 3965 1357 4014 id
1396 3965 1509 4015 boui
1546 3966 1756 4015 nominis
1793 3964 1882 4015 BD.
1997 3964 2077 4014 58.
2116 3964 2428 4014 collationem
2465 3964 2643 4014 BDubc.
2752 3965 2838 4016 59.
2882 3967 2989 4015 bo-

603 4045 720 4082 num
758 4033 1043 4084 om.BDobc.
1127 4033 1209 4083 60.
1247 4032 1580 4083 obsturbstum
1617 4033 1669 4081 B.
1754 4031 1833 4081 61.
1872 4032 2019 4082 Aufer
2053 4031 2261 4097 denique
2299 4032 2624 4081 conditionem
2660 4032 2749 4082 Ad.
2824 4035 2989 4083 Aufer

601 4098 812 4163 denique
847 4100 1106 4149 dictionem
1145 4103 1245 4151 abc.
1316 4100 1663 4164 auferendique
1697 4100 1955 4149 dictionem
1992 4100 2365 4158 (condictionem
2401 4100 2455 4149 B.
2470 4116 2531 4150 ηι.
2554 4098 2668 4159 see.)
2703 4100 2802 4150 BD.
2894 4101 2985 4152 62.

602 4166 766 4217 discas
799 4164 897 4230 Δβ.
1005 4167 1086 4218 63.
1124 4169 1238 4232 quid
1276 4169 1338 4217 sit
1374 4169 1423 4217 id
1459 4169 1586 4233 quod
1624 4172 1741 4233 (quo
1780 4167 1901 4229 abc.)
1939 4168 2111 4218 melius
2149 4175 2235 4218 est.
2299 4169 2427 4230 Ergo
2465 4168 2592 4232 quod
2632 4182 2732 4217 nou
2774 4169 2983 4221 metius.

603 4235 770 4299 utique
805 4237 938 4285 obed.
1033 4235 1145 4300 quid
1183 4237 1247 4286 sit
1283 4237 1414 4295 neri,
1471 4235 1646 4285 melius
1683 4244 1757 4284 est
1791 4250 1906 4299 ergo
1944 4237 2067 4286 lieri.
2140 4235 2277 4295 Quod
2316 4250 2416 4285 non
2454 4236 2632 4285 melius
2668 4238 2842 4301 utique
2883 4238 2979 4286 BD.

602 4302 722 4365 quid
758 4303 822 4353 sit
855 4303 1031 4352 melius
1067 4304 1231 4368 utique
1265 4305 1316 4354 A.
1399 4303 1513 4368 quid
1550 4304 1613 4353 sit
1650 4304 1839 4353 melius.
1879 4304 2044 4368 ltaque
2081 4319 2171 4354 nec
2207 4305 2385 4353 bouum
2422 4303 2794 4354 Himera-dus.
2890 4304 2975 4353 64.

565 4398 578 4415 .
604 4371 689 4434 qui
725 4371 772 4421 A.
878 4369 960 4419 65.
1012 4370 1321 4421 indictionem
1360 4371 1412 4421 B.
1499 4371 1853 4421 condictionem
1901 4371 1951 4421 B.
1979 4388 2038 4422 m.
2065 4388 2154 4423 sec.
2238 4371 2518 4421 inditionem
2555 4371 2609 4420 D.
2700 4370 2969 4433 dictionem

603 4438 708 4487 ube.
794 4436 875 4495 66.
914 4438 1028 4487 iacit
1064 4439 1177 4499 ulio,
1214 4440 1276 4488 ita
1314 4441 1414 4490 abc.
1520 4438 1603 4488 67.
1642 4439 1706 4490 ita
1742 4440 1811 4501 (id
1847 4441 1976 4491 B.m.
1999 4440 2111 4499 sec.)
2148 4439 2313 4489 baberi
2350 4439 2443 4489 BD.
2546 4434 2629 4486 68.
2684 4451 2804 4488 esse
2850 4435 2975 4487 nubi

603 4503 786 4556 BDabc.
881 4505 965 4556 69.
1003 4520 1060 4556 ac
1095 4508 1136 4556 si
1173 4506 1348 4556 melius
1382 4506 1560 4558 DDabc.

680 4638 727 4687 b.
768 4639 901 4696 Quae
935 4638 1045 4706 vox]
1082 4639 1175 4691 Pro
1213 4655 1303 4691 vox
1337 4641 1385 4692 iu
1423 4641 1549 4693 libro
1571 4641 1813 4706 Agobnrdi
1850 4643 2027 4707 legitur
2058 4645 2288 4694 voluntas.
2339 4641 2408 4691 Ad
2443 4651 2643 4690 sensum
2679 4636 2751 4688 nil
2788 4637 2993 4687 differt.
