3263 5311
726 399 867 464 ⁷648
1257 414 1459 465 oum-rr
1503 414 1766 457 serrium
1807 413 2134 466 nonnitus
2179 414 2573 460 runruuum

741 585 917 646 quam
959 566 1190 646 utrique
1244 565 1431 645 parti,
1504 564 1559 628 si
1612 564 1756 645 quid
1813 563 2158 646 deliquerit,
2217 565 2615 647 poenitentiae
2664 565 3018 630 nenessitatem

738 666 1146 747 intellegamus
1176 665 1540 746 impendere.
1609 665 1955 729 Communis
1984 676 2183 732 reatus
2226 666 2534 730 amborum
2575 676 2698 742 est,
2737 667 3018 758 communis

739 777 801 832 et
854 768 1061 842 iudex,
1130 767 1279 829 deus
1338 767 1592 841 scilicet,
1658 767 1989 830 communis
2047 767 2224 849 igitur
2277 776 2338 831 et
2389 769 2778 850 paenitentiae
2809 768 3021 832 medela.

740 868 966 933 Exinde
1008 867 1330 949 'spiritalia
1382 877 1447 932 et
1486 868 1818 951 corporalia
1869 861 2312 945 nominantmu‘
2349 871 2510 951 qnod
2565 871 2829 934 delictum
2877 888 3022 932 omne

738 977 843 1032 aut
881 969 1073 1050 agitur
1115 977 1216 1031 aut
1257 970 1576 1050 cogitatur,
1641 979 1709 1033 ut
1763 971 2072 1051 corporale
2127 972 2209 1034 sit
2250 973 2413 1052 quod
2453 973 2516 1035 in
2558 974 2709 1036 facto
2751 980 2863 1047 est,
2913 971 3027 1051 quia

736 1072 985 1147 sactum,
1028 1079 1097 1133 ut
1138 1080 1387 1151 corpus,
1434 1079 1493 1135 et
1534 1071 1721 1134 videri
1766 1080 1827 1135 et
1867 1072 2127 1154 contingi
2170 1071 2406 1148 habet⁸‚
2451 1073 2715 1154 spiritale
2739 1091 2871 1134 vero
2896 1070 3025 1151 quod

735 1172 799 1236 in
841 1172 1041 1236 anitno
1084 1180 1213 1248 est,
1257 1173 1393 1253 quia
1437 1173 1682 1253 spiritus
1725 1190 1921 1254 neque
1963 1173 2193 1236 videtur
2233 1193 2427 1255 neque
2457 1181 2711 1237 tenetur.
2769 1174 2876 1238 Per
2899 1172 3028 1253 quod

737 1274 1104 1349 ostenditur,
1148 1292 1272 1336 non
1315 1274 1452 1337 sacti
1493 1275 1718 1350 solum,
1783 1294 1987 1338 verum
2030 1283 2091 1337 et
2132 1275 2443 1338 voluntatis
2489 1275 2704 1340 delicta
2740 1274 2948 1337 vitanda
2981 1281 3029 1335 et

734 1375 1089 1456 paenitentia
1143 1376 1445 1457 purganda
1500 1395 1659 1438 esse.
1768 1377 1973 1457 Neque
2028 1377 2215 1452 enim,
2281 1378 2335 1439 si
2388 1377 2767 1442 mediocritas
2816 1377 3031 1438 humana

736 1476 963 1540 ¹⁰facti·
1002 1477 1199 1539 solum
1243 1477 1494 1552 iudicat,
1540 1478 1676 1558 quia
1719 1478 2035 1554 voluntatis
2077 1479 2320 1541 latebris
2361 1496 2470 1559 par
2512 1497 2638 1541 non
2679 1487 2800 1553 est,
2843 1476 3028 1542 idcireo

728 1579 985 1641 crimina'
1022 1580 1151 1641 eius
1194 1579 1370 1642 etiam
1413 1580 1524 1642 sub
1569 1580 1682 1642 deo
1727 1580 2125 1660 neglegamus,
2231 1580 2392 1643 Deus
2454 1581 2517 1642 in
2570 1580 2774 1643 omnia
2833 1577 3032 1643 sufficit.

728 1679 891 1741 Nihil
933 1698 967 1741 a
1009 1688 1332 1761 conspectu
1387 1681 1516 1743 eius
1576 1689 1875 1743 remotum
1913 1680 2119 1746 =unde¹
2176 1682 2420 1744 omuino
2478 1682 2868 1763 delinquitur,
2923 1678 3035 1760 quia

731 1800 857 1843 non
898 1782 1131 1861 ignorat
1171 1799 1284 1844 nec
1324 1783 1576 1857 omittit,
1619 1783 1938 1864 quominus
1983 1784 2046 1845 in
2089 1783 2367 1847 iudicium
2399 1784 2701 1847 decernat.
2773 1782 3030 1847 Dissimu-

727 1882 883 1945 lator
925 1894 985 1945 et
1024 1884 1457 1965 praevaricator
1498 1885 1898 1965 perspicaciae
1935 1903 2086 1948 suae
2128 1903 2250 1947 non
2295 1894 2409 1947 est.
2518 1886 2713 1960 Quid,
2757 1884 2911 1967 quod
2945 1900 3032 1944 vo-

729 1984 927 2046 luntas
970 1985 1107 2047 facti
1149 1985 1317 2064 origo
1364 1984 1505 2047 est?
1592 1985 1854 2058 Viderint
1894 1986 2084 2062 enim,
2130 1987 2186 2068 si
2227 2006 2344 2068 que
2385 1987 2546 2050 casui
2588 1995 2695 2050 aut
2736 1980 3033 2051 neeoesiufi

730 2091 834 2147 aut
876 2083 1240 2164 ignorantiae
1282 2086 1676 2168 imputantur,
1721 2087 1938 2168 quibus
1984 2089 2244 2170 exceptis
2288 2089 2405 2150 iam
2449 2107 2596 2180 non·
2617 2089 2737 2151 nisi
2778 2087 3037 2151 voluntate

731 2184 1112 2266 delinquitur.
1199 2187 1346 2250 Cum
1389 2207 1533 2269 ergo
1575 2183 1714 2251 facti
1755 2189 1923 2270 origo
1968 2198 2059 2253 est
2071 2201 2118 2263 τ,
2183 2207 2308 2252 non
2352 2197 2514 2252 tanto
2555 2191 2765 2271 potior
2803 2189 2874 2251 ed
2910 2204 3032 2266 poe-

728 2305 869 2350 nam
923 2296 1046 2364 est,
1112 2298 1331 2368 quanto
1399 2290 1796 2371 ¹¹principalis
1853 2291 1928 2352 ad
1982 2291 2245 2371 culpam,
2310 2309 2462 2371 quae
2514 2309 2596 2353 ne
2650 2300 2796 2354 tunc
2835 2288 3038 2370 quidem

728 2388 1049 2463 liberatur,
1094 2409 1227 2452 cum
1270 2391 1462 2471 aliqua
1490 2392 1802 2455 difficultas
1831 2393 2334 2472 perpetrationem
2363 2393 2492 2455 eius
2522 2390 2872 2474 intercipit?
2927 2389 3037 2470 Ipsa

730 2489 892 2550 enim
936 2488 1048 2551 sibi
1093 2490 1445 2571 imputatur,
1504 2511 1616 2556 nec
1660 2493 1929 2556 excusari
1969 2495 2190 2573 poterit
2228 2513 2339 2575 per
2380 2494 2536 2556 illam
2579 2492 2924 2575 perficiendi
2960 2490 3038 2552 in·

728 2587 1064 2652 felicitatem
1077 2589 1126 2668 Β,
1171 2601 1413 2673 operata
1455 2595 1617 2675 quod
1662 2614 1836 2658 suum
1879 2597 2085 2659 fuerat.
2150 2594 2445 2678 Deniquei
2473 2597 2760 2659 dominus
2790 2589 3038 2677 quemad·

728 2693 973 2755 modum
1017 2713 1084 2756 se
1127 2694 1519 2758 adiectionem
1562 2695 1732 2778 ¹'legi
1776 2706 2191 2778 superstruere
2234 2698 2637 2774 demonstrat,
2699 2698 2817 2760 nisi
2859 2704 2916 2758 et
2949 2711 3038 2753 vo·

730 2791 973 2855 luntatis
1032 2793 1489 2859 ¹’interdicendo
1546 2798 1786 2872 delicta,
1854 2818 1987 2862 cum
2045 2800 2082 2831 ¹⁴
2095 2800 2421 2862 adulterum
2490 2818 2620 2862 non
2689 2818 2828 2862 eum
2878 2793 3042 2860 solum

731 2893 938 2957 definit
991 2895 1092 2976 qui
1117 2897 1417 2961 ,cominus
1471 2899 1533 2960 in
1591 2899 1847 2963 alienum
1901 2901 2340 2964 matrimonium
2396 2901 2804 2975 ¹³ceeidisset,
2869 2910 3040 2959 verum

733 2994 907 3058 etiam
950 2996 1112 3059 illum
1156 2998 1256 3080 qui
1299 3010 1574 3080 aspectus
1618 3002 2096 3083 concupiscentia
2139 3002 2656 3067 contaminasset?
2721 3002 2882 3066 Adeo
2911 2992 3043 3080 quod

729 3097 1079 3178 prohibetur
1104 3088 1559 3177 administrare,
1602 3104 1749 3167 satis
1791 3103 2122 3185 periculose
2163 3104 2394 3167 animus
2440 3103 2555 3166 sibi
2602 3096 3036 3186 repraesentat¹²2

731 3205 795 3259 et
834 3207 1064 3302 temere
1097 3220 1208 3281 per
1247 3201 1602 3266 voluntatem
1647 3205 1936 3286 expungit·
1967 3207 2240 3268 effectum
2253 3206 2293 3269 ¹.
2366 3205 2550 3269 Cuius
2585 3191 2907 3269 rolunmtis
2934 3214 3037 3264 cum

730 3299 817 3362 vis
861 3308 1018 3363 tanta
1062 3301 1170 3375 s’it‚
1217 3302 1336 3365 ¹⁸ut
1376 3322 1499 3366 non
1542 3306 1819 3368 solatium
1862 3308 1957 3370 sui
1999 3314 2270 3370 saturans
2316 3327 2426 3388 pro
2471 3308 2631 3370 facto
2677 3308 2915 3378 cedat·‚
2951 3315 3036 3381 pm

728 3450 782 3501 9.
816 3452 1083 3515 spiritualia
1118 3455 1224 3516 AB„
1259 3472 1344 3521 pro
1379 3473 1521 3508 more.
1628 3458 1707 3510 to.
1744 3458 1854 3510 sacti
1892 3460 1957 3523 d„
1996 3477 2055 3511 ex
2089 3463 2404 3512 emendatione
2439 3463 2633 3512 Latinii.
2727 3460 2867 3512 factis
2899 3455 3038 3508 Beate

730 3519 791 3569 de
826 3519 964 3570 fectis
996 3523 1048 3572 A.
1154 3522 1234 3573 11.
1271 3524 1623 3591 principalior-is
1659 3529 1711 3578 Α.
1817 3526 1897 3579 12.
1944 3528 2037 3590 legi
2091 3531 2157 3591 d„
2197 3531 2420 3579 Latinius.
2503 3530 2631 3592 legis
2679 3529 2889 3581 ABGobe.
2974 3518 3038 3598 ¹³5.

728 3586 1058 3638 intercidendo
1092 3590 1146 3639 B.
1253 3591 1332 3642 14.
1370 3592 1429 3643 ad
1463 3592 1684 3644 ultimum
1721 3610 1819 3645 non
1856 3597 1903 3647 G.
2010 3596 2089 3647 15.
2124 3597 2372 3647 incidisset
2404 3598 2457 3648 B.
2591 3597 2673 3648 16.
2713 3606 2769 3649 nt
2798 3594 2932 3655 ABG„
2974 3589 3040 3640 ⁸¹⁸⁸

726 3661 834 3706 eeu.
868 3656 995 3706 libri.
1064 3672 1150 3709 cur
1183 3661 1333 3721 abed„
1372 3676 1433 3711 ex
1465 3663 1728 3714 coniectura
1761 3664 1982 3715 Rherteni.

796 3757 844 3806 d.
897 3764 945 3806 et
987 3758 1135 3810 videri
1189 3768 1237 3810 et
1284 3762 1495 3826 contingi
1542 3760 1709 3832 habet]
1770 3765 1841 3815 De
1901 3782 1906 3787 ·
2010 3767 2053 3814 k.
2090 3766 2280 3816 animus
2307 3766 2398 3816 sibi
2426 3756 2882 3833 repraesentatque
2901 3761 3037 3812 3⁰8⁰·

728 3823 819 3875 bac
864 3834 1102 3877 structura
1153 3829 1284 3879 verbi
1331 3831 1513 3892 habere,
1570 3832 1613 3882 si
1664 3833 1841 3898 placet,
1881 3829 1887 3837 ’
1941 3833 2279 3898 gam.cap.10
2317 3835 2507 3894 „Habet
2541 3850 2716 3885 secum
2744 3832 2886 3885 animi
2913 3830 3037 3879 lieen-

726 3891 872 3942 adeas
920 3894 1081 3946 adnot.
1130 3897 1189 3947 ad
1236 3897 1303 3947 De
1337 3897 1465 3962 Fuga
1513 3900 1561 3948 in
1597 3899 1839 3951 Pei-secut.
1945 3903 2076 3961 tiam,
2113 3903 2193 3966 qni
2231 3902 2390 3951 omnia
2426 3903 2618 3953 homiui
2656 3918 2784 3968 qnae
2813 3913 2906 3951 uon
2923 3895 3037 3946 hebd

727 3974 835 4024 cap.
869 3960 946 4010 12.
1100 4004 1117 4013 -
1941 3969 2223 4032 imaginario
2260 3970 2415 4019 fructu
2452 3970 2852 4034 repraesentat-‘⁶

795 4042 839 4076 e.
875 4025 1011 4095 facti]
1046 4031 1240 4083 Scilicet
1261 4033 1453 4084 delicta.
1488 4035 1674 4086 Etenim
1697 4050 1838 4099 prae-
2011 4037 2044 4086 Ι.
2080 4037 2306 4102 expungit
2331 4038 2421 4088 effe
2472 4034 2601 4104 παι]
2640 4038 2710 4089 De
2733 4037 3035 4098 verboexpn·

727 4095 873 4174 cessit
905 4113 999 4147 non
1031 4102 1145 4162 [acti
1177 4103 1342 4163 solum,
1396 4118 1553 4152 verum
1598 4111 1642 4154 et
1674 4104 1839 4154 volun-
1938 4119 2043 4168 yere
2077 4120 2119 4156 v.
2154 4105 2316 4156 adnot.
2352 4105 2412 4155 ud
2447 4144 2460 4154 .
2486 4106 2659 4170 polog.
2697 4103 2904 4172 cap.35.

723 4167 836 4213 tatu
871 4165 1039 4215 delicta
1070 4169 1271 4217 vitanda.
2008 4186 2072 4223 m.
2109 4180 2161 4222 ut
2200 4188 2299 4223 nou
2334 4174 2564 4224 solatium
2603 4175 2685 4224 sni
2721 4182 2938 4224 saturans
2964 4179 3038 4231 pn

795 4230 830 4279 f.
866 4226 1016 4308 unde]
1050 4232 1205 4283 Malim
1240 4237 1501 4287 undeunde.
1939 4240 2065 4290 facto
2087 4236 2248 4307 cedat]
2285 4240 2387 4291 Hoc
2420 4247 2522 4292 est:
2561 4251 2620 4291 nt
2655 4252 2936 4307 quemqnam
2966 4246 3035 4282 ⁸⁰¹·

793 4310 838 4359 g.
876 4298 985 4348 tacti
1023 4301 1158 4362 origo
1195 4298 1291 4368 est]
1324 4303 1537 4354 Snbaudi
1573 4302 1801 4356 voluntas.
1940 4307 2106 4358 latium
2141 4310 2216 4358 sui
2253 4323 2349 4358 nou
2384 4317 2588 4369 saturet,
2628 4317 2794 4360 tumen
2820 4321 2906 4373 pro
2933 4304 3034 4354 ῐπῑ·

795 4365 842 4415 u.
886 4367 1166 4447 perficiendi
1209 4368 1561 4439 infelicitatem]
1611 4373 1834 4424 Frustra·
1936 4377 2091 4426 cedet.
2158 4376 2393 4427 Solatium
2429 4377 2699 4428 voluntatis
2745 4384 2820 4426 est
2849 4375 3033 4424 eneam

723 4434 923 4496 tionem,
958 4447 1203 4501 ατυχιαν.
1243 4438 1453 4501 (Rigalt.)
1938 4443 2102 4507 ltaque
2136 4443 2364 4494 solatium
2405 4445 2480 4495 sni
2516 4459 2620 4495 nou
2660 4452 2946 4495 saturantem
2975 4434 3030 4483 vd

790 4502 821 4552 i.
858 4501 1097 4568 Denique]
1134 4503 1189 4555 u.
1210 4519 1251 4555 e.
1279 4507 1455 4570 itaque,
1491 4508 1653 4570 igitur,
1691 4508 1835 4560 adeo.
1936 4511 2208 4576 explentem
2242 4511 2358 4563 dicit
2390 4512 2694 4565 voluntatem
2749 4527 2874 4577 qun
2899 4508 3033 4573 ipsun

721 4567 957 4647 {articula
994 4588 1052 4623 eo
1086 4586 1232 4626 sensu
1268 4573 1565 4625 Tertulliano
1618 4577 1835 4628 usitatis·
1936 4592 2114 4644 eorpus
2149 4579 2364 4633 nondum
2399 4581 2659 4631 moechiae
2680 4581 2852 4643 adegit.
2897 4572 3033 4636 Βῐέῑῑ·

720 4649 859 4687 sun·-
1935 4647 2058 4704 tius;
2112 4648 2240 4711 „Qui
2277 4649 2504 4699 seminam
2541 4663 2648 4700 non
2686 4662 2824 4700 sunm
2862 4645 3030 4710 aspect!
